<DATE>	<TIME>	<BID>	<ASK>	<LAST>	<VOLUME>	<FLAGS>
2025.08.05	00:03:30.827	0.86949	0.87114			6
2025.08.05	00:03:42.895		0.87117			4
2025.08.05	00:03:44.832	0.87000				2
2025.08.05	00:03:46.403		0.87135			4
2025.08.05	00:03:59.463	0.86994				2
2025.08.05	00:04:00.328	0.86994				2
2025.08.05	00:04:32.800		0.87120			4
2025.08.05	00:05:00.324	0.86994				2
2025.08.05	00:05:33.182		0.87120			4
2025.08.05	00:05:59.457	0.86995				2
2025.08.05	00:06:00.010	0.86995				2
2025.08.05	00:06:07.574		0.87137			4
2025.08.05	00:06:33.728		0.87136			4
2025.08.05	00:06:37.424		0.87186			4
2025.08.05	00:06:53.814		0.87175			4
2025.08.05	00:07:00.796	0.86995				2
2025.08.05	00:07:15.652	0.87012				2
2025.08.05	00:07:16.442	0.87013	0.87163			6
2025.08.05	00:07:27.075		0.87166			4
2025.08.05	00:07:35.539	0.87009				2
2025.08.05	00:07:37.502		0.87165			4
2025.08.05	00:07:41.635		0.87166			4
2025.08.05	00:07:47.423	0.87022	0.87164			6
2025.08.05	00:08:00.325	0.87022				2
2025.08.05	00:08:12.113	0.87018				2
2025.08.05	00:08:23.539	0.87012				2
2025.08.05	00:08:28.557	0.87018				2
2025.08.05	00:08:30.367		0.87152			4
2025.08.05	00:08:44.960	0.87024	0.87156			6
2025.08.05	00:09:00.003	0.87024				2
2025.08.05	00:09:00.328	0.87035				2
2025.08.05	00:09:02.733	0.87029				2
2025.08.05	00:09:03.739	0.87039				2
2025.08.05	00:09:04.732	0.87029				2
2025.08.05	00:09:11.443	0.87036				2
2025.08.05	00:09:51.669		0.87156			4
2025.08.05	00:10:00.315	0.87036	0.87145			6
2025.08.05	00:10:06.041	0.87037				2
2025.08.05	00:10:07.796		0.87144			4
2025.08.05	00:10:11.907	0.87072	0.87129			6
2025.08.05	00:11:00.134	0.87072				2
2025.08.05	00:11:05.278	0.87033	0.87155			6
2025.08.05	00:11:06.618	0.87047	0.87159			6
2025.08.05	00:11:06.929	0.87057	0.87149			6
2025.08.05	00:11:07.534	0.87072	0.87129			6
2025.08.05	00:11:08.459	0.87058	0.87148			6
2025.08.05	00:11:15.025	0.87072	0.87129			6
2025.08.05	00:11:15.931	0.87058	0.87148			6
2025.08.05	00:11:18.038	0.87059				2
2025.08.05	00:11:19.542	0.87058				2
2025.08.05	00:11:22.327	0.87074	0.87131			6
2025.08.05	00:11:23.252	0.87058	0.87148			6
2025.08.05	00:11:25.324	0.87063	0.87156			6
2025.08.05	00:11:29.588	0.87074	0.87131			6
2025.08.05	00:11:30.520	0.87063	0.87156			6
2025.08.05	00:11:36.982	0.87074	0.87131			6
2025.08.05	00:11:37.890	0.87063	0.87156			6
2025.08.05	00:11:38.738	0.87064				2
2025.08.05	00:11:46.898		0.87155			4
2025.08.05	00:11:52.862		0.87154			4
2025.08.05	00:12:00.325	0.87064				2
2025.08.05	00:12:03.899	0.87063	0.87155			6
2025.08.05	00:12:05.511	0.87064	0.87154			6
2025.08.05	00:12:08.621		0.87155			4
2025.08.05	00:12:14.456	0.87057	0.87161			6
2025.08.05	00:12:15.937		0.87162			4
2025.08.05	00:12:18.296	0.87058	0.87160			6
2025.08.05	00:12:18.698	0.87060	0.87159			6
2025.08.05	00:12:25.029	0.87063	0.87165			6
2025.08.05	00:12:26.740		0.87164			4
2025.08.05	00:12:30.736		0.87166			4
2025.08.05	00:12:36.351	0.87064				2
2025.08.05	00:12:39.939	0.87063				2
2025.08.05	00:12:40.786	0.87062				2
2025.08.05	00:12:44.390		0.87169			4
2025.08.05	00:12:45.195		0.87166			4
2025.08.05	00:12:52.367		0.87162			4
2025.08.05	00:13:00.326	0.87062				2
2025.08.05	00:13:00.942	0.87060	0.87156			6
2025.08.05	00:13:03.183	0.87056	0.87140			6
2025.08.05	00:13:04.650	0.87046	0.87138			6
2025.08.05	00:13:10.789	0.87003	0.87134			6
2025.08.05	00:13:11.956		0.87133			4
2025.08.05	00:13:14.741		0.87134			4
2025.08.05	00:13:15.629		0.87133			4
2025.08.05	00:13:16.640		0.87134			4
2025.08.05	00:13:17.714		0.87133			4
2025.08.05	00:13:18.705		0.87134			4
2025.08.05	00:13:20.711		0.87133			4
2025.08.05	00:13:21.705		0.87134			4
2025.08.05	00:13:23.708		0.87133			4
2025.08.05	00:13:24.704		0.87134			4
2025.08.05	00:13:32.280	0.86996	0.87131			6
2025.08.05	00:13:33.349		0.87130			4
2025.08.05	00:13:33.709		0.87127			4
2025.08.05	00:13:34.090		0.87128			4
2025.08.05	00:13:34.699		0.87130			4
2025.08.05	00:13:40.979		0.87131			4
2025.08.05	00:14:00.717	0.86996				2
2025.08.05	00:14:42.698		0.87131			4
2025.08.05	00:15:00.644	0.86996				2
2025.08.05	00:15:23.123	0.86990	0.87118			6
2025.08.05	00:16:00.194	0.86990				2
2025.08.05	00:16:16.485		0.87112			4
2025.08.05	00:16:16.838	0.86986				2
2025.08.05	00:17:01.845	0.86986				2
2025.08.05	00:17:16.842		0.87112			4
2025.08.05	00:18:00.358	0.86986				2
2025.08.05	00:18:16.860		0.87112			4
2025.08.05	00:18:19.702	0.86991	0.87113			6
2025.08.05	00:18:41.589	0.86990	0.87107			6
2025.08.05	00:19:01.450	0.86990				2
2025.08.05	00:19:08.650	0.86993	0.87113			6
2025.08.05	00:19:54.986		0.87112			4
2025.08.05	00:20:00.038	0.86993				2
2025.08.05	00:20:08.829	0.86989	0.87113			6
2025.08.05	00:20:49.632		0.87111			4
2025.08.05	00:21:00.324	0.86989				2
2025.08.05	00:21:36.889		0.87112			4
2025.08.05	00:21:37.217	0.86992				2
2025.08.05	00:21:51.061	0.87007	0.87113			6
2025.08.05	00:22:00.442	0.87007				2
2025.08.05	00:22:03.691	0.86984	0.87110			6
2025.08.05	00:22:57.561	0.87033	0.87140			6
2025.08.05	00:22:57.914		0.87139			4
2025.08.05	00:22:58.657		0.87140			4
2025.08.05	00:22:59.162		0.87141			4
2025.08.05	00:23:00.131	0.87033	0.87140			6
2025.08.05	00:23:03.057		0.87141			4
2025.08.05	00:23:04.931		0.87142			4
2025.08.05	00:23:05.444		0.87141			4
2025.08.05	00:23:15.977	0.87000	0.87139			6
2025.08.05	00:23:16.358		0.87140			4
2025.08.05	00:23:17.315		0.87141			4
2025.08.05	00:23:37.697	0.86989	0.87119			6
2025.08.05	00:24:00.288	0.86989				2
2025.08.05	00:24:38.047		0.87119			4
2025.08.05	00:24:52.500	0.87008	0.87148			6
2025.08.05	00:24:56.142	0.86989	0.87119			6
2025.08.05	00:25:00.215	0.86989				2
2025.08.05	00:25:56.442		0.87119			4
2025.08.05	00:26:01.598	0.86989				2
2025.08.05	00:26:02.689	0.87041	0.87135			6
2025.08.05	00:26:05.451		0.87127			4
2025.08.05	00:26:15.595		0.87126			4
2025.08.05	00:26:17.967	0.87049				2
2025.08.05	00:26:37.402		0.87128			4
2025.08.05	00:26:43.524		0.87115			4
2025.08.05	00:26:57.214	0.86993	0.87101			6
2025.08.05	00:27:02.834	0.86993				2
2025.08.05	00:27:09.430	0.87004	0.87121			6
2025.08.05	00:27:19.582	0.87021	0.87124			6
2025.08.05	00:27:29.837		0.87126			4
2025.08.05	00:27:41.966		0.87128			4
2025.08.05	00:27:43.873		0.87127			4
2025.08.05	00:27:47.863		0.87128			4
2025.08.05	00:27:49.458		0.87129			4
2025.08.05	00:27:56.881		0.87130			4
2025.08.05	00:27:57.204		0.87129			4
2025.08.05	00:28:00.120	0.87021	0.87130			6
2025.08.05	00:28:07.031		0.87131			4
2025.08.05	00:28:25.755		0.87133			4
2025.08.05	00:28:35.382		0.87134			4
2025.08.05	00:28:36.913		0.87135			4
2025.08.05	00:28:37.683		0.87136			4
2025.08.05	00:28:42.393		0.87137			4
2025.08.05	00:29:01.666	0.87021				2
2025.08.05	00:29:15.040		0.87136			4
2025.08.05	00:29:39.681	0.86984				2
2025.08.05	00:29:41.570		0.87134			4
2025.08.05	00:29:48.330		0.87135			4
2025.08.05	00:29:57.340		0.87134			4
2025.08.05	00:29:57.912		0.87136			4
2025.08.05	00:30:00.316	0.86984	0.87139			6
2025.08.05	00:30:00.849		0.87138			4
2025.08.05	00:30:02.589		0.87136			4
2025.08.05	00:30:12.996		0.87137			4
2025.08.05	00:30:21.765		0.87118			4
2025.08.05	00:30:23.586		0.87120			4
2025.08.05	00:30:24.707	0.86973				2
2025.08.05	00:30:25.221		0.87119			4
2025.08.05	00:30:29.277		0.87117			4
2025.08.05	00:30:29.578		0.87119			4
2025.08.05	00:30:31.237		0.87118			4
2025.08.05	00:30:35.140		0.87125			4
2025.08.05	00:30:37.261		0.87126			4
2025.08.05	00:30:38.179		0.87127			4
2025.08.05	00:30:41.457		0.87126			4
2025.08.05	00:30:42.688		0.87119			4
2025.08.05	00:30:43.277		0.87122			4
2025.08.05	00:30:43.812		0.87120			4
2025.08.05	00:30:44.580		0.87118			4
2025.08.05	00:30:49.589		0.87122			4
2025.08.05	00:30:50.046		0.87121			4
2025.08.05	00:30:52.521	0.87015	0.87118			6
2025.08.05	00:30:54.147		0.87121			4
2025.08.05	00:30:54.763		0.87118			4
2025.08.05	00:30:55.765		0.87119			4
2025.08.05	00:30:56.173		0.87121			4
2025.08.05	00:30:56.557		0.87118			4
2025.08.05	00:30:57.384		0.87119			4
2025.08.05	00:30:58.498		0.87121			4
2025.08.05	00:30:58.809		0.87120			4
2025.08.05	00:30:59.265		0.87121			4
2025.08.05	00:30:59.765		0.87118			4
2025.08.05	00:31:00.830	0.87015				2
2025.08.05	00:31:01.222		0.87121			4
2025.08.05	00:31:01.762		0.87117			4
2025.08.05	00:31:02.765		0.87118			4
2025.08.05	00:31:03.240		0.87120			4
2025.08.05	00:31:03.773		0.87118			4
2025.08.05	00:31:05.762		0.87120			4
2025.08.05	00:31:07.294		0.87118			4
2025.08.05	00:31:07.763		0.87120			4
2025.08.05	00:31:08.069		0.87119			4
2025.08.05	00:31:08.383		0.87118			4
2025.08.05	00:31:09.303		0.87116			4
2025.08.05	00:31:09.768		0.87119			4
2025.08.05	00:31:11.989		0.87116			4
2025.08.05	00:31:12.340		0.87115			4
2025.08.05	00:31:12.763		0.87118			4
2025.08.05	00:31:13.108		0.87117			4
2025.08.05	00:31:13.768		0.87119			4
2025.08.05	00:31:14.765		0.87117			4
2025.08.05	00:31:15.368		0.87115			4
2025.08.05	00:31:15.763		0.87118			4
2025.08.05	00:31:16.080		0.87116			4
2025.08.05	00:31:16.383		0.87117			4
2025.08.05	00:31:16.716		0.87116			4
2025.08.05	00:31:17.388		0.87115			4
2025.08.05	00:31:17.763		0.87117			4
2025.08.05	00:31:18.085		0.87115			4
2025.08.05	00:31:26.356	0.87035	0.87120			6
2025.08.05	00:31:26.823		0.87121			4
2025.08.05	00:31:27.579		0.87122			4
2025.08.05	00:31:34.079		0.87124			4
2025.08.05	00:31:34.468		0.87123			4
2025.08.05	00:31:37.303		0.87124			4
2025.08.05	00:31:40.237	0.87033	0.87120			6
2025.08.05	00:31:42.937		0.87119			4
2025.08.05	00:31:48.114		0.87118			4
2025.08.05	00:31:49.681		0.87119			4
2025.08.05	00:31:56.555		0.87118			4
2025.08.05	00:32:00.541	0.87033				2
2025.08.05	00:32:02.569	0.87035				2
2025.08.05	00:32:02.872		0.87120			4
2025.08.05	00:32:06.834		0.87121			4
2025.08.05	00:32:18.099		0.87122			4
2025.08.05	00:32:22.538		0.87121			4
2025.08.05	00:32:24.169	0.87034				2
2025.08.05	00:32:24.668	0.87035	0.87122			6
2025.08.05	00:32:32.812		0.87121			4
2025.08.05	00:32:35.441		0.87122			4
2025.08.05	00:32:38.151	0.87013	0.87117			6
2025.08.05	00:32:49.164		0.87115			4
2025.08.05	00:32:49.958		0.87117			4
2025.08.05	00:32:53.982	0.86972	0.87110			6
2025.08.05	00:32:54.349		0.87107			4
2025.08.05	00:32:54.769		0.87110			4
2025.08.05	00:33:00.373	0.86972				2
2025.08.05	00:33:03.644	0.86999				2
2025.08.05	00:33:06.176	0.86991				2
2025.08.05	00:33:11.377		0.87109			4
2025.08.05	00:33:33.571	0.86983	0.87095			6
2025.08.05	00:34:01.678	0.86983				2
2025.08.05	00:34:33.804		0.87095			4
2025.08.05	00:35:00.506	0.86983				2
2025.08.05	00:35:01.852	0.86978	0.87083			6
2025.08.05	00:35:27.694	0.86983	0.87092			6
2025.08.05	00:35:55.448	0.86963	0.87091			6
2025.08.05	00:35:57.771	0.86983	0.87092			6
2025.08.05	00:36:00.194	0.86983				2
2025.08.05	00:36:30.474		0.87094			4
2025.08.05	00:36:35.159	0.87021	0.87091			6
2025.08.05	00:37:00.326	0.87021				2
2025.08.05	00:37:35.316		0.87091			4
2025.08.05	00:38:00.325	0.87021				2
2025.08.05	00:38:35.364		0.87091			4
2025.08.05	00:39:01.220	0.87021				2
2025.08.05	00:39:36.469		0.87091			4
2025.08.05	00:40:00.329	0.87021				2
2025.08.05	00:40:36.531		0.87091			4
2025.08.05	00:41:00.095	0.87021				2
2025.08.05	00:41:38.379		0.87091			4
2025.08.05	00:42:00.323	0.87021				2
2025.08.05	00:42:38.441		0.87091			4
2025.08.05	00:43:00.817	0.87021				2
2025.08.05	00:43:39.647		0.87091			4
2025.08.05	00:44:00.090	0.87021				2
2025.08.05	00:44:40.233		0.87091			4
2025.08.05	00:45:00.170	0.87021				2
2025.08.05	00:45:03.260	0.87041	0.87102			6
2025.08.05	00:45:06.013		0.87103			4
2025.08.05	00:45:06.958	0.87021	0.87091			6
2025.08.05	00:45:10.281	0.87033	0.87079			6
2025.08.05	00:45:20.253	0.87035				2
2025.08.05	00:46:00.230	0.87035				2
2025.08.05	00:46:10.691		0.87079			4
2025.08.05	00:47:00.234	0.87035				2
2025.08.05	00:47:03.236	0.87051	0.87087			6
2025.08.05	00:47:03.540	0.87049	0.87090			6
2025.08.05	00:47:03.842	0.87051	0.87088			6
2025.08.05	00:47:06.873	0.87035	0.87079			6
2025.08.05	00:48:00.811	0.87035				2
2025.08.05	00:48:06.913		0.87079			4
2025.08.05	00:48:30.842	0.87012				2
2025.08.05	00:48:45.306	0.87035				2
2025.08.05	00:49:00.472	0.87035				2
2025.08.05	00:49:09.938		0.87079			4
2025.08.05	00:50:00.389	0.87035				2
2025.08.05	00:50:10.324		0.87079			4
2025.08.05	00:51:06.917	0.87035				2
2025.08.05	00:51:16.628		0.87079			4
2025.08.05	00:52:00.196	0.87035				2
2025.08.05	00:52:19.635		0.87079			4
2025.08.05	00:52:38.099	0.87024	0.87077			6
2025.08.05	00:52:40.544	0.87039	0.87080			6
2025.08.05	00:53:00.461	0.87039				2
2025.08.05	00:53:00.777	0.87055	0.87089			6
2025.08.05	00:53:01.311		0.87087			4
2025.08.05	00:53:25.021	0.87054				2
2025.08.05	00:53:29.862	0.87053				2
2025.08.05	00:53:30.460	0.87055				2
2025.08.05	00:53:30.861	0.87056				2
2025.08.05	00:53:33.996	0.87052	0.87103			6
2025.08.05	00:53:34.337		0.87104			4
2025.08.05	00:53:34.943		0.87105			4
2025.08.05	00:53:36.117	0.87074	0.87106			6
2025.08.05	00:53:38.397	0.87063	0.87103			6
2025.08.05	00:53:42.507	0.87068	0.87104			6
2025.08.05	00:53:42.836	0.87070	0.87103			6
2025.08.05	00:53:48.062	0.87069	0.87104			6
2025.08.05	00:54:01.027	0.87069				2
2025.08.05	00:54:02.586	0.87071				2
2025.08.05	00:54:06.402	0.87069	0.87103			6
2025.08.05	00:54:30.189	0.87071	0.87104			6
2025.08.05	00:54:31.042	0.87070				2
2025.08.05	00:54:40.839	0.87069	0.87105			6
2025.08.05	00:54:42.509		0.87103			4
2025.08.05	00:54:58.313		0.87104			4
2025.08.05	00:55:02.961	0.87069	0.87103			6
2025.08.05	00:55:03.716		0.87105			4
2025.08.05	00:55:06.541	0.87070				2
2025.08.05	00:55:18.598		0.87104			4
2025.08.05	00:55:21.467	0.87065	0.87107			6
2025.08.05	00:55:21.838	0.87064	0.87108			6
2025.08.05	00:55:22.468	0.87062				2
2025.08.05	00:55:22.968	0.87061	0.87110			6
2025.08.05	00:55:23.608	0.87063	0.87111			6
2025.08.05	00:55:26.206	0.87062	0.87112			6
2025.08.05	00:55:26.507		0.87109			4
2025.08.05	00:55:26.811	0.87063	0.87111			6
2025.08.05	00:55:27.847	0.87060	0.87112			6
2025.08.05	00:55:31.457	0.87050	0.87121			6
2025.08.05	00:55:32.280	0.87049				2
2025.08.05	00:55:33.490	0.87050				2
2025.08.05	00:55:35.177	0.87051				2
2025.08.05	00:55:39.575	0.87052	0.87120			6
2025.08.05	00:55:40.470		0.87119			4
2025.08.05	00:55:43.538	0.87054				2
2025.08.05	00:55:52.017		0.87120			4
2025.08.05	00:55:52.379	0.87053				2
2025.08.05	00:55:55.617	0.87052	0.87121			6
2025.08.05	00:55:57.344	0.87051	0.87122			6
2025.08.05	00:56:00.158	0.87051				2
2025.08.05	00:56:06.929	0.87053				2
2025.08.05	00:56:08.127	0.87051				2
2025.08.05	00:56:12.639		0.87123			4
2025.08.05	00:56:15.796		0.87122			4
2025.08.05	00:56:16.977		0.87123			4
2025.08.05	00:56:19.537	0.87050				2
2025.08.05	00:56:23.999	0.87052	0.87122			6
2025.08.05	00:56:25.106	0.87051	0.87123			6
2025.08.05	00:56:25.556	0.87049				2
2025.08.05	00:56:27.877	0.87051				2
2025.08.05	00:56:28.320	0.87053				2
2025.08.05	00:56:29.643		0.87122			4
2025.08.05	00:56:31.961	0.87054				2
2025.08.05	00:56:34.932	0.87053				2
2025.08.05	00:56:37.191	0.87049				2
2025.08.05	00:56:38.743		0.87121			4
2025.08.05	00:56:41.313	0.87054	0.87116			6
2025.08.05	00:56:49.838		0.87117			4
2025.08.05	00:56:52.015		0.87116			4
2025.08.05	00:56:53.037	0.87057	0.87113			6
2025.08.05	00:56:53.350	0.87056	0.87114			6
2025.08.05	00:56:53.733	0.87055	0.87115			6
2025.08.05	00:56:54.579	0.87056	0.87114			6
2025.08.05	00:56:55.922		0.87115			4
2025.08.05	00:56:56.710		0.87117			4
2025.08.05	00:56:57.114		0.87118			4
2025.08.05	00:57:00.323	0.87056				2
2025.08.05	00:57:01.045	0.87053	0.87116			6
2025.08.05	00:57:01.461	0.87055	0.87117			6
2025.08.05	00:57:01.849	0.87056	0.87116			6
2025.08.05	00:57:02.324	0.87057				2
2025.08.05	00:57:02.665	0.87056	0.87114			6
2025.08.05	00:57:07.757	0.87057				2
2025.08.05	00:57:09.580	0.87058	0.87112			6
2025.08.05	00:57:12.747	0.87059	0.87111			6
2025.08.05	00:57:13.249	0.87061	0.87109			6
2025.08.05	00:57:13.757	0.87060	0.87110			6
2025.08.05	00:57:15.849	0.87058	0.87112			6
2025.08.05	00:57:16.830	0.87059	0.87111			6
2025.08.05	00:57:17.850	0.87061	0.87112			6
2025.08.05	00:57:18.157	0.87060	0.87111			6
2025.08.05	00:57:19.849	0.87062	0.87109			6
2025.08.05	00:57:20.849	0.87059	0.87112			6
2025.08.05	00:57:21.318	0.87060	0.87110			6
2025.08.05	00:57:21.638	0.87061				2
2025.08.05	00:57:22.311	0.87060	0.87111			6
2025.08.05	00:57:34.538	0.87061	0.87110			6
2025.08.05	00:57:35.853	0.87059	0.87112			6
2025.08.05	00:57:38.850	0.87060	0.87110			6
2025.08.05	00:57:39.850	0.87059	0.87112			6
2025.08.05	00:57:41.851		0.87111			4
2025.08.05	00:57:43.850	0.87060				2
2025.08.05	00:57:46.130	0.87067				2
2025.08.05	00:57:46.657		0.87112			4
2025.08.05	00:57:47.158	0.87064	0.87114			6
2025.08.05	00:57:47.851	0.87066	0.87113			6
2025.08.05	00:57:48.851	0.87067	0.87112			6
2025.08.05	00:57:49.351	0.87066	0.87113			6
2025.08.05	00:57:53.859		0.87112			4
2025.08.05	00:57:54.688		0.87113			4
2025.08.05	00:58:00.325	0.87066				2
2025.08.05	00:58:08.768		0.87112			4
2025.08.05	00:58:10.200		0.87113			4
2025.08.05	00:58:11.660	0.87065	0.87114			6
2025.08.05	00:58:13.849	0.87063	0.87115			6
2025.08.05	00:58:16.851	0.87062	0.87116			6
2025.08.05	00:58:18.873	0.87061	0.87118			6
2025.08.05	00:58:26.034	0.87060				2
2025.08.05	00:58:36.851	0.87053				2
2025.08.05	00:58:47.160	0.87052				2
2025.08.05	00:59:00.333	0.87052				2
2025.08.05	00:59:06.422	0.87053				2
2025.08.05	00:59:10.176		0.87120			4
2025.08.05	00:59:11.974	0.87051				2
2025.08.05	00:59:15.501	0.87052				2
2025.08.05	00:59:17.003	0.87054	0.87117			6
2025.08.05	00:59:17.856	0.87052	0.87119			6
2025.08.05	00:59:18.673	0.87051	0.87120			6
2025.08.05	00:59:22.539	0.87052				2
2025.08.05	00:59:36.664	0.87079	0.87126			6
2025.08.05	00:59:38.516	0.87078	0.87122			6
2025.08.05	00:59:40.073	0.87076				2
2025.08.05	00:59:41.978	0.87077				2
2025.08.05	00:59:46.539	0.87076				2
2025.08.05	00:59:47.506	0.87077				2
2025.08.05	00:59:53.270	0.87078				2
2025.08.05	00:59:53.811	0.87077				2
2025.08.05	00:59:57.942	0.87075				2
2025.08.05	00:59:58.598	0.87076				2
2025.08.05	00:59:59.707	0.87075				2
2025.08.05	01:00:00.142	0.87067	0.87126			6
2025.08.05	01:00:00.461	0.87058	0.87128			6
2025.08.05	01:00:00.767		0.87130			4
2025.08.05	01:00:01.088	0.87053	0.87135			6
2025.08.05	01:00:01.394	0.87069	0.87130			6
2025.08.05	01:00:01.702	0.87068	0.87136			6
2025.08.05	01:00:02.027	0.87069	0.87130			6
2025.08.05	01:00:03.113		0.87126			4
2025.08.05	01:00:03.420	0.87092	0.87144			6
2025.08.05	01:00:04.067		0.87148			4
2025.08.05	01:00:05.061		0.87147			4
2025.08.05	01:00:05.825	0.87094	0.87148			6
2025.08.05	01:00:06.466		0.87145			4
2025.08.05	01:00:07.143	0.87104	0.87142			6
2025.08.05	01:00:07.785	0.87099	0.87135			6
2025.08.05	01:00:17.745		0.87139			4
2025.08.05	01:00:18.060	0.87100				2
2025.08.05	01:00:19.061	0.87099	0.87117			6
2025.08.05	01:00:19.403	0.87098				2
2025.08.05	01:00:22.279		0.87120			4
2025.08.05	01:00:22.621	0.87099	0.87121			6
2025.08.05	01:00:23.554	0.87100				2
2025.08.05	01:00:23.858	0.87098	0.87119			6
2025.08.05	01:00:26.549	0.87101	0.87123			6
2025.08.05	01:00:27.503	0.87100				2
2025.08.05	01:00:27.826	0.87101				2
2025.08.05	01:00:30.337		0.87121			4
2025.08.05	01:00:31.829	0.87100				2
2025.08.05	01:00:34.823	0.87101				2
2025.08.05	01:00:37.543		0.87123			4
2025.08.05	01:00:42.338	0.87103	0.87124			6
2025.08.05	01:00:42.642	0.87098	0.87120			6
2025.08.05	01:00:43.444		0.87118			4
2025.08.05	01:00:43.768	0.87101	0.87119			6
2025.08.05	01:00:44.071		0.87123			4
2025.08.05	01:00:50.745	0.87102				2
2025.08.05	01:00:51.539	0.87105	0.87126			6
2025.08.05	01:00:51.870		0.87125			4
2025.08.05	01:00:55.542		0.87124			4
2025.08.05	01:00:58.017	0.87106	0.87125			6
2025.08.05	01:00:58.479	0.87107				2
2025.08.05	01:00:59.006	0.87105	0.87126			6
2025.08.05	01:00:59.312	0.87106				2
2025.08.05	01:01:00.038	0.87106				2
2025.08.05	01:01:00.362	0.87107	0.87128			6
2025.08.05	01:01:02.386		0.87126			4
2025.08.05	01:01:03.136		0.87125			4
2025.08.05	01:01:04.054		0.87122			4
2025.08.05	01:01:10.399		0.87124			4
2025.08.05	01:01:10.708	0.87109	0.87125			6
2025.08.05	01:01:11.047	0.87110				2
2025.08.05	01:01:11.837		0.87124			4
2025.08.05	01:01:18.427	0.87106	0.87119			6
2025.08.05	01:01:18.738	0.87103				2
2025.08.05	01:01:21.696		0.87118			4
2025.08.05	01:01:25.506		0.87117			4
2025.08.05	01:01:35.506	0.87105	0.87119			6
2025.08.05	01:01:37.256	0.87102	0.87116			6
2025.08.05	01:01:38.417	0.87103				2
2025.08.05	01:01:38.781	0.87102	0.87115			6
2025.08.05	01:01:39.137		0.87114			4
2025.08.05	01:01:40.440	0.87103	0.87115			6
2025.08.05	01:01:44.740	0.87102	0.87114			6
2025.08.05	01:02:00.325	0.87100	0.87113			6
2025.08.05	01:02:04.383	0.87099				2
2025.08.05	01:02:07.672		0.87112			4
2025.08.05	01:02:08.013	0.87100				2
2025.08.05	01:02:10.966	0.87099	0.87110			6
2025.08.05	01:02:11.315	0.87098				2
2025.08.05	01:02:13.505	0.87101	0.87113			6
2025.08.05	01:02:14.507	0.87098	0.87112			6
2025.08.05	01:02:14.813	0.87099	0.87111			6
2025.08.05	01:02:15.554	0.87102				2
2025.08.05	01:02:16.839	0.87101				2
2025.08.05	01:02:19.239	0.87102				2
2025.08.05	01:02:19.545	0.87103	0.87113			6
2025.08.05	01:02:19.896	0.87104				2
2025.08.05	01:02:21.132	0.87105				2
2025.08.05	01:02:21.456	0.87104				2
2025.08.05	01:02:22.067	0.87103				2
2025.08.05	01:02:22.897	0.87104				2
2025.08.05	01:02:26.853	0.87105				2
2025.08.05	01:02:27.327		0.87116			4
2025.08.05	01:02:54.509	0.87108	0.87119			6
2025.08.05	01:02:54.905		0.87118			4
2025.08.05	01:02:57.942	0.87096	0.87108			6
2025.08.05	01:02:58.259	0.87097				2
2025.08.05	01:02:58.616	0.87096				2
2025.08.05	01:02:58.968		0.87110			4
2025.08.05	01:03:00.050	0.87096				2
2025.08.05	01:03:01.015	0.87097				2
2025.08.05	01:03:01.387	0.87095	0.87108			6
2025.08.05	01:03:01.698	0.87093				2
2025.08.05	01:03:02.115	0.87094				2
2025.08.05	01:03:03.558	0.87093				2
2025.08.05	01:03:07.187	0.87095	0.87106			6
2025.08.05	01:03:07.558		0.87108			4
2025.08.05	01:03:14.529	0.87094				2
2025.08.05	01:03:15.011	0.87095	0.87109			6
2025.08.05	01:03:25.412	0.87093	0.87108			6
2025.08.05	01:03:26.358	0.87092				2
2025.08.05	01:03:26.927	0.87093				2
2025.08.05	01:03:27.428	0.87094				2
2025.08.05	01:03:27.766	0.87092	0.87107			6
2025.08.05	01:03:28.577	0.87087	0.87101			6
2025.08.05	01:03:28.905	0.87083	0.87098			6
2025.08.05	01:03:29.217	0.87081				2
2025.08.05	01:03:39.038	0.87082				2
2025.08.05	01:03:50.738	0.87084	0.87100			6
2025.08.05	01:04:01.257	0.87085				2
2025.08.05	01:04:01.803		0.87099			4
2025.08.05	01:04:06.049		0.87100			4
2025.08.05	01:04:09.636		0.87098			4
2025.08.05	01:04:41.731	0.87082	0.87096			6
2025.08.05	01:04:42.513	0.87081	0.87094			6
2025.08.05	01:04:43.048		0.87093			4
2025.08.05	01:04:44.516	0.87080	0.87094			6
2025.08.05	01:04:45.393		0.87093			4
2025.08.05	01:04:45.766	0.87079				2
2025.08.05	01:04:48.797	0.87080				2
2025.08.05	01:04:52.117		0.87092			4
2025.08.05	01:04:55.426		0.87091			4
2025.08.05	01:04:56.438	0.87083	0.87094			6
2025.08.05	01:04:57.914		0.87095			4
2025.08.05	01:04:59.567	0.87086	0.87096			6
2025.08.05	01:05:00.358	0.87086				2
2025.08.05	01:05:01.039		0.87095			4
2025.08.05	01:05:01.362	0.87087	0.87094			6
2025.08.05	01:05:01.684		0.87095			4
2025.08.05	01:05:05.138	0.87086				2
2025.08.05	01:05:08.741	0.87087				2
2025.08.05	01:05:09.339		0.87094			4
2025.08.05	01:05:11.129		0.87093			4
2025.08.05	01:05:12.439	0.87086	0.87095			6
2025.08.05	01:05:15.519	0.87088	0.87097			6
2025.08.05	01:05:16.819	0.87089	0.87098			6
2025.08.05	01:05:18.341		0.87097			4
2025.08.05	01:05:19.414		0.87098			4
2025.08.05	01:05:22.565	0.87091	0.87097			6
2025.08.05	01:05:30.511	0.87088				2
2025.08.05	01:05:35.417		0.87096			4
2025.08.05	01:05:37.839	0.87089				2
2025.08.05	01:05:48.357		0.87098			4
2025.08.05	01:05:52.190	0.87090				2
2025.08.05	01:05:53.513	0.87089				2
2025.08.05	01:05:56.138	0.87090				2
2025.08.05	01:05:58.539		0.87096			4
2025.08.05	01:05:58.845	0.87088				2
2025.08.05	01:06:00.252	0.87088	0.87095			6
2025.08.05	01:06:00.572	0.87087				2
2025.08.05	01:06:04.544	0.87086				2
2025.08.05	01:06:09.177		0.87094			4
2025.08.05	01:06:18.340	0.87087	0.87095			6
2025.08.05	01:06:18.816	0.87088				2
2025.08.05	01:06:49.653	0.87087				2
2025.08.05	01:06:51.637	0.87088				2
2025.08.05	01:07:01.239	0.87088	0.87097			6
2025.08.05	01:07:08.513	0.87085	0.87092			6
2025.08.05	01:07:09.519	0.87084				2
2025.08.05	01:07:10.206	0.87085				2
2025.08.05	01:07:12.338	0.87084				2
2025.08.05	01:07:18.455	0.87090	0.87097			6
2025.08.05	01:07:18.769		0.87098			4
2025.08.05	01:07:19.410	0.87091	0.87097			6
2025.08.05	01:07:19.724	0.87087				2
2025.08.05	01:07:23.857	0.87088	0.87096			6
2025.08.05	01:07:26.110	0.87087				2
2025.08.05	01:07:45.040		0.87097			4
2025.08.05	01:07:54.937		0.87096			4
2025.08.05	01:08:00.016	0.87087				2
2025.08.05	01:08:08.421		0.87097			4
2025.08.05	01:08:08.856	0.87086	0.87087			6
2025.08.05	01:08:09.158	0.87084	0.87091			6
2025.08.05	01:08:10.734	0.87085				2
2025.08.05	01:08:14.535	0.87083	0.87092			6
2025.08.05	01:08:18.541	0.87089	0.87094			6
2025.08.05	01:08:18.882	0.87088				2
2025.08.05	01:08:22.284	0.87089				2
2025.08.05	01:08:35.439	0.87087				2
2025.08.05	01:08:37.239	0.87088				2
2025.08.05	01:08:39.339	0.87087				2
2025.08.05	01:08:53.532	0.87089	0.87098			6
2025.08.05	01:08:54.032		0.87095			4
2025.08.05	01:08:54.339	0.87087				2
2025.08.05	01:09:00.261	0.87087				2
2025.08.05	01:09:02.210	0.87088				2
2025.08.05	01:09:14.893	0.87086	0.87094			6
2025.08.05	01:09:20.561	0.87090	0.87095			6
2025.08.05	01:09:28.536	0.87092	0.87098			6
2025.08.05	01:09:29.305		0.87099			4
2025.08.05	01:09:29.743	0.87091	0.87095			6
2025.08.05	01:09:30.060	0.87085				2
2025.08.05	01:09:32.350		0.87097			4
2025.08.05	01:09:33.061	0.87088				2
2025.08.05	01:09:33.678	0.87087	0.87096			6
2025.08.05	01:09:36.348		0.87097			4
2025.08.05	01:09:38.850	0.87089				2
2025.08.05	01:09:39.157	0.87090	0.87098			6
2025.08.05	01:09:39.679		0.87097			4
2025.08.05	01:09:49.149	0.87091				2
2025.08.05	01:09:55.450	0.87090				2
2025.08.05	01:09:55.847	0.87092	0.87099			6
2025.08.05	01:09:57.938	0.87091				2
2025.08.05	01:10:00.479	0.87091				2
2025.08.05	01:10:04.665	0.87090	0.87098			6
2025.08.05	01:10:07.149		0.87097			4
2025.08.05	01:10:15.639	0.87091				2
2025.08.05	01:10:22.539		0.87098			4
2025.08.05	01:10:27.637	0.87090	0.87097			6
2025.08.05	01:10:30.937	0.87091				2
2025.08.05	01:10:31.548	0.87094	0.87101			6
2025.08.05	01:10:31.887		0.87100			4
2025.08.05	01:10:32.626	0.87093				2
2025.08.05	01:10:43.709	0.87095	0.87101			6
2025.08.05	01:10:44.839	0.87093				2
2025.08.05	01:10:45.332	0.87097	0.87105			6
2025.08.05	01:10:45.634	0.87098				2
2025.08.05	01:10:51.935	0.87099	0.87106			6
2025.08.05	01:10:53.746	0.87097	0.87103			6
2025.08.05	01:10:54.054	0.87096				2
2025.08.05	01:10:57.537	0.87095	0.87100			6
2025.08.05	01:10:59.070	0.87094				2
2025.08.05	01:10:59.680	0.87096				2
2025.08.05	01:11:00.012	0.87095				2
2025.08.05	01:11:00.315	0.87093	0.87099			6
2025.08.05	01:11:00.654	0.87096	0.87102			6
2025.08.05	01:11:01.407	0.87095				2
2025.08.05	01:11:02.355	0.87096				2
2025.08.05	01:11:05.140	0.87097				2
2025.08.05	01:11:08.357	0.87096				2
2025.08.05	01:11:11.317	0.87097	0.87103			6
2025.08.05	01:11:12.805	0.87096				2
2025.08.05	01:11:14.181	0.87098				2
2025.08.05	01:11:14.533	0.87097				2
2025.08.05	01:11:19.868		0.87104			4
2025.08.05	01:11:28.993	0.87098				2
2025.08.05	01:11:40.255	0.87099	0.87105			6
2025.08.05	01:11:44.153	0.87100				2
2025.08.05	01:11:44.488	0.87099				2
2025.08.05	01:11:47.555	0.87100	0.87108			6
2025.08.05	01:11:53.750	0.87101				2
2025.08.05	01:11:54.562	0.87097	0.87104			6
2025.08.05	01:11:54.897	0.87096				2
2025.08.05	01:11:55.787	0.87097	0.87103			6
2025.08.05	01:11:56.770	0.87095				2
2025.08.05	01:11:58.186	0.87097				2
2025.08.05	01:11:59.426	0.87098				2
2025.08.05	01:12:00.326	0.87098				2
2025.08.05	01:12:00.973	0.87100	0.87105			6
2025.08.05	01:12:02.839	0.87099	0.87104			6
2025.08.05	01:12:03.140	0.87098				2
2025.08.05	01:12:03.471		0.87105			4
2025.08.05	01:12:03.781	0.87097				2
2025.08.05	01:12:04.354	0.87098				2
2025.08.05	01:12:07.057	0.87099				2
2025.08.05	01:12:18.518	0.87097	0.87104			6
2025.08.05	01:12:19.536	0.87098				2
2025.08.05	01:12:23.675		0.87105			4
2025.08.05	01:12:24.872	0.87097				2
2025.08.05	01:12:25.233	0.87099				2
2025.08.05	01:12:36.542	0.87097				2
2025.08.05	01:12:37.243	0.87098				2
2025.08.05	01:12:38.571	0.87099				2
2025.08.05	01:12:43.239	0.87098				2
2025.08.05	01:12:46.538	0.87099				2
2025.08.05	01:13:02.018	0.87100				2
2025.08.05	01:13:05.141	0.87099				2
2025.08.05	01:13:23.814		0.87105			4
2025.08.05	01:13:31.796		0.87106			4
2025.08.05	01:13:35.770		0.87105			4
2025.08.05	01:13:37.310		0.87106			4
2025.08.05	01:13:40.524	0.87100	0.87107			6
2025.08.05	01:13:44.505	0.87101	0.87108			6
2025.08.05	01:14:00.682	0.87101				2
2025.08.05	01:14:04.539		0.87107			4
2025.08.05	01:14:11.527		0.87108			4
2025.08.05	01:14:15.817	0.87100	0.87106			6
2025.08.05	01:14:18.561	0.87099				2
2025.08.05	01:14:35.187	0.87095	0.87103			6
2025.08.05	01:14:37.839		0.87102			4
2025.08.05	01:14:40.229		0.87103			4
2025.08.05	01:14:42.353		0.87102			4
2025.08.05	01:14:45.041		0.87103			4
2025.08.05	01:14:47.334	0.87096				2
2025.08.05	01:14:48.685	0.87095				2
2025.08.05	01:14:49.029	0.87096				2
2025.08.05	01:14:50.923		0.87104			4
2025.08.05	01:15:00.362	0.87098				2
2025.08.05	01:15:04.490	0.87096				2
2025.08.05	01:15:04.811	0.87097				2
2025.08.05	01:15:11.494	0.87098				2
2025.08.05	01:15:12.041		0.87105			4
2025.08.05	01:15:14.742		0.87104			4
2025.08.05	01:15:16.721		0.87105			4
2025.08.05	01:15:17.719	0.87097				2
2025.08.05	01:15:18.023		0.87104			4
2025.08.05	01:15:20.385	0.87098	0.87102			6
2025.08.05	01:15:20.689	0.87097				2
2025.08.05	01:15:21.015		0.87101			4
2025.08.05	01:15:22.356		0.87102			4
2025.08.05	01:15:27.393		0.87103			4
2025.08.05	01:15:29.140	0.87096				2
2025.08.05	01:15:36.421	0.87097				2
2025.08.05	01:15:36.947	0.87096				2
2025.08.05	01:15:42.321	0.87098				2
2025.08.05	01:15:44.740		0.87104			4
2025.08.05	01:15:47.092		0.87103			4
2025.08.05	01:15:49.238		0.87102			4
2025.08.05	01:15:52.557	0.87097	0.87103			6
2025.08.05	01:15:52.859		0.87102			4
2025.08.05	01:16:00.483	0.87098				2
2025.08.05	01:16:01.599	0.87097				2
2025.08.05	01:16:11.566	0.87098	0.87101			6
2025.08.05	01:16:12.056	0.87097	0.87102			6
2025.08.05	01:16:19.239	0.87098	0.87100			6
2025.08.05	01:16:20.354	0.87097				2
2025.08.05	01:16:20.689	0.87098				2
2025.08.05	01:16:26.559	0.87097	0.87102			6
2025.08.05	01:16:27.790		0.87101			4
2025.08.05	01:16:53.732		0.87102			4
2025.08.05	01:16:56.738		0.87101			4
2025.08.05	01:17:00.704	0.87097				2
2025.08.05	01:17:01.470		0.87102			4
2025.08.05	01:17:01.781	0.87098	0.87103			6
2025.08.05	01:17:04.355	0.87097				2
2025.08.05	01:17:16.470	0.87098				2
2025.08.05	01:17:38.215	0.87097				2
2025.08.05	01:18:00.185	0.87097				2
2025.08.05	01:18:02.759		0.87103			4
2025.08.05	01:18:13.569	0.87102	0.87106			6
2025.08.05	01:18:19.859	0.87103				2
2025.08.05	01:18:28.580	0.87102				2
2025.08.05	01:18:32.353	0.87103				2
2025.08.05	01:18:32.657	0.87102	0.87107			6
2025.08.05	01:18:34.946		0.87108			4
2025.08.05	01:18:39.333	0.87103				2
2025.08.05	01:18:39.642		0.87109			4
2025.08.05	01:18:51.561	0.87107	0.87112			6
2025.08.05	01:19:00.205	0.87107	0.87110			6
2025.08.05	01:19:00.586	0.87108				2
2025.08.05	01:19:01.640		0.87111			4
2025.08.05	01:19:05.713	0.87107				2
2025.08.05	01:19:09.548		0.87112			4
2025.08.05	01:19:21.798	0.87108				2
2025.08.05	01:19:27.275	0.87107	0.87113			6
2025.08.05	01:19:28.461	0.87108				2
2025.08.05	01:19:29.334	0.87107				2
2025.08.05	01:19:30.245	0.87108				2
2025.08.05	01:19:35.441	0.87107				2
2025.08.05	01:19:35.787	0.87108				2
2025.08.05	01:19:36.899	0.87113	0.87115			6
2025.08.05	01:19:37.904	0.87112				2
2025.08.05	01:19:40.829	0.87113				2
2025.08.05	01:19:50.788	0.87112	0.87116			6
2025.08.05	01:20:00.315	0.87113				2
2025.08.05	01:20:01.137	0.87112	0.87114			6
2025.08.05	01:20:05.314		0.87113			4
2025.08.05	01:20:05.711		0.87114			4
2025.08.05	01:20:14.003	0.87106	0.87111			6
2025.08.05	01:20:14.713	0.87105				2
2025.08.05	01:20:15.153	0.87106				2
2025.08.05	01:20:16.045	0.87103	0.87108			6
2025.08.05	01:20:17.080		0.87109			4
2025.08.05	01:20:18.162		0.87108			4
2025.08.05	01:20:22.969	0.87106	0.87112			6
2025.08.05	01:20:25.839		0.87111			4
2025.08.05	01:20:27.452	0.87107	0.87112			6
2025.08.05	01:20:54.044	0.87108				2
2025.08.05	01:20:54.820	0.87107				2
2025.08.05	01:21:00.201	0.87107				2
2025.08.05	01:21:02.675		0.87113			4
2025.08.05	01:21:04.349	0.87108	0.87114			6
2025.08.05	01:21:04.658	0.87109	0.87113			6
2025.08.05	01:21:05.112	0.87108	0.87114			6
2025.08.05	01:21:06.844		0.87113			4
2025.08.05	01:21:07.320	0.87109				2
2025.08.05	01:21:09.940	0.87108				2
2025.08.05	01:21:12.174	0.87110	0.87114			6
2025.08.05	01:21:13.274	0.87108	0.87113			6
2025.08.05	01:21:14.365		0.87112			4
2025.08.05	01:21:20.353		0.87114			4
2025.08.05	01:21:20.661	0.87109				2
2025.08.05	01:21:24.519	0.87108	0.87113			6
2025.08.05	01:21:37.839		0.87112			4
2025.08.05	01:21:42.426		0.87113			4
2025.08.05	01:21:55.612	0.87109	0.87114			6
2025.08.05	01:21:59.262	0.87108				2
2025.08.05	01:21:59.614	0.87109				2
2025.08.05	01:22:00.648	0.87109				2
2025.08.05	01:22:02.365		0.87113			4
2025.08.05	01:22:11.141		0.87114			4
2025.08.05	01:22:39.040		0.87113			4
2025.08.05	01:22:43.499	0.87110	0.87114			6
2025.08.05	01:22:44.374	0.87109				2
2025.08.05	01:22:46.537		0.87113			4
2025.08.05	01:22:48.098		0.87114			4
2025.08.05	01:22:51.657		0.87113			4
2025.08.05	01:22:53.717	0.87108	0.87112			6
2025.08.05	01:23:00.247	0.87108	0.87111			6
2025.08.05	01:23:00.868		0.87112			4
2025.08.05	01:23:04.894		0.87111			4
2025.08.05	01:23:06.946	0.87107				2
2025.08.05	01:23:12.003	0.87106	0.87110			6
2025.08.05	01:23:14.064	0.87107				2
2025.08.05	01:23:16.220		0.87112			4
2025.08.05	01:23:18.722		0.87111			4
2025.08.05	01:23:21.940		0.87112			4
2025.08.05	01:23:25.601	0.87109	0.87113			6
2025.08.05	01:23:29.394	0.87110	0.87114			6
2025.08.05	01:23:33.040		0.87115			4
2025.08.05	01:23:41.739		0.87114			4
2025.08.05	01:23:45.940		0.87115			4
2025.08.05	01:23:48.147	0.87109	0.87114			6
2025.08.05	01:23:49.815	0.87110	0.87115			6
2025.08.05	01:24:00.124	0.87110				2
2025.08.05	01:24:04.540		0.87114			4
2025.08.05	01:24:07.100		0.87115			4
2025.08.05	01:24:07.603	0.87111	0.87116			6
2025.08.05	01:24:10.046		0.87115			4
2025.08.05	01:24:13.118		0.87114			4
2025.08.05	01:24:14.646		0.87116			4
2025.08.05	01:24:17.716	0.87112				2
2025.08.05	01:24:19.442	0.87111				2
2025.08.05	01:24:20.206	0.87112				2
2025.08.05	01:24:35.581	0.87111				2
2025.08.05	01:24:39.338		0.87115			4
2025.08.05	01:24:45.769	0.87110				2
2025.08.05	01:24:48.776	0.87109	0.87113			6
2025.08.05	01:24:49.143	0.87108				2
2025.08.05	01:24:52.573	0.87110	0.87114			6
2025.08.05	01:24:54.341		0.87113			4
2025.08.05	01:24:54.661	0.87109				2
2025.08.05	01:24:54.986	0.87108				2
2025.08.05	01:24:55.788		0.87114			4
2025.08.05	01:25:01.601	0.87109				2
2025.08.05	01:25:03.054	0.87108	0.87113			6
2025.08.05	01:25:06.554	0.87111	0.87115			6
2025.08.05	01:25:26.140		0.87116			4
2025.08.05	01:25:43.247		0.87115			4
2025.08.05	01:25:45.981		0.87116			4
2025.08.05	01:26:00.637	0.87111				2
2025.08.05	01:26:23.604	0.87113	0.87118			6
2025.08.05	01:26:27.911		0.87117			4
2025.08.05	01:26:57.073	0.87112	0.87115			6
2025.08.05	01:26:57.380	0.87111	0.87116			6
2025.08.05	01:26:59.236	0.87109	0.87113			6
2025.08.05	01:27:00.362	0.87109				2
2025.08.05	01:27:01.747	0.87108				2
2025.08.05	01:27:03.214	0.87109	0.87112			6
2025.08.05	01:27:07.432	0.87108	0.87113			6
2025.08.05	01:27:07.801		0.87112			4
2025.08.05	01:27:35.438	0.87109				2
2025.08.05	01:27:39.885	0.87108				2
2025.08.05	01:27:40.796	0.87109				2
2025.08.05	01:27:41.596	0.87112	0.87117			6
2025.08.05	01:27:42.923		0.87116			4
2025.08.05	01:27:46.840		0.87117			4
2025.08.05	01:27:50.738		0.87116			4
2025.08.05	01:27:53.838		0.87117			4
2025.08.05	01:27:54.236	0.87113				2
2025.08.05	01:27:56.918	0.87112				2
2025.08.05	01:28:02.139	0.87111				2
2025.08.05	01:28:11.021		0.87116			4
2025.08.05	01:28:12.537	0.87109	0.87113			6
2025.08.05	01:28:14.259	0.87111	0.87115			6
2025.08.05	01:28:17.295	0.87109	0.87114			6
2025.08.05	01:28:18.573	0.87110	0.87115			6
2025.08.05	01:28:19.624	0.87111				2
2025.08.05	01:28:45.257	0.87112				2
2025.08.05	01:28:48.501		0.87116			4
2025.08.05	01:29:00.608	0.87112				2
2025.08.05	01:29:08.083	0.87113	0.87117			6
2025.08.05	01:29:08.402	0.87114				2
2025.08.05	01:29:11.843		0.87118			4
2025.08.05	01:29:23.494	0.87115				2
2025.08.05	01:29:24.623	0.87114	0.87119			6
2025.08.05	01:29:30.942	0.87115				2
2025.08.05	01:29:32.686	0.87116				2
2025.08.05	01:29:33.176	0.87115				2
2025.08.05	01:29:39.474	0.87114				2
2025.08.05	01:29:45.038	0.87113				2
2025.08.05	01:29:58.542		0.87118			4
2025.08.05	01:30:00.326	0.87115	0.87119			6
2025.08.05	01:30:01.945	0.87116	0.87120			6
2025.08.05	01:30:03.139	0.87115	0.87116			6
2025.08.05	01:30:05.193	0.87116	0.87117			6
2025.08.05	01:30:05.506	0.87117	0.87118			6
2025.08.05	01:30:06.784	0.87116	0.87120			6
2025.08.05	01:30:12.207	0.87117				2
2025.08.05	01:30:13.076	0.87116				2
2025.08.05	01:30:15.417	0.87115				2
2025.08.05	01:30:20.133	0.87116	0.87118			6
2025.08.05	01:30:20.435	0.87115				2
2025.08.05	01:30:26.003	0.87114				2
2025.08.05	01:30:26.505	0.87118	0.87121			6
2025.08.05	01:30:26.818		0.87122			4
2025.08.05	01:30:29.817		0.87121			4
2025.08.05	01:30:32.385		0.87122			4
2025.08.05	01:30:39.940	0.87119				2
2025.08.05	01:30:42.524	0.87122	0.87124			6
2025.08.05	01:30:47.665	0.87121				2
2025.08.05	01:30:48.730	0.87122	0.87126			6
2025.08.05	01:30:50.245	0.87123				2
2025.08.05	01:30:54.855	0.87126	0.87129			6
2025.08.05	01:30:58.565		0.87128			4
2025.08.05	01:31:00.317	0.87126				2
2025.08.05	01:31:02.725	0.87124	0.87126			6
2025.08.05	01:31:03.173	0.87125	0.87128			6
2025.08.05	01:31:12.038	0.87126				2
2025.08.05	01:31:13.420	0.87125	0.87127			6
2025.08.05	01:31:17.674		0.87128			4
2025.08.05	01:31:21.062	0.87126	0.87129			6
2025.08.05	01:31:23.837	0.87125	0.87128			6
2025.08.05	01:31:24.613	0.87126				2
2025.08.05	01:31:26.984	0.87124	0.87127			6
2025.08.05	01:31:27.465	0.87126	0.87129			6
2025.08.05	01:31:27.781		0.87128			4
2025.08.05	01:31:30.235	0.87125	0.87129			6
2025.08.05	01:31:32.439	0.87126				2
2025.08.05	01:31:36.366	0.87127				2
2025.08.05	01:32:02.040	0.87127				2
2025.08.05	01:32:03.193	0.87126	0.87130			6
2025.08.05	01:32:04.928	0.87127	0.87129			6
2025.08.05	01:32:32.891	0.87128	0.87130			6
2025.08.05	01:32:49.848		0.87131			4
2025.08.05	01:32:53.139	0.87127				2
2025.08.05	01:32:56.079	0.87128				2
2025.08.05	01:33:00.215	0.87128				2
2025.08.05	01:33:00.938		0.87130			4
2025.08.05	01:33:02.112		0.87131			4
2025.08.05	01:33:03.467		0.87130			4
2025.08.05	01:33:15.638		0.87131			4
2025.08.05	01:33:21.337		0.87130			4
2025.08.05	01:33:26.418		0.87131			4
2025.08.05	01:33:34.477		0.87130			4
2025.08.05	01:33:38.234		0.87131			4
2025.08.05	01:33:41.712	0.87127				2
2025.08.05	01:33:43.286		0.87132			4
2025.08.05	01:33:44.431		0.87131			4
2025.08.05	01:33:50.297	0.87129	0.87133			6
2025.08.05	01:33:50.819	0.87130	0.87132			6
2025.08.05	01:34:00.040	0.87130				2
2025.08.05	01:34:01.862		0.87133			4
2025.08.05	01:34:06.938		0.87132			4
2025.08.05	01:34:10.864		0.87133			4
2025.08.05	01:34:11.944		0.87132			4
2025.08.05	01:34:14.233		0.87133			4
2025.08.05	01:34:14.908	0.87128	0.87131			6
2025.08.05	01:34:21.749	0.87126	0.87129			6
2025.08.05	01:34:28.921		0.87130			4
2025.08.05	01:34:31.579	0.87127				2
2025.08.05	01:34:36.182	0.87124	0.87128			6
2025.08.05	01:34:43.002		0.87127			4
2025.08.05	01:34:46.838		0.87126			4
2025.08.05	01:35:00.825	0.87121	0.87124			6
2025.08.05	01:35:02.350	0.87120				2
2025.08.05	01:35:03.471	0.87121	0.87125			6
2025.08.05	01:35:06.967		0.87124			4
2025.08.05	01:35:11.020	0.87123	0.87125			6
2025.08.05	01:35:14.740	0.87124	0.87126			6
2025.08.05	01:35:19.000	0.87122	0.87124			6
2025.08.05	01:35:20.226	0.87123	0.87125			6
2025.08.05	01:35:25.874	0.87122				2
2025.08.05	01:35:27.410		0.87124			4
2025.08.05	01:35:29.825	0.87121				2
2025.08.05	01:35:33.939	0.87122	0.87123			6
2025.08.05	01:35:35.258	0.87120	0.87122			6
2025.08.05	01:35:39.488	0.87119	0.87121			6
2025.08.05	01:35:40.714		0.87122			4
2025.08.05	01:35:41.279	0.87116	0.87119			6
2025.08.05	01:35:41.965		0.87118			4
2025.08.05	01:35:51.737	0.87115				2
2025.08.05	01:36:00.488	0.87118	0.87120			6
2025.08.05	01:36:01.583	0.87116				2
2025.08.05	01:36:02.208	0.87118				2
2025.08.05	01:36:05.174	0.87119	0.87121			6
2025.08.05	01:36:08.556	0.87118				2
2025.08.05	01:36:11.401	0.87119				2
2025.08.05	01:36:13.580	0.87117	0.87120			6
2025.08.05	01:36:13.917		0.87119			4
2025.08.05	01:36:16.396	0.87116	0.87120			6
2025.08.05	01:36:21.434	0.87117	0.87119			6
2025.08.05	01:36:29.908	0.87116				2
2025.08.05	01:36:31.060	0.87117				2
2025.08.05	01:36:34.073	0.87116				2
2025.08.05	01:36:35.218	0.87117				2
2025.08.05	01:36:36.761	0.87116				2
2025.08.05	01:36:37.977	0.87117				2
2025.08.05	01:36:38.279		0.87120			4
2025.08.05	01:36:38.678	0.87116	0.87118			6
2025.08.05	01:36:57.677		0.87119			4
2025.08.05	01:36:57.980	0.87117				2
2025.08.05	01:37:00.120	0.87117				2
2025.08.05	01:37:01.808	0.87115				2
2025.08.05	01:37:04.165		0.87118			4
2025.08.05	01:37:06.161	0.87114				2
2025.08.05	01:37:07.092	0.87115				2
2025.08.05	01:37:19.834	0.87117	0.87120			6
2025.08.05	01:37:20.232	0.87114	0.87116			6
2025.08.05	01:37:20.921	0.87113				2
2025.08.05	01:37:25.059		0.87115			4
2025.08.05	01:37:25.362		0.87116			4
2025.08.05	01:37:32.755	0.87114	0.87115			6
2025.08.05	01:37:36.457	0.87115	0.87119			6
2025.08.05	01:37:36.800	0.87114				2
2025.08.05	01:37:38.332	0.87116				2
2025.08.05	01:37:38.668		0.87118			4
2025.08.05	01:37:42.434	0.87115				2
2025.08.05	01:37:45.372	0.87114				2
2025.08.05	01:37:45.686	0.87115				2
2025.08.05	01:37:47.488		0.87117			4
2025.08.05	01:37:52.838		0.87118			4
2025.08.05	01:37:57.440	0.87116	0.87119			6
2025.08.05	01:38:00.450	0.87116				2
2025.08.05	01:38:06.170	0.87117	0.87120			6
2025.08.05	01:38:10.118	0.87116	0.87119			6
2025.08.05	01:38:11.739		0.87118			4
2025.08.05	01:38:27.059		0.87119			4
2025.08.05	01:38:32.597		0.87118			4
2025.08.05	01:38:36.897	0.87115				2
2025.08.05	01:38:43.666	0.87116	0.87119			6
2025.08.05	01:38:44.367		0.87118			4
2025.08.05	01:38:51.039	0.87115				2
2025.08.05	01:38:57.299		0.87119			4
2025.08.05	01:38:58.948		0.87118			4
2025.08.05	01:39:00.345	0.87115	0.87120			6
2025.08.05	01:39:02.666	0.87116	0.87121			6
2025.08.05	01:39:08.742	0.87115				2
2025.08.05	01:39:13.081		0.87120			4
2025.08.05	01:39:20.441	0.87116				2
2025.08.05	01:39:20.968		0.87119			4
2025.08.05	01:39:23.371	0.87115	0.87121			6
2025.08.05	01:39:23.738		0.87120			4
2025.08.05	01:39:27.279	0.87114	0.87119			6
2025.08.05	01:39:33.115	0.87115	0.87120			6
2025.08.05	01:39:35.751	0.87114				2
2025.08.05	01:39:38.743		0.87119			4
2025.08.05	01:39:41.908		0.87120			4
2025.08.05	01:39:42.432	0.87115				2
2025.08.05	01:39:45.632	0.87116				2
2025.08.05	01:39:52.681	0.87114	0.87119			6
2025.08.05	01:39:56.357	0.87113	0.87118			6
2025.08.05	01:39:56.969		0.87117			4
2025.08.05	01:39:58.613	0.87110	0.87116			6
2025.08.05	01:40:00.316	0.87110				2
2025.08.05	01:40:02.167	0.87109	0.87114			6
2025.08.05	01:40:09.356	0.87111				2
2025.08.05	01:40:09.661	0.87110	0.87116			6
2025.08.05	01:40:10.584	0.87111				2
2025.08.05	01:40:12.671	0.87110				2
2025.08.05	01:40:14.552	0.87111				2
2025.08.05	01:40:15.714		0.87117			4
2025.08.05	01:40:17.674	0.87112				2
2025.08.05	01:40:57.389		0.87115			4
2025.08.05	01:40:58.505		0.87114			4
2025.08.05	01:40:58.841		0.87115			4
2025.08.05	01:40:59.970	0.87115	0.87120			6
2025.08.05	01:41:00.358	0.87116	0.87119			6
2025.08.05	01:41:01.534	0.87114	0.87120			6
2025.08.05	01:41:09.214	0.87115	0.87121			6
2025.08.05	01:41:17.438	0.87116				2
2025.08.05	01:41:27.061	0.87115				2
2025.08.05	01:41:30.696		0.87120			4
2025.08.05	01:41:31.051	0.87114				2
2025.08.05	01:41:32.320	0.87115				2
2025.08.05	01:41:40.582	0.87114	0.87119			6
2025.08.05	01:41:40.887		0.87120			4
2025.08.05	01:41:41.978		0.87119			4
2025.08.05	01:41:49.998		0.87118			4
2025.08.05	01:41:51.268		0.87119			4
2025.08.05	01:41:51.602		0.87120			4
2025.08.05	01:41:52.579		0.87119			4
2025.08.05	01:41:57.940		0.87120			4
2025.08.05	01:42:02.638	0.87114	0.87118			6
2025.08.05	01:42:04.473		0.87119			4
2025.08.05	01:42:14.959		0.87117			4
2025.08.05	01:42:16.475		0.87115			4
2025.08.05	01:42:24.209		0.87116			4
2025.08.05	01:42:29.014	0.87110	0.87114			6
2025.08.05	01:42:31.198		0.87115			4
2025.08.05	01:42:32.397	0.87109				2
2025.08.05	01:42:39.546	0.87110				2
2025.08.05	01:42:41.553		0.87112			4
2025.08.05	01:42:41.898		0.87114			4
2025.08.05	01:42:43.861	0.87111	0.87115			6
2025.08.05	01:42:44.213		0.87113			4
2025.08.05	01:42:44.516		0.87115			4
2025.08.05	01:42:44.959	0.87110				2
2025.08.05	01:42:54.034	0.87111				2
2025.08.05	01:42:54.382		0.87116			4
2025.08.05	01:42:55.153	0.87110	0.87114			6
2025.08.05	01:43:00.037	0.87110				2
2025.08.05	01:43:01.755		0.87115			4
2025.08.05	01:43:08.174	0.87111				2
2025.08.05	01:43:11.151	0.87112	0.87116			6
2025.08.05	01:43:12.136	0.87113	0.87117			6
2025.08.05	01:43:13.001	0.87114				2
2025.08.05	01:43:13.831	0.87112	0.87115			6
2025.08.05	01:43:17.790	0.87111				2
2025.08.05	01:43:20.055	0.87112				2
2025.08.05	01:43:21.228	0.87113	0.87117			6
2025.08.05	01:43:22.270	0.87114				2
2025.08.05	01:43:22.668	0.87115				2
2025.08.05	01:43:23.268	0.87114				2
2025.08.05	01:43:52.118	0.87115	0.87118			6
2025.08.05	01:43:53.401		0.87117			4
2025.08.05	01:44:02.320	0.87114				2
2025.08.05	01:44:07.721		0.87116			4
2025.08.05	01:44:08.077	0.87115	0.87117			6
2025.08.05	01:44:21.117	0.87114	0.87116			6
2025.08.05	01:44:21.457	0.87115				2
2025.08.05	01:44:26.456		0.87117			4
2025.08.05	01:44:29.284		0.87116			4
2025.08.05	01:44:32.436	0.87114				2
2025.08.05	01:44:33.106		0.87115			4
2025.08.05	01:44:39.131	0.87115	0.87116			6
2025.08.05	01:44:45.804		0.87117			4
2025.08.05	01:44:46.184		0.87118			4
2025.08.05	01:44:46.705	0.87114				2
2025.08.05	01:44:52.422		0.87115			4
2025.08.05	01:45:01.093	0.87114	0.87116			6
2025.08.05	01:45:06.214		0.87115			4
2025.08.05	01:45:14.186		0.87116			4
2025.08.05	01:45:32.046		0.87115			4
2025.08.05	01:45:59.439		0.87116			4
2025.08.05	01:46:03.594	0.87114				2
2025.08.05	01:46:19.369		0.87115			4
2025.08.05	01:46:26.365	0.87113	0.87114			6
2025.08.05	01:46:28.923	0.87114	0.87115			6
2025.08.05	01:46:37.841		0.87116			4
2025.08.05	01:46:43.861		0.87115			4
2025.08.05	01:46:44.565		0.87116			4
2025.08.05	01:46:48.355		0.87115			4
2025.08.05	01:46:48.772		0.87116			4
2025.08.05	01:46:54.267		0.87115			4
2025.08.05	01:47:00.324	0.87114	0.87116			6
2025.08.05	01:47:03.939	0.87115	0.87118			6
2025.08.05	01:47:04.657		0.87117			4
2025.08.05	01:47:04.960	0.87114	0.87118			6
2025.08.05	01:47:05.271	0.87115	0.87119			6
2025.08.05	01:47:10.238		0.87118			4
2025.08.05	01:47:30.642	0.87114	0.87117			6
2025.08.05	01:47:38.245	0.87115	0.87118			6
2025.08.05	01:47:38.587	0.87117	0.87120			6
2025.08.05	01:47:44.589	0.87116	0.87118			6
2025.08.05	01:47:49.090		0.87120			4
2025.08.05	01:47:54.149		0.87119			4
2025.08.05	01:47:58.815	0.87114	0.87118			6
2025.08.05	01:48:01.731	0.87115				2
2025.08.05	01:48:09.316		0.87120			4
2025.08.05	01:48:34.427		0.87119			4
2025.08.05	01:48:35.039		0.87120			4
2025.08.05	01:48:37.137		0.87118			4
2025.08.05	01:48:39.362		0.87120			4
2025.08.05	01:48:45.637	0.87116				2
2025.08.05	01:48:46.366	0.87117				2
2025.08.05	01:48:47.348	0.87116				2
2025.08.05	01:48:48.164	0.87115				2
2025.08.05	01:48:49.363	0.87116				2
2025.08.05	01:48:52.361	0.87117				2
2025.08.05	01:48:52.662	0.87115				2
2025.08.05	01:48:55.382	0.87116				2
2025.08.05	01:48:58.372	0.87114	0.87118			6
2025.08.05	01:48:59.493		0.87117			4
2025.08.05	01:49:00.642	0.87114				2
2025.08.05	01:49:01.362	0.87115	0.87118			6
2025.08.05	01:49:01.680		0.87119			4
2025.08.05	01:49:08.362	0.87114	0.87118			6
2025.08.05	01:49:11.244	0.87115	0.87120			6
2025.08.05	01:49:16.362	0.87116	0.87118			6
2025.08.05	01:49:17.388	0.87115				2
2025.08.05	01:49:19.345	0.87118	0.87120			6
2025.08.05	01:49:20.484		0.87119			4
2025.08.05	01:49:24.815	0.87117	0.87120			6
2025.08.05	01:49:25.372	0.87116				2
2025.08.05	01:49:31.933		0.87119			4
2025.08.05	01:49:41.485	0.87114	0.87117			6
2025.08.05	01:50:00.041	0.87114				2
2025.08.05	01:50:10.236		0.87115			4
2025.08.05	01:50:12.375	0.87112	0.87113			6
2025.08.05	01:50:12.748	0.87110				2
2025.08.05	01:50:13.098	0.87112	0.87114			6
2025.08.05	01:50:13.449	0.87113				2
2025.08.05	01:50:13.858	0.87114	0.87115			6
2025.08.05	01:50:18.873	0.87113				2
2025.08.05	01:50:19.680	0.87112				2
2025.08.05	01:50:20.283		0.87116			4
2025.08.05	01:50:20.842	0.87113				2
2025.08.05	01:50:31.550		0.87117			4
2025.08.05	01:50:34.933		0.87116			4
2025.08.05	01:50:46.523		0.87115			4
2025.08.05	01:50:51.948	0.87111				2
2025.08.05	01:50:53.748	0.87112				2
2025.08.05	01:50:54.413		0.87116			4
2025.08.05	01:50:55.581		0.87117			4
2025.08.05	01:50:55.885		0.87116			4
2025.08.05	01:51:00.457	0.87112				2
2025.08.05	01:51:09.478		0.87115			4
2025.08.05	01:51:11.280	0.87113				2
2025.08.05	01:51:12.378	0.87112	0.87116			6
2025.08.05	01:51:26.310	0.87113				2
2025.08.05	01:51:26.656	0.87112	0.87115			6
2025.08.05	01:51:32.368		0.87116			4
2025.08.05	01:51:37.050	0.87113	0.87115			6
2025.08.05	01:51:40.540		0.87116			4
2025.08.05	01:51:44.504	0.87109	0.87113			6
2025.08.05	01:51:48.937	0.87108	0.87112			6
2025.08.05	01:51:56.356	0.87109				2
2025.08.05	01:51:57.388		0.87111			4
2025.08.05	01:52:01.135	0.87109				2
2025.08.05	01:52:07.594	0.87108	0.87112			6
2025.08.05	01:52:12.941		0.87111			4
2025.08.05	01:52:21.375	0.87109	0.87112			6
2025.08.05	01:52:45.339		0.87111			4
2025.08.05	01:52:46.961	0.87110	0.87114			6
2025.08.05	01:52:47.352		0.87112			4
2025.08.05	01:52:57.433	0.87109				2
2025.08.05	01:53:01.779	0.87109	0.87113			6
2025.08.05	01:53:17.202		0.87112			4
2025.08.05	01:53:21.338		0.87111			4
2025.08.05	01:53:41.783	0.87108				2
2025.08.05	01:53:48.778	0.87109	0.87112			6
2025.08.05	01:53:50.849	0.87110	0.87113			6
2025.08.05	01:53:56.498	0.87109	0.87112			6
2025.08.05	01:54:00.926	0.87109				2
2025.08.05	01:54:02.936	0.87110	0.87114			6
2025.08.05	01:54:06.079	0.87109	0.87113			6
2025.08.05	01:54:06.383	0.87110				2
2025.08.05	01:54:07.970	0.87109	0.87112			6
2025.08.05	01:54:12.588	0.87110	0.87113			6
2025.08.05	01:54:23.571	0.87109				2
2025.08.05	01:54:24.380	0.87110				2
2025.08.05	01:54:34.965		0.87114			4
2025.08.05	01:54:49.405		0.87112			4
2025.08.05	01:54:59.447		0.87113			4
2025.08.05	01:55:09.514	0.87110				2
2025.08.05	01:55:14.138		0.87114			4
2025.08.05	01:55:14.701	0.87109	0.87113			6
2025.08.05	01:55:15.146	0.87107	0.87112			6
2025.08.05	01:55:15.458	0.87108	0.87111			6
2025.08.05	01:55:16.336		0.87112			4
2025.08.05	01:55:20.250	0.87109				2
2025.08.05	01:55:21.657	0.87108				2
2025.08.05	01:55:34.054		0.87113			4
2025.08.05	01:55:37.238		0.87112			4
2025.08.05	01:55:52.148		0.87110			4
2025.08.05	01:55:52.457	0.87110	0.87114			6
2025.08.05	01:55:58.547	0.87109	0.87112			6
2025.08.05	01:56:00.316	0.87109				2
2025.08.05	01:56:17.745	0.87107	0.87110			6
2025.08.05	01:56:18.329	0.87108				2
2025.08.05	01:56:22.514		0.87109			4
2025.08.05	01:56:27.339	0.87107				2
2025.08.05	01:56:56.858		0.87110			4
2025.08.05	01:57:00.326	0.87107				2
2025.08.05	01:57:07.289	0.87105	0.87109			6
2025.08.05	01:57:07.732	0.87104	0.87108			6
2025.08.05	01:57:14.566	0.87105				2
2025.08.05	01:57:15.961		0.87109			4
2025.08.05	01:57:16.279	0.87107	0.87110			6
2025.08.05	01:57:16.603		0.87111			4
2025.08.05	01:57:17.053	0.87108				2
2025.08.05	01:57:27.378	0.87109				2
2025.08.05	01:57:32.199		0.87110			4
2025.08.05	01:57:40.493	0.87107				2
2025.08.05	01:57:45.608	0.87108	0.87111			6
2025.08.05	01:57:51.376		0.87112			4
2025.08.05	01:57:51.728		0.87111			4
2025.08.05	01:57:52.084	0.87107				2
2025.08.05	01:57:58.288		0.87112			4
2025.08.05	01:57:59.375	0.87108	0.87111			6
2025.08.05	01:58:00.564	0.87108				2
2025.08.05	01:58:00.893		0.87112			4
2025.08.05	01:58:06.906	0.87109				2
2025.08.05	01:58:08.998		0.87111			4
2025.08.05	01:58:20.768		0.87110			4
2025.08.05	01:58:21.983	0.87108				2
2025.08.05	01:58:32.379	0.87109	0.87111			6
2025.08.05	01:58:44.642		0.87112			4
2025.08.05	01:58:46.444	0.87110	0.87113			6
2025.08.05	01:58:51.351	0.87111				2
2025.08.05	01:58:54.947	0.87110				2
2025.08.05	01:58:59.098		0.87114			4
2025.08.05	01:58:59.665		0.87115			4
2025.08.05	01:59:00.397	0.87110				2
2025.08.05	01:59:01.782		0.87112			4
2025.08.05	01:59:03.813		0.87113			4
2025.08.05	01:59:04.529		0.87114			4
2025.08.05	01:59:11.024		0.87113			4
2025.08.05	01:59:14.114		0.87114			4
2025.08.05	01:59:16.811		0.87113			4
2025.08.05	01:59:27.130		0.87111			4
2025.08.05	01:59:29.951		0.87112			4
2025.08.05	01:59:35.364		0.87113			4
2025.08.05	01:59:37.768		0.87112			4
2025.08.05	01:59:38.877		0.87113			4
2025.08.05	01:59:40.655	0.87109				2
2025.08.05	01:59:49.230		0.87112			4
2025.08.05	02:00:00.324	0.87108				2
2025.08.05	02:00:00.683	0.87109				2
2025.08.05	02:00:01.390		0.87111			4
2025.08.05	02:00:01.908		0.87113			4
2025.08.05	02:00:02.225	0.87110				2
2025.08.05	02:00:02.852		0.87112			4
2025.08.05	02:00:06.455		0.87113			4
2025.08.05	02:00:07.266		0.87114			4
2025.08.05	02:00:07.625		0.87113			4
2025.08.05	02:00:10.519		0.87114			4
2025.08.05	02:00:10.997		0.87113			4
2025.08.05	02:00:15.542		0.87111			4
2025.08.05	02:00:22.920	0.87109	0.87110			6
2025.08.05	02:00:28.390		0.87111			4
2025.08.05	02:00:28.754		0.87110			4
2025.08.05	02:00:39.406	0.87107	0.87109			6
2025.08.05	02:00:41.238		0.87108			4
2025.08.05	02:00:49.633		0.87109			4
2025.08.05	02:00:50.421	0.87105	0.87108			6
2025.08.05	02:00:54.912		0.87109			4
2025.08.05	02:01:03.277	0.87105	0.87107			6
2025.08.05	02:01:03.599	0.87104				2
2025.08.05	02:01:04.396	0.87105				2
2025.08.05	02:01:04.967	0.87104				2
2025.08.05	02:01:08.762		0.87106			4
2025.08.05	02:01:09.858		0.87107			4
2025.08.05	02:01:11.637	0.87103	0.87106			6
2025.08.05	02:01:14.249		0.87105			4
2025.08.05	02:01:14.817		0.87106			4
2025.08.05	02:01:18.894	0.87105	0.87108			6
2025.08.05	02:01:22.029	0.87104				2
2025.08.05	02:01:22.376	0.87109	0.87110			6
2025.08.05	02:01:23.350		0.87111			4
2025.08.05	02:01:26.494	0.87107	0.87110			6
2025.08.05	02:01:28.102		0.87111			4
2025.08.05	02:01:29.896		0.87110			4
2025.08.05	02:01:30.412		0.87111			4
2025.08.05	02:01:32.710		0.87109			4
2025.08.05	02:01:33.040		0.87110			4
2025.08.05	02:01:37.121		0.87109			4
2025.08.05	02:01:40.556	0.87109	0.87111			6
2025.08.05	02:01:49.596	0.87110	0.87112			6
2025.08.05	02:01:49.912	0.87111	0.87114			6
2025.08.05	02:01:50.220	0.87109	0.87110			6
2025.08.05	02:01:50.526		0.87111			4
2025.08.05	02:01:50.847		0.87112			4
2025.08.05	02:01:51.820		0.87111			4
2025.08.05	02:01:52.252		0.87112			4
2025.08.05	02:01:55.734		0.87111			4
2025.08.05	02:02:00.182	0.87109				2
2025.08.05	02:02:01.793	0.87110	0.87114			6
2025.08.05	02:02:02.103		0.87113			4
2025.08.05	02:02:06.217	0.87109	0.87111			6
2025.08.05	02:02:06.521		0.87112			4
2025.08.05	02:02:13.518		0.87111			4
2025.08.05	02:02:25.396		0.87112			4
2025.08.05	02:02:29.169		0.87111			4
2025.08.05	02:02:32.254		0.87110			4
2025.08.05	02:02:32.859		0.87112			4
2025.08.05	02:03:00.456	0.87109				2
2025.08.05	02:03:03.891	0.87108	0.87111			6
2025.08.05	02:03:07.005	0.87109				2
2025.08.05	02:03:10.725	0.87108				2
2025.08.05	02:03:13.072	0.87109				2
2025.08.05	02:03:13.713	0.87108				2
2025.08.05	02:03:14.066	0.87111	0.87112			6
2025.08.05	02:03:14.378	0.87110	0.87113			6
2025.08.05	02:03:18.060	0.87111				2
2025.08.05	02:03:18.379	0.87110				2
2025.08.05	02:03:20.251	0.87111				2
2025.08.05	02:03:20.761	0.87110				2
2025.08.05	02:03:22.602	0.87111				2
2025.08.05	02:03:33.347	0.87112				2
2025.08.05	02:03:53.561		0.87114			4
2025.08.05	02:04:00.001	0.87112				2
2025.08.05	02:04:00.746	0.87111				2
2025.08.05	02:04:11.048	0.87112				2
2025.08.05	02:04:11.354	0.87113				2
2025.08.05	02:04:21.609		0.87115			4
2025.08.05	02:04:22.491	0.87112	0.87114			6
2025.08.05	02:04:27.410	0.87113				2
2025.08.05	02:04:28.255	0.87112	0.87113			6
2025.08.05	02:04:31.498	0.87111	0.87112			6
2025.08.05	02:04:32.138	0.87113	0.87114			6
2025.08.05	02:04:35.920		0.87115			4
2025.08.05	02:04:36.253	0.87112				2
2025.08.05	02:04:36.570	0.87113				2
2025.08.05	02:04:38.190	0.87114				2
2025.08.05	02:04:38.506	0.87117	0.87118			6
2025.08.05	02:04:41.460		0.87119			4
2025.08.05	02:04:41.779	0.87118				2
2025.08.05	02:05:00.221	0.87118				2
2025.08.05	02:05:11.252	0.87117				2
2025.08.05	02:05:13.058	0.87118				2
2025.08.05	02:05:17.111	0.87119	0.87120			6
2025.08.05	02:05:18.347	0.87118	0.87119			6
2025.08.05	02:05:33.360	0.87116	0.87118			6
2025.08.05	02:05:33.693	0.87117				2
2025.08.05	02:05:38.053	0.87116	0.87117			6
2025.08.05	02:05:44.037	0.87117	0.87119			6
2025.08.05	02:05:49.166	0.87116				2
2025.08.05	02:05:54.942		0.87118			4
2025.08.05	02:05:55.305	0.87117				2
2025.08.05	02:05:59.667		0.87119			4
2025.08.05	02:06:00.363	0.87116				2
2025.08.05	02:06:02.175		0.87120			4
2025.08.05	02:06:08.966		0.87119			4
2025.08.05	02:06:09.374		0.87120			4
2025.08.05	02:07:00.511	0.87116				2
2025.08.05	02:07:05.973	0.87115	0.87119			6
2025.08.05	02:07:09.705	0.87116	0.87120			6
2025.08.05	02:07:18.312	0.87117				2
2025.08.05	02:07:59.033	0.87116				2
2025.08.05	02:08:00.260	0.87116				2
2025.08.05	02:08:09.951	0.87115	0.87119			6
2025.08.05	02:08:20.827	0.87116				2
2025.08.05	02:08:21.224	0.87117				2
2025.08.05	02:08:26.026		0.87120			4
2025.08.05	02:08:27.464	0.87116				2
2025.08.05	02:08:33.655		0.87117			4
2025.08.05	02:08:33.956		0.87120			4
2025.08.05	02:08:38.444		0.87119			4
2025.08.05	02:08:45.356		0.87120			4
2025.08.05	02:08:52.586	0.87115	0.87118			6
2025.08.05	02:08:53.599		0.87119			4
2025.08.05	02:08:59.533		0.87118			4
2025.08.05	02:09:00.056	0.87115				2
2025.08.05	02:09:09.708		0.87119			4
2025.08.05	02:09:21.323		0.87118			4
2025.08.05	02:09:25.156	0.87114	0.87117			6
2025.08.05	02:09:27.956		0.87116			4
2025.08.05	02:09:31.053	0.87115	0.87117			6
2025.08.05	02:09:35.800	0.87114				2
2025.08.05	02:09:37.800	0.87115				2
2025.08.05	02:09:50.070		0.87119			4
2025.08.05	02:09:50.378	0.87116				2
2025.08.05	02:10:00.422	0.87116				2
2025.08.05	02:10:08.444	0.87115				2
2025.08.05	02:10:08.897	0.87116				2
2025.08.05	02:10:15.367	0.87114	0.87117			6
2025.08.05	02:10:16.345		0.87116			4
2025.08.05	02:10:20.632	0.87113				2
2025.08.05	02:10:21.969		0.87117			4
2025.08.05	02:10:24.658	0.87114	0.87118			6
2025.08.05	02:10:25.135		0.87117			4
2025.08.05	02:10:28.732		0.87116			4
2025.08.05	02:10:32.380		0.87117			4
2025.08.05	02:10:44.177	0.87113	0.87116			6
2025.08.05	02:10:55.501		0.87115			4
2025.08.05	02:10:56.877	0.87111				2
2025.08.05	02:11:00.358	0.87112				2
2025.08.05	02:11:08.454		0.87114			4
2025.08.05	02:11:09.250		0.87115			4
2025.08.05	02:11:11.252		0.87114			4
2025.08.05	02:11:14.390		0.87115			4
2025.08.05	02:11:14.701	0.87113	0.87114			6
2025.08.05	02:11:15.077	0.87112	0.87115			6
2025.08.05	02:11:15.757	0.87115	0.87118			6
2025.08.05	02:11:16.059	0.87114				2
2025.08.05	02:11:17.059		0.87117			4
2025.08.05	02:11:19.060		0.87116			4
2025.08.05	02:11:19.363		0.87117			4
2025.08.05	02:11:20.233		0.87118			4
2025.08.05	02:11:20.540	0.87115				2
2025.08.05	02:11:36.835		0.87117			4
2025.08.05	02:11:39.455	0.87116	0.87119			6
2025.08.05	02:11:43.308	0.87115				2
2025.08.05	02:11:43.969		0.87118			4
2025.08.05	02:11:50.235		0.87119			4
2025.08.05	02:11:51.330	0.87117				2
2025.08.05	02:11:53.101	0.87116				2
2025.08.05	02:12:00.456	0.87116				2
2025.08.05	02:12:02.249	0.87119	0.87120			6
2025.08.05	02:12:02.958		0.87121			4
2025.08.05	02:12:06.129		0.87122			4
2025.08.05	02:12:11.344		0.87121			4
2025.08.05	02:12:14.151	0.87118	0.87120			6
2025.08.05	02:12:19.077	0.87119	0.87121			6
2025.08.05	02:12:21.332	0.87118				2
2025.08.05	02:12:22.475		0.87120			4
2025.08.05	02:12:32.492	0.87117				2
2025.08.05	02:12:33.035	0.87116	0.87119			6
2025.08.05	02:12:36.518		0.87118			4
2025.08.05	02:12:36.836	0.87117	0.87119			6
2025.08.05	02:12:38.925	0.87116				2
2025.08.05	02:12:43.462		0.87120			4
2025.08.05	02:12:43.783		0.87118			4
2025.08.05	02:12:49.895		0.87119			4
2025.08.05	02:12:59.503	0.87117				2
2025.08.05	02:13:00.223	0.87117				2
2025.08.05	02:13:08.780	0.87116				2
2025.08.05	02:13:18.138	0.87117				2
2025.08.05	02:13:18.746	0.87116				2
2025.08.05	02:13:22.399	0.87117	0.87120			6
2025.08.05	02:13:32.376		0.87119			4
2025.08.05	02:13:34.767	0.87118	0.87120			6
2025.08.05	02:13:44.232		0.87121			4
2025.08.05	02:13:45.255	0.87120	0.87122			6
2025.08.05	02:13:45.558	0.87119				2
2025.08.05	02:13:56.542	0.87120	0.87123			6
2025.08.05	02:14:00.177	0.87120				2
2025.08.05	02:14:01.153	0.87121	0.87124			6
2025.08.05	02:14:12.271	0.87120	0.87123			6
2025.08.05	02:14:12.578	0.87119	0.87122			6
2025.08.05	02:14:14.444	0.87118	0.87121			6
2025.08.05	02:14:16.467		0.87120			4
2025.08.05	02:14:20.586	0.87117				2
2025.08.05	02:14:25.213		0.87119			4
2025.08.05	02:14:25.517	0.87116				2
2025.08.05	02:14:33.864	0.87117				2
2025.08.05	02:14:34.178	0.87116				2
2025.08.05	02:14:40.391		0.87118			4
2025.08.05	02:14:44.667	0.87114	0.87117			6
2025.08.05	02:15:00.305	0.87114				2
2025.08.05	02:15:08.438		0.87116			4
2025.08.05	02:15:13.178	0.87113	0.87115			6
2025.08.05	02:15:30.308		0.87116			4
2025.08.05	02:15:50.061	0.87114				2
2025.08.05	02:16:00.648	0.87114				2
2025.08.05	02:16:05.134	0.87113				2
2025.08.05	02:16:05.447	0.87112				2
2025.08.05	02:16:11.763	0.87113				2
2025.08.05	02:16:16.023		0.87115			4
2025.08.05	02:17:00.491	0.87113				2
2025.08.05	02:17:01.837		0.87116			4
2025.08.05	02:17:02.140		0.87115			4
2025.08.05	02:17:03.613	0.87112	0.87114			6
2025.08.05	02:17:11.580		0.87115			4
2025.08.05	02:17:17.874		0.87114			4
2025.08.05	02:17:20.890		0.87115			4
2025.08.05	02:17:22.954		0.87114			4
2025.08.05	02:17:25.009		0.87115			4
2025.08.05	02:17:26.642		0.87114			4
2025.08.05	02:17:29.066		0.87115			4
2025.08.05	02:17:29.378	0.87111				2
2025.08.05	02:17:29.696		0.87114			4
2025.08.05	02:17:37.495	0.87113	0.87115			6
2025.08.05	02:17:37.801		0.87116			4
2025.08.05	02:17:38.513	0.87112	0.87114			6
2025.08.05	02:17:39.705		0.87113			4
2025.08.05	02:17:47.086	0.87109	0.87111			6
2025.08.05	02:17:47.399	0.87107	0.87109			6
2025.08.05	02:17:47.706		0.87108			4
2025.08.05	02:18:00.326	0.87107				2
2025.08.05	02:18:03.385		0.87109			4
2025.08.05	02:18:03.691	0.87109	0.87111			6
2025.08.05	02:18:04.964		0.87110			4
2025.08.05	02:18:07.281	0.87110	0.87111			6
2025.08.05	02:18:17.302	0.87107	0.87108			6
2025.08.05	02:18:18.862		0.87109			4
2025.08.05	02:18:19.163		0.87108			4
2025.08.05	02:18:29.867		0.87109			4
2025.08.05	02:18:30.451		0.87108			4
2025.08.05	02:18:42.455	0.87108	0.87109			6
2025.08.05	02:19:00.462	0.87108				2
2025.08.05	02:19:01.652	0.87106	0.87107			6
2025.08.05	02:19:13.473	0.87107	0.87109			6
2025.08.05	02:19:17.210		0.87108			4
2025.08.05	02:19:29.713		0.87109			4
2025.08.05	02:20:00.327	0.87107				2
2025.08.05	02:20:01.900	0.87108	0.87111			6
2025.08.05	02:20:02.667	0.87109				2
2025.08.05	02:20:08.660		0.87110			4
2025.08.05	02:20:12.473	0.87108				2
2025.08.05	02:20:16.405		0.87111			4
2025.08.05	02:20:16.863		0.87109			4
2025.08.05	02:20:18.621	0.87109	0.87110			6
2025.08.05	02:20:26.857		0.87111			4
2025.08.05	02:20:29.285	0.87108				2
2025.08.05	02:20:31.194		0.87112			4
2025.08.05	02:20:35.664	0.87109				2
2025.08.05	02:20:48.960	0.87108	0.87110			6
2025.08.05	02:20:49.281	0.87110	0.87111			6
2025.08.05	02:20:50.696	0.87109				2
2025.08.05	02:20:51.517		0.87110			4
2025.08.05	02:20:54.082		0.87111			4
2025.08.05	02:20:57.456	0.87110				2
2025.08.05	02:21:00.384	0.87110				2
2025.08.05	02:21:03.378	0.87111	0.87112			6
2025.08.05	02:21:04.266		0.87113			4
2025.08.05	02:21:05.317		0.87112			4
2025.08.05	02:21:09.936		0.87113			4
2025.08.05	02:21:13.233	0.87112				2
2025.08.05	02:21:26.459	0.87110				2
2025.08.05	02:21:37.043	0.87111				2
2025.08.05	02:21:49.692	0.87110	0.87112			6
2025.08.05	02:21:56.570	0.87111	0.87113			6
2025.08.05	02:22:01.202	0.87110				2
2025.08.05	02:22:20.598		0.87112			4
2025.08.05	02:22:20.911	0.87111	0.87113			6
2025.08.05	02:22:45.412		0.87112			4
2025.08.05	02:22:52.461	0.87110				2
2025.08.05	02:23:01.397	0.87110				2
2025.08.05	02:23:03.601	0.87108	0.87110			6
2025.08.05	02:23:04.918		0.87109			4
2025.08.05	02:23:29.513		0.87110			4
2025.08.05	02:23:29.903		0.87109			4
2025.08.05	02:23:46.637		0.87110			4
2025.08.05	02:23:51.046		0.87109			4
2025.08.05	02:23:51.786	0.87107				2
2025.08.05	02:23:53.898	0.87108				2
2025.08.05	02:24:00.456	0.87108				2
2025.08.05	02:24:01.351	0.87107	0.87108			6
2025.08.05	02:24:01.737	0.87108	0.87109			6
2025.08.05	02:24:13.754	0.87109	0.87110			6
2025.08.05	02:24:51.343	0.87110	0.87111			6
2025.08.05	02:25:00.303	0.87110				2
2025.08.05	02:25:03.600		0.87114			4
2025.08.05	02:25:04.780		0.87112			4
2025.08.05	02:25:07.838		0.87113			4
2025.08.05	02:25:14.250	0.87108	0.87110			6
2025.08.05	02:25:14.562		0.87109			4
2025.08.05	02:26:00.117	0.87108				2
2025.08.05	02:26:12.877		0.87110			4
2025.08.05	02:26:14.067	0.87109	0.87111			6
2025.08.05	02:26:26.800	0.87110	0.87112			6
2025.08.05	02:26:47.968		0.87113			4
2025.08.05	02:26:48.305	0.87111				2
2025.08.05	02:26:50.428	0.87110				2
2025.08.05	02:26:52.324	0.87111				2
2025.08.05	02:27:00.281	0.87111				2
2025.08.05	02:27:16.563	0.87109				2
2025.08.05	02:27:22.323		0.87112			4
2025.08.05	02:27:28.380	0.87110	0.87113			6
2025.08.05	02:27:43.840	0.87112	0.87115			6
2025.08.05	02:27:44.159		0.87114			4
2025.08.05	02:27:44.473	0.87114	0.87116			6
2025.08.05	02:27:57.668	0.87113	0.87115			6
2025.08.05	02:27:59.540		0.87116			4
2025.08.05	02:28:00.026	0.87113				2
2025.08.05	02:28:05.828		0.87117			4
2025.08.05	02:28:09.409	0.87114				2
2025.08.05	02:28:32.274	0.87115				2
2025.08.05	02:28:32.946	0.87114				2
2025.08.05	02:28:33.261	0.87115	0.87116			6
2025.08.05	02:28:36.320	0.87114				2
2025.08.05	02:28:39.110	0.87115				2
2025.08.05	02:28:58.855	0.87114				2
2025.08.05	02:29:00.327	0.87114				2
2025.08.05	02:29:00.828	0.87113				2
2025.08.05	02:29:04.921		0.87115			4
2025.08.05	02:29:16.804	0.87114				2
2025.08.05	02:29:30.789	0.87115	0.87116			6
2025.08.05	02:29:57.385	0.87116	0.87117			6
2025.08.05	02:30:00.382	0.87116				2
2025.08.05	02:30:03.963		0.87118			4
2025.08.05	02:30:06.577		0.87119			4
2025.08.05	02:30:07.519		0.87118			4
2025.08.05	02:30:09.501	0.87117				2
2025.08.05	02:30:12.818	0.87116				2
2025.08.05	02:30:13.328	0.87117				2
2025.08.05	02:30:16.934	0.87116				2
2025.08.05	02:30:43.956	0.87117				2
2025.08.05	02:30:45.122		0.87119			4
2025.08.05	02:30:51.882		0.87118			4
2025.08.05	02:30:57.983	0.87116				2
2025.08.05	02:30:58.353	0.87117	0.87119			6
2025.08.05	02:31:01.229	0.87117				2
2025.08.05	02:31:02.393	0.87116	0.87118			6
2025.08.05	02:31:03.186	0.87117				2
2025.08.05	02:31:03.536		0.87119			4
2025.08.05	02:31:04.081	0.87116	0.87118			6
2025.08.05	02:31:04.394	0.87117	0.87120			6
2025.08.05	02:31:04.871	0.87118				2
2025.08.05	02:31:09.380	0.87117				2
2025.08.05	02:31:13.263		0.87119			4
2025.08.05	02:31:14.554		0.87118			4
2025.08.05	02:31:36.595	0.87118	0.87119			6
2025.08.05	02:31:40.845	0.87117	0.87118			6
2025.08.05	02:32:00.609	0.87117				2
2025.08.05	02:32:05.336		0.87120			4
2025.08.05	02:32:12.383	0.87118				2
2025.08.05	02:32:20.172	0.87115	0.87118			6
2025.08.05	02:32:22.389	0.87114				2
2025.08.05	02:32:27.026		0.87117			4
2025.08.05	02:32:37.962	0.87115				2
2025.08.05	02:32:58.356	0.87113	0.87114			6
2025.08.05	02:33:00.353	0.87113				2
2025.08.05	02:33:02.269	0.87112	0.87113			6
2025.08.05	02:33:03.572	0.87111	0.87112			6
2025.08.05	02:33:06.955	0.87112	0.87113			6
2025.08.05	02:33:09.030	0.87111	0.87112			6
2025.08.05	02:33:17.089		0.87113			4
2025.08.05	02:33:21.764		0.87114			4
2025.08.05	02:33:23.918	0.87112				2
2025.08.05	02:33:32.958	0.87113				2
2025.08.05	02:33:44.358	0.87112				2
2025.08.05	02:33:45.904	0.87113				2
2025.08.05	02:33:46.300	0.87112				2
2025.08.05	02:33:56.781		0.87113			4
2025.08.05	02:34:01.554	0.87111	0.87112			6
2025.08.05	02:34:01.942	0.87112	0.87113			6
2025.08.05	02:34:18.996	0.87111	0.87112			6
2025.08.05	02:34:20.381	0.87112	0.87113			6
2025.08.05	02:34:37.367	0.87111	0.87112			6
2025.08.05	02:34:37.775	0.87112	0.87113			6
2025.08.05	02:34:39.680	0.87110	0.87112			6
2025.08.05	02:34:42.022		0.87111			4
2025.08.05	02:34:47.208	0.87109	0.87110			6
2025.08.05	02:34:49.762	0.87110	0.87111			6
2025.08.05	02:34:54.835	0.87109	0.87110			6
2025.08.05	02:35:00.352	0.87109				2
2025.08.05	02:35:10.655	0.87108	0.87111			6
2025.08.05	02:35:21.141		0.87112			4
2025.08.05	02:35:30.836	0.87109				2
2025.08.05	02:35:36.421	0.87110				2
2025.08.05	02:35:42.603		0.87111			4
2025.08.05	02:36:02.896	0.87110				2
2025.08.05	02:36:24.665	0.87108	0.87110			6
2025.08.05	02:36:30.672	0.87107	0.87108			6
2025.08.05	02:36:31.824	0.87106	0.87107			6
2025.08.05	02:36:40.824	0.87105	0.87106			6
2025.08.05	02:36:41.146		0.87107			4
2025.08.05	02:36:42.162		0.87106			4
2025.08.05	02:36:42.593	0.87106	0.87107			6
2025.08.05	02:36:45.768	0.87105	0.87106			6
2025.08.05	02:36:46.079	0.87106	0.87107			6
2025.08.05	02:36:54.568	0.87104	0.87105			6
2025.08.05	02:36:55.503	0.87105	0.87106			6
2025.08.05	02:36:57.923	0.87104	0.87105			6
2025.08.05	02:36:58.272	0.87105	0.87106			6
2025.08.05	02:36:58.594	0.87104	0.87105			6
2025.08.05	02:36:59.028	0.87103	0.87104			6
2025.08.05	02:36:59.631	0.87104	0.87105			6
2025.08.05	02:37:02.318	0.87104				2
2025.08.05	02:37:04.288	0.87103	0.87106			6
2025.08.05	02:37:04.722	0.87104				2
2025.08.05	02:37:09.092	0.87105				2
2025.08.05	02:37:10.360	0.87106	0.87107			6
2025.08.05	02:37:25.270	0.87105	0.87108			6
2025.08.05	02:37:30.539	0.87106	0.87107			6
2025.08.05	02:37:33.949	0.87105				2
2025.08.05	02:37:38.511		0.87108			4
2025.08.05	02:37:38.827	0.87106				2
2025.08.05	02:37:58.305		0.87107			4
2025.08.05	02:38:00.004	0.87106	0.87108			6
2025.08.05	02:38:23.062	0.87105	0.87109			6
2025.08.05	02:38:25.999	0.87106				2
2025.08.05	02:38:32.908	0.87105	0.87107			6
2025.08.05	02:38:38.490	0.87107	0.87108			6
2025.08.05	02:38:41.758	0.87106				2
2025.08.05	02:38:57.503		0.87107			4
2025.08.05	02:39:02.004	0.87106				2
2025.08.05	02:39:04.489		0.87108			4
2025.08.05	02:39:12.900	0.87107				2
2025.08.05	02:39:26.900	0.87110	0.87112			6
2025.08.05	02:39:53.685	0.87111	0.87113			6
2025.08.05	02:40:00.396	0.87111				2
2025.08.05	02:40:06.857		0.87112			4
2025.08.05	02:40:09.410		0.87113			4
2025.08.05	02:40:18.469	0.87110				2
2025.08.05	02:40:27.638		0.87112			4
2025.08.05	02:40:34.499	0.87111				2
2025.08.05	02:40:44.428		0.87113			4
2025.08.05	02:40:45.793	0.87110				2
2025.08.05	02:40:54.181		0.87112			4
2025.08.05	02:41:01.048	0.87110	0.87113			6
2025.08.05	02:41:10.662	0.87112	0.87114			6
2025.08.05	02:41:16.023	0.87113				2
2025.08.05	02:41:24.200	0.87112				2
2025.08.05	02:41:56.185		0.87115			4
2025.08.05	02:41:56.993		0.87114			4
2025.08.05	02:41:59.031		0.87113			4
2025.08.05	02:42:00.124	0.87112				2
2025.08.05	02:42:00.489		0.87114			4
2025.08.05	02:42:09.083		0.87115			4
2025.08.05	02:42:12.377		0.87114			4
2025.08.05	02:42:22.378		0.87113			4
2025.08.05	02:42:36.108		0.87114			4
2025.08.05	02:42:44.824	0.87111	0.87115			6
2025.08.05	02:42:46.351		0.87113			4
2025.08.05	02:42:47.340		0.87114			4
2025.08.05	02:42:48.345		0.87113			4
2025.08.05	02:42:49.341		0.87114			4
2025.08.05	02:42:50.598		0.87115			4
2025.08.05	02:42:50.931		0.87113			4
2025.08.05	02:42:54.254		0.87114			4
2025.08.05	02:43:00.435	0.87111				2
2025.08.05	02:43:01.821		0.87113			4
2025.08.05	02:43:04.466	0.87113	0.87115			6
2025.08.05	02:43:21.767	0.87112	0.87114			6
2025.08.05	02:43:25.044		0.87115			4
2025.08.05	02:43:26.811	0.87113				2
2025.08.05	02:43:54.390	0.87112	0.87114			6
2025.08.05	02:44:00.334	0.87112				2
2025.08.05	02:44:27.558		0.87113			4
2025.08.05	02:44:27.876		0.87114			4
2025.08.05	02:44:42.689	0.87113	0.87115			6
2025.08.05	02:44:53.742	0.87112	0.87114			6
2025.08.05	02:44:59.509		0.87113			4
2025.08.05	02:45:00.353	0.87112				2
2025.08.05	02:45:02.292		0.87114			4
2025.08.05	02:45:12.024		0.87113			4
2025.08.05	02:45:25.331	0.87111	0.87114			6
2025.08.05	02:45:28.317	0.87112	0.87113			6
2025.08.05	02:45:34.539		0.87114			4
2025.08.05	02:45:57.019		0.87113			4
2025.08.05	02:46:00.222	0.87112				2
2025.08.05	02:46:04.497		0.87114			4
2025.08.05	02:46:05.871		0.87113			4
2025.08.05	02:46:07.942	0.87111	0.87112			6
2025.08.05	02:46:08.257		0.87113			4
2025.08.05	02:46:09.343	0.87112	0.87114			6
2025.08.05	02:46:10.973	0.87111	0.87113			6
2025.08.05	02:46:23.010	0.87112				2
2025.08.05	02:46:43.599	0.87111				2
2025.08.05	02:47:00.757	0.87111				2
2025.08.05	02:47:11.839		0.87113			4
2025.08.05	02:47:37.016	0.87112	0.87114			6
2025.08.05	02:47:38.930	0.87113	0.87115			6
2025.08.05	02:47:45.868	0.87114	0.87116			6
2025.08.05	02:47:51.117		0.87115			4
2025.08.05	02:47:54.527		0.87116			4
2025.08.05	02:48:01.388	0.87113	0.87115			6
2025.08.05	02:48:02.069	0.87114				2
2025.08.05	02:48:04.315	0.87113	0.87114			6
2025.08.05	02:48:06.408	0.87112	0.87113			6
2025.08.05	02:48:12.206	0.87111	0.87114			6
2025.08.05	02:48:25.838		0.87113			4
2025.08.05	02:48:32.635		0.87114			4
2025.08.05	02:48:33.290	0.87113	0.87115			6
2025.08.05	02:48:34.335		0.87116			4
2025.08.05	02:48:34.677	0.87114				2
2025.08.05	02:49:00.226	0.87114				2
2025.08.05	02:49:05.523		0.87117			4
2025.08.05	02:49:12.902		0.87116			4
2025.08.05	02:49:16.480		0.87117			4
2025.08.05	02:49:20.601		0.87116			4
2025.08.05	02:49:23.772	0.87113	0.87117			6
2025.08.05	02:49:24.109	0.87115				2
2025.08.05	02:49:27.468		0.87116			4
2025.08.05	02:49:29.477	0.87114	0.87115			6
2025.08.05	02:49:31.587		0.87116			4
2025.08.05	02:49:33.496	0.87115				2
2025.08.05	02:49:41.956	0.87116	0.87117			6
2025.08.05	02:49:47.155	0.87115	0.87116			6
2025.08.05	02:50:00.726	0.87115				2
2025.08.05	02:50:01.902		0.87117			4
2025.08.05	02:50:03.373		0.87116			4
2025.08.05	02:50:35.514		0.87117			4
2025.08.05	02:50:36.238		0.87116			4
2025.08.05	02:50:52.528	0.87113				2
2025.08.05	02:50:54.890	0.87115	0.87117			6
2025.08.05	02:50:56.764	0.87114	0.87116			6
2025.08.05	02:51:02.121	0.87114				2
2025.08.05	02:51:03.569		0.87115			4
2025.08.05	02:51:05.590	0.87110	0.87113			6
2025.08.05	02:51:07.293		0.87112			4
2025.08.05	02:51:14.824	0.87114	0.87115			6
2025.08.05	02:51:54.250	0.87112	0.87114			6
2025.08.05	02:52:02.654	0.87112				2
2025.08.05	02:52:16.669	0.87114	0.87116			6
2025.08.05	02:52:26.408	0.87116	0.87117			6
2025.08.05	02:52:35.351	0.87114	0.87116			6
2025.08.05	02:52:37.600	0.87115				2
2025.08.05	02:52:39.244	0.87114				2
2025.08.05	02:52:40.461	0.87115				2
2025.08.05	02:52:48.193	0.87116	0.87117			6
2025.08.05	02:52:55.258	0.87115				2
2025.08.05	02:52:55.639		0.87116			4
2025.08.05	02:52:56.280	0.87114				2
2025.08.05	02:52:59.931	0.87115				2
2025.08.05	02:53:01.547	0.87115				2
2025.08.05	02:53:05.950		0.87117			4
2025.08.05	02:53:10.320	0.87116				2
2025.08.05	02:53:15.280	0.87115	0.87118			6
2025.08.05	02:53:17.657	0.87116				2
2025.08.05	02:53:21.792	0.87114	0.87115			6
2025.08.05	02:53:22.101		0.87116			4
2025.08.05	02:53:26.424	0.87115				2
2025.08.05	02:53:29.978	0.87113				2
2025.08.05	02:53:30.857	0.87114				2
2025.08.05	02:53:38.465	0.87115	0.87117			6
2025.08.05	02:53:41.890	0.87116				2
2025.08.05	02:53:48.419		0.87118			4
2025.08.05	02:53:49.861	0.87115	0.87117			6
2025.08.05	02:53:57.780		0.87116			4
2025.08.05	02:53:58.390		0.87117			4
2025.08.05	02:54:00.530	0.87115				2
2025.08.05	02:54:05.036	0.87116				2
2025.08.05	02:54:12.773	0.87115				2
2025.08.05	02:54:14.933		0.87116			4
2025.08.05	02:54:15.242	0.87114	0.87115			6
2025.08.05	02:54:15.571	0.87115	0.87116			6
2025.08.05	02:54:15.873		0.87117			4
2025.08.05	02:54:16.230		0.87116			4
2025.08.05	02:54:17.318		0.87117			4
2025.08.05	02:54:21.455	0.87116				2
2025.08.05	02:54:32.358	0.87115	0.87118			6
2025.08.05	02:54:32.960	0.87116	0.87117			6
2025.08.05	02:54:37.749	0.87117	0.87118			6
2025.08.05	02:54:48.902	0.87116				2
2025.08.05	02:54:49.992	0.87117	0.87119			6
2025.08.05	02:54:51.306		0.87118			4
2025.08.05	02:55:00.215	0.87117				2
2025.08.05	02:55:00.624		0.87119			4
2025.08.05	02:55:00.939	0.87116				2
2025.08.05	02:55:06.020	0.87117				2
2025.08.05	02:55:06.347	0.87116	0.87118			6
2025.08.05	02:55:07.852	0.87115	0.87116			6
2025.08.05	02:55:08.159	0.87114				2
2025.08.05	02:55:12.288	0.87115	0.87117			6
2025.08.05	02:55:16.708	0.87114	0.87116			6
2025.08.05	02:55:24.225	0.87115	0.87117			6
2025.08.05	02:55:25.209	0.87114	0.87116			6
2025.08.05	02:55:29.653	0.87115				2
2025.08.05	02:55:32.724	0.87116	0.87118			6
2025.08.05	02:55:36.456		0.87117			4
2025.08.05	02:55:38.234	0.87115	0.87118			6
2025.08.05	02:55:46.391		0.87117			4
2025.08.05	02:56:00.558	0.87115				2
2025.08.05	02:56:09.162	0.87116				2
2025.08.05	02:56:14.123		0.87118			4
2025.08.05	02:56:14.460		0.87117			4
2025.08.05	02:56:20.603		0.87118			4
2025.08.05	02:56:22.988		0.87117			4
2025.08.05	02:56:32.630		0.87118			4
2025.08.05	02:56:33.848		0.87117			4
2025.08.05	02:56:38.400		0.87118			4
2025.08.05	02:56:45.177		0.87117			4
2025.08.05	02:57:02.026	0.87116				2
2025.08.05	02:57:12.246		0.87118			4
2025.08.05	02:57:26.793		0.87117			4
2025.08.05	02:57:27.192	0.87115				2
2025.08.05	02:57:29.073	0.87116				2
2025.08.05	02:57:29.415	0.87114	0.87115			6
2025.08.05	02:57:33.902		0.87116			4
2025.08.05	02:57:48.870		0.87115			4
2025.08.05	02:57:54.149		0.87116			4
2025.08.05	02:57:54.457		0.87115			4
2025.08.05	02:58:00.354	0.87114				2
2025.08.05	02:58:02.319	0.87113				2
2025.08.05	02:58:18.312	0.87115	0.87116			6
2025.08.05	02:58:19.938	0.87114	0.87115			6
2025.08.05	02:58:21.257	0.87115	0.87116			6
2025.08.05	02:58:25.344	0.87114	0.87115			6
2025.08.05	02:58:25.655	0.87115	0.87116			6
2025.08.05	02:58:37.423	0.87113	0.87114			6
2025.08.05	02:58:39.500	0.87112				2
2025.08.05	02:58:54.939		0.87113			4
2025.08.05	02:58:56.289		0.87114			4
2025.08.05	02:58:59.839	0.87113				2
2025.08.05	02:59:00.219	0.87113				2
2025.08.05	02:59:03.072	0.87111	0.87113			6
2025.08.05	02:59:23.642		0.87114			4
2025.08.05	02:59:24.363		0.87113			4
2025.08.05	02:59:24.680		0.87114			4
2025.08.05	02:59:25.227	0.87112				2
2025.08.05	02:59:29.757	0.87111				2
2025.08.05	02:59:31.719		0.87113			4
2025.08.05	02:59:36.559	0.87109	0.87111			6
2025.08.05	02:59:39.389	0.87110				2
2025.08.05	02:59:49.240	0.87111	0.87113			6
2025.08.05	02:59:49.569		0.87112			4
2025.08.05	03:00:00.349	0.87111				2
2025.08.05	03:00:01.362	0.87106	0.87107			6
2025.08.05	03:00:01.680	0.87105	0.87106			6
2025.08.05	03:00:01.983	0.87108	0.87109			6
2025.08.05	03:00:02.302	0.87107				2
2025.08.05	03:00:02.612	0.87109	0.87111			6
2025.08.05	03:00:03.691	0.87110				2
2025.08.05	03:00:05.184	0.87111	0.87112			6
2025.08.05	03:00:08.902	0.87110	0.87111			6
2025.08.05	03:00:11.182	0.87111	0.87113			6
2025.08.05	03:00:11.500	0.87112	0.87114			6
2025.08.05	03:00:17.415		0.87115			4
2025.08.05	03:00:18.479		0.87114			4
2025.08.05	03:00:20.146	0.87113	0.87115			6
2025.08.05	03:00:20.472	0.87112	0.87113			6
2025.08.05	03:00:21.270		0.87115			4
2025.08.05	03:00:21.614	0.87113				2
2025.08.05	03:00:22.102	0.87111	0.87112			6
2025.08.05	03:00:23.106	0.87108	0.87111			6
2025.08.05	03:00:23.950	0.87111	0.87113			6
2025.08.05	03:00:24.256		0.87112			4
2025.08.05	03:00:24.716		0.87114			4
2025.08.05	03:00:25.217		0.87112			4
2025.08.05	03:00:26.397	0.87113	0.87115			6
2025.08.05	03:00:27.793	0.87112				2
2025.08.05	03:00:28.125	0.87113	0.87114			6
2025.08.05	03:00:30.057	0.87111	0.87112			6
2025.08.05	03:00:30.379	0.87112	0.87113			6
2025.08.05	03:00:33.816	0.87111				2
2025.08.05	03:00:34.867	0.87112				2
2025.08.05	03:00:36.281		0.87114			4
2025.08.05	03:00:38.032	0.87113	0.87115			6
2025.08.05	03:00:38.664	0.87114	0.87116			6
2025.08.05	03:00:39.323	0.87113	0.87115			6
2025.08.05	03:00:41.117	0.87115	0.87116			6
2025.08.05	03:00:42.387	0.87116	0.87117			6
2025.08.05	03:00:46.901		0.87118			4
2025.08.05	03:00:51.756		0.87117			4
2025.08.05	03:00:53.834		0.87118			4
2025.08.05	03:00:54.874		0.87119			4
2025.08.05	03:00:55.197		0.87118			4
2025.08.05	03:00:57.259	0.87117	0.87119			6
2025.08.05	03:01:00.060	0.87117				2
2025.08.05	03:01:04.752	0.87118				2
2025.08.05	03:01:05.131	0.87117				2
2025.08.05	03:01:06.132		0.87118			4
2025.08.05	03:01:06.439	0.87118	0.87120			6
2025.08.05	03:01:13.321		0.87119			4
2025.08.05	03:01:16.737	0.87119	0.87120			6
2025.08.05	03:01:18.135	0.87118				2
2025.08.05	03:01:21.935	0.87119				2
2025.08.05	03:01:26.477	0.87118				2
2025.08.05	03:01:30.528	0.87119				2
2025.08.05	03:01:31.165	0.87118				2
2025.08.05	03:01:52.198	0.87119				2
2025.08.05	03:01:52.546	0.87118				2
2025.08.05	03:01:52.948	0.87119				2
2025.08.05	03:01:53.365	0.87118				2
2025.08.05	03:01:54.959	0.87119				2
2025.08.05	03:01:57.730	0.87118				2
2025.08.05	03:02:00.031	0.87118				2
2025.08.05	03:02:00.442	0.87119				2
2025.08.05	03:02:01.774	0.87118				2
2025.08.05	03:02:04.244	0.87117				2
2025.08.05	03:02:04.745	0.87118	0.87119			6
2025.08.05	03:02:05.058	0.87117	0.87118			6
2025.08.05	03:02:05.836	0.87118	0.87119			6
2025.08.05	03:02:08.977	0.87119	0.87120			6
2025.08.05	03:02:09.376	0.87118				2
2025.08.05	03:02:11.353		0.87119			4
2025.08.05	03:02:13.173		0.87120			4
2025.08.05	03:02:13.506		0.87119			4
2025.08.05	03:02:14.486		0.87120			4
2025.08.05	03:02:18.123		0.87119			4
2025.08.05	03:02:18.740	0.87117				2
2025.08.05	03:02:23.660		0.87120			4
2025.08.05	03:02:23.974	0.87118				2
2025.08.05	03:02:25.621		0.87119			4
2025.08.05	03:02:27.497		0.87120			4
2025.08.05	03:02:28.254		0.87119			4
2025.08.05	03:02:30.688		0.87120			4
2025.08.05	03:02:31.785		0.87119			4
2025.08.05	03:02:32.476		0.87120			4
2025.08.05	03:02:35.379		0.87119			4
2025.08.05	03:02:44.710		0.87120			4
2025.08.05	03:02:45.018		0.87119			4
2025.08.05	03:02:50.492	0.87119	0.87120			6
2025.08.05	03:02:50.795		0.87121			4
2025.08.05	03:02:55.366	0.87118	0.87120			6
2025.08.05	03:02:55.710	0.87117	0.87118			6
2025.08.05	03:02:56.986	0.87116				2
2025.08.05	03:02:58.962	0.87117				2
2025.08.05	03:03:00.439	0.87117				2
2025.08.05	03:03:03.856	0.87115	0.87117			6
2025.08.05	03:03:04.247		0.87116			4
2025.08.05	03:03:04.712	0.87116	0.87117			6
2025.08.05	03:03:05.032	0.87117	0.87120			6
2025.08.05	03:03:05.358		0.87119			4
2025.08.05	03:03:05.693	0.87116				2
2025.08.05	03:03:06.324	0.87117				2
2025.08.05	03:03:07.534		0.87118			4
2025.08.05	03:03:08.070	0.87116				2
2025.08.05	03:03:09.223		0.87119			4
2025.08.05	03:03:09.609	0.87117	0.87118			6
2025.08.05	03:03:11.045	0.87116	0.87117			6
2025.08.05	03:03:13.372	0.87117	0.87119			6
2025.08.05	03:03:13.678	0.87116	0.87118			6
2025.08.05	03:03:14.020		0.87117			4
2025.08.05	03:03:14.821	0.87119	0.87120			6
2025.08.05	03:03:15.139		0.87121			4
2025.08.05	03:03:15.452	0.87120				2
2025.08.05	03:03:15.758	0.87119				2
2025.08.05	03:03:19.696	0.87120	0.87122			6
2025.08.05	03:03:29.862		0.87121			4
2025.08.05	03:03:30.225		0.87122			4
2025.08.05	03:03:35.711	0.87121				2
2025.08.05	03:03:36.082	0.87116	0.87117			6
2025.08.05	03:03:36.864	0.87115	0.87116			6
2025.08.05	03:03:39.625	0.87116	0.87117			6
2025.08.05	03:03:39.927	0.87115	0.87116			6
2025.08.05	03:03:46.431	0.87117	0.87118			6
2025.08.05	03:03:49.488	0.87116				2
2025.08.05	03:03:51.473		0.87117			4
2025.08.05	03:03:53.536	0.87114	0.87115			6
2025.08.05	03:03:54.196	0.87112	0.87114			6
2025.08.05	03:03:54.500	0.87111	0.87113			6
2025.08.05	03:03:56.915	0.87110	0.87112			6
2025.08.05	03:03:58.761		0.87113			4
2025.08.05	03:03:59.430		0.87112			4
2025.08.05	03:04:00.073	0.87110				2
2025.08.05	03:04:04.688	0.87111				2
2025.08.05	03:04:09.508	0.87110				2
2025.08.05	03:04:10.598		0.87111			4
2025.08.05	03:04:12.310		0.87112			4
2025.08.05	03:04:16.459	0.87109	0.87111			6
2025.08.05	03:04:18.536		0.87112			4
2025.08.05	03:04:19.488	0.87110				2
2025.08.05	03:04:20.327	0.87109				2
2025.08.05	03:04:22.354	0.87110				2
2025.08.05	03:04:23.208	0.87109				2
2025.08.05	03:04:23.596	0.87111	0.87113			6
2025.08.05	03:04:28.590		0.87114			4
2025.08.05	03:04:31.261	0.87114	0.87115			6
2025.08.05	03:04:31.568	0.87113	0.87114			6
2025.08.05	03:04:33.596	0.87110	0.87111			6
2025.08.05	03:04:33.898	0.87109				2
2025.08.05	03:04:36.529	0.87110	0.87112			6
2025.08.05	03:04:38.979	0.87109				2
2025.08.05	03:04:40.813	0.87110	0.87111			6
2025.08.05	03:04:41.166	0.87109				2
2025.08.05	03:04:42.200	0.87110	0.87115			6
2025.08.05	03:04:45.803	0.87111	0.87113			6
2025.08.05	03:04:47.320	0.87110				2
2025.08.05	03:04:48.857	0.87111	0.87112			6
2025.08.05	03:04:52.192	0.87110				2
2025.08.05	03:04:52.498	0.87109				2
2025.08.05	03:04:55.957	0.87110				2
2025.08.05	03:04:56.470	0.87112	0.87113			6
2025.08.05	03:04:56.775	0.87111				2
2025.08.05	03:04:58.950		0.87112			4
2025.08.05	03:05:00.683	0.87111				2
2025.08.05	03:05:01.664	0.87112	0.87113			6
2025.08.05	03:05:11.018		0.87114			4
2025.08.05	03:05:11.786	0.87111	0.87112			6
2025.08.05	03:05:12.888	0.87110	0.87111			6
2025.08.05	03:05:13.220	0.87109	0.87110			6
2025.08.05	03:05:17.774	0.87110	0.87111			6
2025.08.05	03:05:18.398	0.87109	0.87110			6
2025.08.05	03:05:19.413	0.87110	0.87111			6
2025.08.05	03:05:20.244	0.87109	0.87110			6
2025.08.05	03:05:28.243	0.87108	0.87109			6
2025.08.05	03:05:29.031	0.87107	0.87108			6
2025.08.05	03:05:40.524	0.87106	0.87107			6
2025.08.05	03:05:41.534	0.87107	0.87108			6
2025.08.05	03:05:42.695		0.87109			4
2025.08.05	03:05:43.013	0.87108				2
2025.08.05	03:05:44.266		0.87110			4
2025.08.05	03:05:46.462	0.87109				2
2025.08.05	03:05:46.806	0.87110	0.87111			6
2025.08.05	03:05:50.335	0.87109				2
2025.08.05	03:05:50.778		0.87110			4
2025.08.05	03:05:54.891	0.87107	0.87108			6
2025.08.05	03:05:55.890	0.87106				2
2025.08.05	03:05:56.208	0.87105	0.87107			6
2025.08.05	03:05:58.467	0.87106				2
2025.08.05	03:05:58.811	0.87104	0.87106			6
2025.08.05	03:06:00.106	0.87105	0.87107			6
2025.08.05	03:06:00.715	0.87106	0.87108			6
2025.08.05	03:06:10.469	0.87108	0.87109			6
2025.08.05	03:06:12.337	0.87107	0.87108			6
2025.08.05	03:06:12.772	0.87108	0.87109			6
2025.08.05	03:06:15.437	0.87107	0.87108			6
2025.08.05	03:06:32.421	0.87108	0.87109			6
2025.08.05	03:06:41.421	0.87107	0.87108			6
2025.08.05	03:06:45.183	0.87106				2
2025.08.05	03:06:45.543	0.87105				2
2025.08.05	03:06:47.725	0.87107				2
2025.08.05	03:06:50.573	0.87104	0.87107			6
2025.08.05	03:06:51.419	0.87105				2
2025.08.05	03:06:52.477	0.87106				2
2025.08.05	03:06:53.847		0.87108			4
2025.08.05	03:06:54.709	0.87107				2
2025.08.05	03:06:57.558	0.87108	0.87109			6
2025.08.05	03:06:58.057	0.87105	0.87107			6
2025.08.05	03:06:58.364	0.87104	0.87106			6
2025.08.05	03:07:00.129	0.87104	0.87107			6
2025.08.05	03:07:00.514	0.87105				2
2025.08.05	03:07:01.255	0.87106				2
2025.08.05	03:07:01.597	0.87105				2
2025.08.05	03:07:02.193	0.87106	0.87108			6
2025.08.05	03:07:03.274		0.87107			4
2025.08.05	03:07:03.986		0.87108			4
2025.08.05	03:07:07.170	0.87110	0.87111			6
2025.08.05	03:07:09.653	0.87113	0.87114			6
2025.08.05	03:07:09.973	0.87112	0.87113			6
2025.08.05	03:07:11.244	0.87111	0.87112			6
2025.08.05	03:07:14.129	0.87112	0.87113			6
2025.08.05	03:07:15.950	0.87113	0.87114			6
2025.08.05	03:07:16.285	0.87112	0.87113			6
2025.08.05	03:07:18.559	0.87113	0.87114			6
2025.08.05	03:07:21.711	0.87112	0.87113			6
2025.08.05	03:07:42.951	0.87111	0.87112			6
2025.08.05	03:07:44.647	0.87112	0.87113			6
2025.08.05	03:07:44.967	0.87111	0.87112			6
2025.08.05	03:08:00.371	0.87111				2
2025.08.05	03:08:01.322	0.87112	0.87113			6
2025.08.05	03:08:05.011	0.87113	0.87114			6
2025.08.05	03:08:11.970		0.87115			4
2025.08.05	03:08:14.292	0.87112	0.87114			6
2025.08.05	03:08:15.356	0.87111	0.87113			6
2025.08.05	03:08:16.069		0.87114			4
2025.08.05	03:08:17.365	0.87112				2
2025.08.05	03:08:17.691	0.87111				2
2025.08.05	03:08:18.625	0.87113				2
2025.08.05	03:08:31.910	0.87112	0.87113			6
2025.08.05	03:08:44.985		0.87114			4
2025.08.05	03:08:46.657	0.87113				2
2025.08.05	03:08:47.685	0.87112	0.87113			6
2025.08.05	03:08:47.998		0.87114			4
2025.08.05	03:09:00.437	0.87113				2
2025.08.05	03:09:01.811		0.87115			4
2025.08.05	03:09:02.491	0.87114				2
2025.08.05	03:09:04.409		0.87116			4
2025.08.05	03:09:04.751	0.87115				2
2025.08.05	03:09:11.220		0.87117			4
2025.08.05	03:09:13.702	0.87117	0.87118			6
2025.08.05	03:09:16.220	0.87118	0.87119			6
2025.08.05	03:09:20.812	0.87117	0.87118			6
2025.08.05	03:09:21.539	0.87118	0.87119			6
2025.08.05	03:09:28.529	0.87117	0.87118			6
2025.08.05	03:09:30.564	0.87118	0.87119			6
2025.08.05	03:09:31.089	0.87119	0.87120			6
2025.08.05	03:09:31.396	0.87120	0.87121			6
2025.08.05	03:09:35.523	0.87119	0.87120			6
2025.08.05	03:09:37.002	0.87120	0.87121			6
2025.08.05	03:09:37.337	0.87118	0.87120			6
2025.08.05	03:09:37.678	0.87119				2
2025.08.05	03:09:47.445	0.87118	0.87119			6
2025.08.05	03:09:57.000	0.87119	0.87120			6
2025.08.05	03:09:58.696	0.87118	0.87119			6
2025.08.05	03:10:00.416	0.87117				2
2025.08.05	03:10:02.639		0.87118			4
2025.08.05	03:10:06.829	0.87118	0.87119			6
2025.08.05	03:10:07.552	0.87117	0.87118			6
2025.08.05	03:10:07.926	0.87118	0.87119			6
2025.08.05	03:10:10.968	0.87117	0.87118			6
2025.08.05	03:10:19.025		0.87119			4
2025.08.05	03:10:20.395		0.87118			4
2025.08.05	03:10:20.699		0.87120			4
2025.08.05	03:10:21.043		0.87119			4
2025.08.05	03:10:21.373		0.87120			4
2025.08.05	03:10:21.678		0.87119			4
2025.08.05	03:10:24.399	0.87118	0.87120			6
2025.08.05	03:10:24.739		0.87119			4
2025.08.05	03:10:25.440	0.87117	0.87118			6
2025.08.05	03:10:25.903	0.87116	0.87117			6
2025.08.05	03:10:28.248	0.87117	0.87118			6
2025.08.05	03:10:31.401		0.87119			4
2025.08.05	03:10:31.898		0.87118			4
2025.08.05	03:10:32.372		0.87119			4
2025.08.05	03:10:34.492		0.87118			4
2025.08.05	03:10:34.816	0.87116	0.87117			6
2025.08.05	03:10:35.255	0.87117	0.87119			6
2025.08.05	03:10:36.390		0.87118			4
2025.08.05	03:10:37.373	0.87116				2
2025.08.05	03:10:38.339	0.87117				2
2025.08.05	03:10:38.821	0.87116				2
2025.08.05	03:10:39.326		0.87117			4
2025.08.05	03:10:39.629	0.87115				2
2025.08.05	03:10:49.631		0.87116			4
2025.08.05	03:10:50.013		0.87117			4
2025.08.05	03:10:54.461		0.87116			4
2025.08.05	03:10:55.338		0.87117			4
2025.08.05	03:10:56.927	0.87116				2
2025.08.05	03:11:00.046	0.87116				2
2025.08.05	03:11:21.836	0.87117	0.87118			6
2025.08.05	03:11:35.947	0.87115	0.87116			6
2025.08.05	03:11:36.272		0.87117			4
2025.08.05	03:11:38.279	0.87114	0.87116			6
2025.08.05	03:11:38.592		0.87115			4
2025.08.05	03:11:40.857	0.87117	0.87118			6
2025.08.05	03:11:41.477	0.87116				2
2025.08.05	03:11:43.847		0.87119			4
2025.08.05	03:11:45.100		0.87117			4
2025.08.05	03:11:56.305	0.87115				2
2025.08.05	03:12:00.158	0.87115				2
2025.08.05	03:12:05.781	0.87116				2
2025.08.05	03:12:06.109	0.87117	0.87119			6
2025.08.05	03:12:06.850	0.87116				2
2025.08.05	03:12:10.194	0.87117				2
2025.08.05	03:12:15.071	0.87116				2
2025.08.05	03:12:15.847	0.87117				2
2025.08.05	03:12:17.147		0.87118			4
2025.08.05	03:12:17.470		0.87119			4
2025.08.05	03:12:20.972	0.87116	0.87118			6
2025.08.05	03:12:22.596		0.87119			4
2025.08.05	03:12:22.899		0.87118			4
2025.08.05	03:12:28.124		0.87119			4
2025.08.05	03:12:29.233		0.87118			4
2025.08.05	03:12:33.153		0.87117			4
2025.08.05	03:12:38.619	0.87115				2
2025.08.05	03:12:39.973		0.87116			4
2025.08.05	03:12:40.290	0.87116	0.87117			6
2025.08.05	03:12:41.408	0.87115				2
2025.08.05	03:12:41.750	0.87116				2
2025.08.05	03:12:42.123	0.87117	0.87119			6
2025.08.05	03:12:42.850	0.87118				2
2025.08.05	03:12:45.031	0.87117				2
2025.08.05	03:12:45.846	0.87118				2
2025.08.05	03:12:47.194	0.87116				2
2025.08.05	03:12:47.684		0.87118			4
2025.08.05	03:12:52.081	0.87117	0.87119			6
2025.08.05	03:12:52.873	0.87118				2
2025.08.05	03:12:53.726	0.87119	0.87120			6
2025.08.05	03:13:00.376	0.87119				2
2025.08.05	03:13:06.268	0.87118				2
2025.08.05	03:13:07.873	0.87121	0.87122			6
2025.08.05	03:13:08.178		0.87123			4
2025.08.05	03:13:10.171		0.87122			4
2025.08.05	03:13:11.135	0.87120				2
2025.08.05	03:13:14.613	0.87121				2
2025.08.05	03:13:21.876		0.87123			4
2025.08.05	03:13:35.176		0.87124			4
2025.08.05	03:13:37.187	0.87123	0.87125			6
2025.08.05	03:13:37.499	0.87122				2
2025.08.05	03:13:38.215	0.87123				2
2025.08.05	03:13:38.562	0.87124				2
2025.08.05	03:13:39.739	0.87123				2
2025.08.05	03:13:41.405	0.87124				2
2025.08.05	03:13:41.713	0.87125	0.87126			6
2025.08.05	03:13:42.028	0.87122	0.87125			6
2025.08.05	03:13:48.336	0.87123	0.87124			6
2025.08.05	03:13:53.273		0.87125			4
2025.08.05	03:13:55.300		0.87124			4
2025.08.05	03:13:56.107		0.87125			4
2025.08.05	03:13:56.420	0.87124				2
2025.08.05	03:14:00.026	0.87124				2
2025.08.05	03:14:03.405	0.87123	0.87124			6
2025.08.05	03:14:05.589	0.87122				2
2025.08.05	03:14:05.905	0.87123				2
2025.08.05	03:14:38.313	0.87124	0.87125			6
2025.08.05	03:14:40.449	0.87125	0.87126			6
2025.08.05	03:15:00.106	0.87125				2
2025.08.05	03:15:00.495	0.87127	0.87128			6
2025.08.05	03:15:00.802	0.87126	0.87127			6
2025.08.05	03:15:01.549	0.87125				2
2025.08.05	03:15:03.912		0.87126			4
2025.08.05	03:15:10.126		0.87127			4
2025.08.05	03:15:20.072		0.87128			4
2025.08.05	03:15:20.388		0.87127			4
2025.08.05	03:15:24.372	0.87126				2
2025.08.05	03:15:24.739	0.87125				2
2025.08.05	03:15:26.345	0.87126				2
2025.08.05	03:15:26.697	0.87125				2
2025.08.05	03:15:34.403	0.87127	0.87128			6
2025.08.05	03:15:34.759	0.87126				2
2025.08.05	03:15:41.236		0.87129			4
2025.08.05	03:15:42.073	0.87127				2
2025.08.05	03:15:49.210	0.87126				2
2025.08.05	03:15:54.291		0.87128			4
2025.08.05	03:16:00.318	0.87126				2
2025.08.05	03:16:15.531		0.87129			4
2025.08.05	03:16:17.396	0.87123	0.87125			6
2025.08.05	03:16:18.094	0.87122	0.87124			6
2025.08.05	03:16:18.436	0.87121				2
2025.08.05	03:16:20.735	0.87124	0.87126			6
2025.08.05	03:16:21.065	0.87125	0.87127			6
2025.08.05	03:16:24.292		0.87128			4
2025.08.05	03:16:26.718		0.87127			4
2025.08.05	03:16:27.171		0.87128			4
2025.08.05	03:16:27.636		0.87127			4
2025.08.05	03:16:28.756		0.87128			4
2025.08.05	03:16:34.181	0.87126				2
2025.08.05	03:16:37.460	0.87127	0.87130			6
2025.08.05	03:16:39.963	0.87129				2
2025.08.05	03:16:43.496	0.87130	0.87131			6
2025.08.05	03:16:43.810	0.87129	0.87130			6
2025.08.05	03:16:55.701		0.87131			4
2025.08.05	03:17:00.005	0.87129				2
2025.08.05	03:17:03.319	0.87130				2
2025.08.05	03:17:25.554	0.87129	0.87130			6
2025.08.05	03:17:25.863	0.87128	0.87131			6
2025.08.05	03:17:26.266	0.87129				2
2025.08.05	03:17:36.620	0.87128	0.87130			6
2025.08.05	03:17:41.304	0.87129				2
2025.08.05	03:17:42.726	0.87128				2
2025.08.05	03:17:43.212	0.87127	0.87129			6
2025.08.05	03:17:59.604		0.87130			4
2025.08.05	03:18:00.311	0.87128				2
2025.08.05	03:18:00.621	0.87129				2
2025.08.05	03:18:08.343	0.87127	0.87129			6
2025.08.05	03:18:16.590	0.87126	0.87128			6
2025.08.05	03:18:17.510	0.87127	0.87129			6
2025.08.05	03:18:28.468	0.87129	0.87130			6
2025.08.05	03:18:43.054	0.87128				2
2025.08.05	03:18:46.028	0.87125	0.87128			6
2025.08.05	03:18:46.817	0.87127	0.87129			6
2025.08.05	03:18:47.162		0.87130			4
2025.08.05	03:18:51.308	0.87128				2
2025.08.05	03:18:51.912	0.87127				2
2025.08.05	03:18:58.260	0.87128				2
2025.08.05	03:19:01.746	0.87128				2
2025.08.05	03:19:09.944	0.87127				2
2025.08.05	03:19:13.368		0.87129			4
2025.08.05	03:19:14.501	0.87126	0.87128			6
2025.08.05	03:19:20.001	0.87125				2
2025.08.05	03:19:22.237		0.87127			4
2025.08.05	03:19:27.814	0.87126	0.87128			6
2025.08.05	03:19:29.513	0.87125	0.87127			6
2025.08.05	03:19:31.325	0.87126	0.87128			6
2025.08.05	03:19:36.791	0.87125	0.87127			6
2025.08.05	03:19:38.417		0.87126			4
2025.08.05	03:19:45.907	0.87126	0.87128			6
2025.08.05	03:19:52.314	0.87127				2
2025.08.05	03:19:53.042	0.87126				2
2025.08.05	03:19:53.388		0.87127			4
2025.08.05	03:19:53.691	0.87125	0.87126			6
2025.08.05	03:19:57.144	0.87126	0.87127			6
2025.08.05	03:20:00.323	0.87126				2
2025.08.05	03:20:03.811	0.87125	0.87126			6
2025.08.05	03:20:04.965	0.87124	0.87125			6
2025.08.05	03:20:12.464		0.87126			4
2025.08.05	03:20:15.854		0.87125			4
2025.08.05	03:20:21.100	0.87123				2
2025.08.05	03:20:21.421	0.87124				2
2025.08.05	03:20:25.968	0.87123				2
2025.08.05	03:20:27.047	0.87124				2
2025.08.05	03:20:30.428	0.87123				2
2025.08.05	03:20:32.753	0.87124				2
2025.08.05	03:20:34.773	0.87123				2
2025.08.05	03:20:35.498		0.87124			4
2025.08.05	03:20:35.821	0.87124	0.87125			6
2025.08.05	03:20:52.198	0.87125	0.87126			6
2025.08.05	03:20:52.755	0.87123	0.87124			6
2025.08.05	03:20:54.647	0.87122	0.87123			6
2025.08.05	03:20:56.191	0.87121				2
2025.08.05	03:20:57.397	0.87122				2
2025.08.05	03:21:00.066	0.87123	0.87125			6
2025.08.05	03:21:00.935		0.87126			4
2025.08.05	03:21:01.275	0.87124				2
2025.08.05	03:21:02.085		0.87125			4
2025.08.05	03:21:03.131	0.87122	0.87124			6
2025.08.05	03:21:05.762	0.87123	0.87125			6
2025.08.05	03:21:08.362	0.87122	0.87124			6
2025.08.05	03:21:14.811		0.87123			4
2025.08.05	03:21:15.134		0.87124			4
2025.08.05	03:21:15.966		0.87123			4
2025.08.05	03:21:19.403	0.87121				2
2025.08.05	03:21:22.700	0.87122				2
2025.08.05	03:21:23.018		0.87124			4
2025.08.05	03:21:25.417	0.87121	0.87123			6
2025.08.05	03:21:34.373		0.87122			4
2025.08.05	03:21:37.336	0.87122	0.87123			6
2025.08.05	03:21:39.201		0.87124			4
2025.08.05	03:21:40.286		0.87123			4
2025.08.05	03:21:43.248	0.87121				2
