<DATE>	<TIME>	<BID>	<ASK>	<LAST>	<VOLUME>	<FLAGS>
2025.04.28	00:03:30.967	0.85317	0.85462			6
2025.04.28	00:04:02.125	0.85317				2
2025.04.28	00:04:56.321		0.85462			4
2025.04.28	00:05:06.121	0.85317				2
2025.04.28	00:06:01.790	0.85317	0.85462			6
2025.04.28	00:06:36.307	0.85339	0.85463			6
2025.04.28	00:07:00.575	0.85339				2
2025.04.28	00:07:27.371	0.85317	0.85462			6
2025.04.28	00:08:12.125	0.85317				2
2025.04.28	00:08:37.379		0.85462			4
2025.04.28	00:09:02.125	0.85317				2
2025.04.28	00:09:52.127		0.85462			4
2025.04.28	00:10:00.425	0.85317	0.85453			6
2025.04.28	00:10:33.263		0.85454			4
2025.04.28	00:10:35.454		0.85453			4
2025.04.28	00:10:40.883	0.85314				2
2025.04.28	00:10:56.815	0.85317				2
2025.04.28	00:11:01.481	0.85317				2
2025.04.28	00:11:36.556		0.85453			4
2025.04.28	00:12:01.483	0.85317				2
2025.04.28	00:12:03.578	0.85319	0.85448			6
2025.04.28	00:12:12.280	0.85318				2
2025.04.28	00:12:32.079		0.85449			4
2025.04.28	00:13:11.380	0.85318				2
2025.04.28	00:13:38.679		0.85449			4
2025.04.28	00:14:06.284	0.85303	0.85445			6
2025.04.28	00:14:27.071	0.85318	0.85450			6
2025.04.28	00:15:01.303	0.85318				2
2025.04.28	00:15:21.046	0.85321				2
2025.04.28	00:15:32.686		0.85450			4
2025.04.28	00:16:00.569	0.85321				2
2025.04.28	00:16:08.523	0.85323	0.85449			6
2025.04.28	00:16:13.785		0.85448			4
2025.04.28	00:16:40.491		0.85449			4
2025.04.28	00:16:41.679		0.85448			4
2025.04.28	00:17:00.582	0.85323				2
2025.04.28	00:17:46.309		0.85448			4
2025.04.28	00:18:04.180	0.85323				2
2025.04.28	00:18:50.680		0.85448			4
2025.04.28	00:19:00.278	0.85323				2
2025.04.28	00:19:53.387		0.85448			4
2025.04.28	00:20:03.579	0.85323				2
2025.04.28	00:21:00.573	0.85323	0.85448			6
2025.04.28	00:21:23.166		0.85449			4
2025.04.28	00:21:23.979	0.85322				2
2025.04.28	00:21:26.312	0.85317	0.85454			6
2025.04.28	00:21:36.550	0.85322	0.85450			6
2025.04.28	00:21:52.662	0.85343	0.85458			6
2025.04.28	00:21:54.790	0.85322	0.85450			6
2025.04.28	00:22:05.381	0.85322				2
2025.04.28	00:22:54.881		0.85450			4
2025.04.28	00:23:11.854	0.85320	0.85451			6
2025.04.28	00:24:02.080	0.85320				2
2025.04.28	00:24:15.287		0.85451			4
2025.04.28	00:24:16.653	0.85324	0.85459			6
2025.04.28	00:24:22.327	0.85339	0.85462			6
2025.04.28	00:25:03.710	0.85339				2
2025.04.28	00:25:22.479		0.85462			4
2025.04.28	00:26:01.179	0.85339				2
2025.04.28	00:26:17.619	0.85358	0.85470			6
2025.04.28	00:26:19.781	0.85339	0.85462			6
2025.04.28	00:27:04.180	0.85339				2
2025.04.28	00:27:25.179		0.85462			4
2025.04.28	00:27:35.828	0.85337				2
2025.04.28	00:28:00.571	0.85337				2
2025.04.28	00:28:27.093	0.85336	0.85461			6
2025.04.28	00:28:43.890	0.85322	0.85458			6
2025.04.28	00:29:08.548	0.85322	0.85459			6
2025.04.28	00:29:30.572		0.85458			4
2025.04.28	00:29:30.878	0.85315	0.85456			6
2025.04.28	00:30:00.302	0.85315	0.85449			6
2025.04.28	00:30:19.197	0.85322	0.85450			6
2025.04.28	00:30:55.378		0.85443			4
2025.04.28	00:31:00.380	0.85322				2
2025.04.28	00:31:40.840		0.85448			4
2025.04.28	00:31:41.309		0.85447			4
2025.04.28	00:31:42.724		0.85453			4
2025.04.28	00:31:43.180		0.85447			4
2025.04.28	00:31:43.922		0.85448			4
2025.04.28	00:31:44.240		0.85450			4
2025.04.28	00:31:44.557		0.85451			4
2025.04.28	00:32:00.584	0.85322				2
2025.04.28	00:32:01.385	0.85320	0.85437			6
2025.04.28	00:32:04.479	0.85313	0.85434			6
2025.04.28	00:32:10.187		0.85433			4
2025.04.28	00:32:17.707	0.85312	0.85425			6
2025.04.28	00:32:20.248		0.85427			4
2025.04.28	00:32:22.480		0.85426			4
2025.04.28	00:32:36.422		0.85425			4
2025.04.28	00:32:40.418		0.85426			4
2025.04.28	00:32:42.818		0.85425			4
2025.04.28	00:32:44.414		0.85426			4
2025.04.28	00:32:45.412		0.85425			4
2025.04.28	00:32:49.785		0.85424			4
2025.04.28	00:32:54.797		0.85425			4
2025.04.28	00:32:58.783		0.85424			4
2025.04.28	00:32:59.787		0.85425			4
2025.04.28	00:33:00.784	0.85312	0.85424			6
2025.04.28	00:33:08.789		0.85423			4
2025.04.28	00:33:10.801		0.85424			4
2025.04.28	00:33:11.806		0.85423			4
2025.04.28	00:33:14.803		0.85424			4
2025.04.28	00:33:16.783		0.85423			4
2025.04.28	00:33:17.818		0.85424			4
2025.04.28	00:33:18.813		0.85423			4
2025.04.28	00:33:28.823		0.85422			4
2025.04.28	00:33:30.814		0.85423			4
2025.04.28	00:33:31.814		0.85422			4
2025.04.28	00:33:34.180		0.85423			4
2025.04.28	00:33:35.685		0.85422			4
2025.04.28	00:33:36.810		0.85423			4
2025.04.28	00:33:39.278		0.85422			4
2025.04.28	00:33:39.829		0.85423			4
2025.04.28	00:33:40.833	0.85305	0.85410			6
2025.04.28	00:33:42.812	0.85303	0.85412			6
2025.04.28	00:33:44.824	0.85305	0.85410			6
2025.04.28	00:33:45.278	0.85297				2
2025.04.28	00:33:46.832		0.85411			4
2025.04.28	00:33:47.554		0.85410			4
2025.04.28	00:33:49.180	0.85305				2
2025.04.28	00:33:51.804	0.85303	0.85412			6
2025.04.28	00:33:52.807	0.85305	0.85410			6
2025.04.28	00:33:54.960	0.85322	0.85418			6
2025.04.28	00:33:58.628	0.85326	0.85422			6
2025.04.28	00:34:04.480	0.85326				2
2025.04.28	00:34:13.482		0.85421			4
2025.04.28	00:34:17.686	0.85327				2
2025.04.28	00:35:00.879	0.85327				2
2025.04.28	00:35:13.482		0.85420			4
2025.04.28	00:35:20.980	0.85328				2
2025.04.28	00:36:00.281	0.85328				2
2025.04.28	00:36:16.479		0.85420			4
2025.04.28	00:36:52.124		0.85419			4
2025.04.28	00:37:01.483	0.85329				2
2025.04.28	00:37:38.001	0.85328	0.85420			6
2025.04.28	00:37:38.828	0.85329	0.85419			6
2025.04.28	00:37:48.580	0.85328	0.85420			6
2025.04.28	00:37:50.751	0.85329	0.85419			6
2025.04.28	00:37:59.837	0.85328	0.85420			6
2025.04.28	00:38:00.830	0.85329	0.85419			6
2025.04.28	00:38:08.627	0.85327	0.85421			6
2025.04.28	00:38:09.841	0.85329	0.85419			6
2025.04.28	00:38:18.832	0.85327	0.85421			6
2025.04.28	00:38:19.829	0.85329	0.85419			6
2025.04.28	00:38:27.826	0.85327	0.85421			6
2025.04.28	00:38:28.835	0.85329	0.85419			6
2025.04.28	00:38:36.826	0.85327	0.85421			6
2025.04.28	00:38:37.829	0.85329	0.85419			6
2025.04.28	00:38:45.544	0.85327	0.85421			6
2025.04.28	00:38:46.540	0.85329	0.85419			6
2025.04.28	00:38:56.382	0.85327	0.85421			6
2025.04.28	00:38:57.510	0.85329	0.85419			6
2025.04.28	00:39:04.485	0.85329				2
2025.04.28	00:39:05.519	0.85327	0.85421			6
2025.04.28	00:39:06.520	0.85329	0.85419			6
2025.04.28	00:39:15.811	0.85327	0.85421			6
2025.04.28	00:39:16.811	0.85329	0.85419			6
2025.04.28	00:39:24.818	0.85327	0.85421			6
2025.04.28	00:39:25.835	0.85329	0.85419			6
2025.04.28	00:39:33.821	0.85327	0.85421			6
2025.04.28	00:39:34.820	0.85329	0.85419			6
2025.04.28	00:39:44.825	0.85327	0.85421			6
2025.04.28	00:39:45.823	0.85329	0.85419			6
2025.04.28	00:39:53.812	0.85327	0.85421			6
2025.04.28	00:39:54.811	0.85329	0.85419			6
2025.04.28	00:40:02.145	0.85329				2
2025.04.28	00:40:02.845	0.85327	0.85421			6
2025.04.28	00:40:03.847	0.85329	0.85419			6
2025.04.28	00:40:04.967	0.85324	0.85413			6
2025.04.28	00:40:05.873	0.85322	0.85414			6
2025.04.28	00:40:06.882	0.85323				2
2025.04.28	00:40:11.070	0.85322	0.85415			6
2025.04.28	00:40:17.039	0.85320	0.85416			6
2025.04.28	00:40:23.091	0.85318	0.85419			6
2025.04.28	00:40:28.485		0.85418			4
2025.04.28	00:40:29.063	0.85317	0.85420			6
2025.04.28	00:40:30.437		0.85424			4
2025.04.28	00:40:33.802		0.85425			4
2025.04.28	00:40:34.799		0.85424			4
2025.04.28	00:40:45.430		0.85425			4
2025.04.28	00:40:47.432		0.85424			4
2025.04.28	00:40:56.945		0.85425			4
2025.04.28	00:40:57.943		0.85423			4
2025.04.28	00:41:00.440	0.85317	0.85425			6
2025.04.28	00:41:04.843		0.85426			4
2025.04.28	00:41:05.842		0.85425			4
2025.04.28	00:41:08.068		0.85424			4
2025.04.28	00:41:09.973		0.85420			4
2025.04.28	00:41:10.426		0.85423			4
2025.04.28	00:41:18.754	0.85320	0.85422			6
2025.04.28	00:41:21.416		0.85428			4
2025.04.28	00:41:40.442		0.85425			4
2025.04.28	00:42:00.427	0.85320				2
2025.04.28	00:42:40.571		0.85425			4
2025.04.28	00:43:01.186	0.85320				2
2025.04.28	00:43:18.685	0.85317				2
2025.04.28	00:43:45.279		0.85425			4
2025.04.28	00:44:00.281	0.85317				2
2025.04.28	00:44:45.879		0.85425			4
2025.04.28	00:45:02.129	0.85329	0.85444			6
2025.04.28	00:45:04.273	0.85317	0.85425			6
2025.04.28	00:45:08.358	0.85329	0.85413			6
2025.04.28	00:45:30.634	0.85334				2
2025.04.28	00:46:07.481	0.85334				2
2025.04.28	00:46:09.283		0.85413			4
2025.04.28	00:46:15.445		0.85412			4
2025.04.28	00:46:22.879	0.85312				2
2025.04.28	00:46:28.859		0.85420			4
2025.04.28	00:46:31.182		0.85419			4
2025.04.28	00:46:41.081		0.85417			4
2025.04.28	00:46:45.585		0.85418			4
2025.04.28	00:46:56.059		0.85419			4
2025.04.28	00:47:00.879	0.85312				2
2025.04.28	00:47:02.118	0.85334	0.85427			6
2025.04.28	00:47:04.276	0.85312	0.85419			6
2025.04.28	00:47:21.886		0.85420			4
2025.04.28	00:48:00.637	0.85312	0.85421			6
2025.04.28	00:48:08.114		0.85422			4
2025.04.28	00:48:30.421		0.85408			4
2025.04.28	00:48:36.884		0.85407			4
2025.04.28	00:49:00.419	0.85312	0.85414			6
2025.04.28	00:49:30.420		0.85418			4
2025.04.28	00:49:37.720		0.85424			4
2025.04.28	00:49:54.318	0.85319	0.85425			6
2025.04.28	00:49:55.915	0.85314	0.85424			6
2025.04.28	00:49:59.060	0.85327	0.85425			6
2025.04.28	00:50:00.188	0.85314				2
2025.04.28	00:50:01.992		0.85422			4
2025.04.28	00:50:03.269		0.85425			4
2025.04.28	00:51:00.279	0.85314				2
2025.04.28	00:51:01.782		0.85426			4
2025.04.28	00:51:03.864		0.85424			4
2025.04.28	00:51:54.284	0.85313				2
2025.04.28	00:51:58.870		0.85428			4
2025.04.28	00:52:02.131	0.85313				2
2025.04.28	00:52:55.755		0.85427			4
2025.04.28	00:52:57.750		0.85428			4
2025.04.28	00:53:04.781	0.85313				2
2025.04.28	00:53:58.480		0.85428			4
2025.04.28	00:54:00.283	0.85313				2
2025.04.28	00:55:00.426	0.85313	0.85428			6
2025.04.28	00:55:16.644		0.85440			4
2025.04.28	00:56:00.879	0.85313				2
2025.04.28	00:56:11.644		0.85443			4
2025.04.28	00:57:00.430	0.85313				2
2025.04.28	00:57:14.081		0.85443			4
2025.04.28	00:57:30.424		0.85432			4
2025.04.28	00:57:43.840		0.85434			4
2025.04.28	00:58:01.645	0.85313				2
2025.04.28	00:58:02.085		0.85435			4
2025.04.28	00:58:16.760		0.85434			4
2025.04.28	00:58:24.979		0.85433			4
2025.04.28	00:58:28.876		0.85429			4
2025.04.28	00:58:30.420		0.85443			4
2025.04.28	00:59:00.425	0.85313				2
2025.04.28	00:59:31.781		0.85443			4
2025.04.28	00:59:51.647		0.85441			4
2025.04.28	01:00:00.310	0.85313				2
2025.04.28	01:00:01.177		0.85443			4
2025.04.28	01:00:02.440	0.85359	0.85428			6
2025.04.28	01:00:02.768	0.85361	0.85431			6
2025.04.28	01:00:03.074	0.85360	0.85427			6
2025.04.28	01:00:03.396		0.85428			4
2025.04.28	01:00:03.705	0.85363				2
2025.04.28	01:00:04.036	0.85357				2
2025.04.28	01:00:04.341		0.85430			4
2025.04.28	01:00:04.646	0.85347	0.85428			6
2025.04.28	01:00:15.384	0.85341	0.85419			6
2025.04.28	01:00:21.869	0.85332	0.85408			6
2025.04.28	01:00:24.444	0.85335				2
2025.04.28	01:00:25.181	0.85340	0.85421			6
2025.04.28	01:00:25.499	0.85344				2
2025.04.28	01:00:31.564		0.85410			4
2025.04.28	01:00:32.327	0.85342	0.85404			6
2025.04.28	01:00:37.010	0.85346	0.85398			6
2025.04.28	01:00:37.317	0.85342	0.85396			6
2025.04.28	01:00:38.013	0.85341				2
2025.04.28	01:00:38.723	0.85335	0.85394			6
2025.04.28	01:00:39.040		0.85393			4
2025.04.28	01:00:42.702		0.85391			4
2025.04.28	01:00:45.473	0.85336	0.85387			6
2025.04.28	01:00:49.571	0.85348	0.85393			6
2025.04.28	01:00:55.050	0.85347	0.85388			6
2025.04.28	01:00:56.300	0.85350	0.85393			6
2025.04.28	01:00:57.399		0.85391			4
2025.04.28	01:00:57.719	0.85354	0.85390			6
2025.04.28	01:00:58.125	0.85347	0.85389			6
2025.04.28	01:00:58.437	0.85350	0.85395			6
2025.04.28	01:01:00.313	0.85355	0.85380			6
2025.04.28	01:01:00.618	0.85354	0.85378			6
2025.04.28	01:01:01.045	0.85353	0.85377			6
2025.04.28	01:01:02.121	0.85355	0.85376			6
2025.04.28	01:01:02.744	0.85357	0.85381			6
2025.04.28	01:01:03.282	0.85362	0.85382			6
2025.04.28	01:01:05.082	0.85358	0.85377			6
2025.04.28	01:01:06.678	0.85360	0.85379			6
2025.04.28	01:01:07.081	0.85361	0.85380			6
2025.04.28	01:01:09.443		0.85379			4
2025.04.28	01:01:10.410	0.85362	0.85381			6
2025.04.28	01:01:10.757	0.85364	0.85384			6
2025.04.28	01:01:11.380	0.85365	0.85387			6
2025.04.28	01:01:12.397	0.85366	0.85388			6
2025.04.28	01:01:14.637	0.85368	0.85389			6
2025.04.28	01:01:17.655	0.85366	0.85388			6
2025.04.28	01:01:19.186		0.85387			4
2025.04.28	01:01:22.559	0.85364	0.85384			6
2025.04.28	01:01:23.544	0.85361	0.85383			6
2025.04.28	01:01:25.781	0.85362				2
2025.04.28	01:01:27.637	0.85364	0.85384			6
2025.04.28	01:01:28.348	0.85362	0.85383			6
2025.04.28	01:01:29.105	0.85364	0.85384			6
2025.04.28	01:01:29.975	0.85362	0.85383			6
2025.04.28	01:01:37.593	0.85364	0.85384			6
2025.04.28	01:01:38.798	0.85362	0.85383			6
2025.04.28	01:01:42.964	0.85366	0.85387			6
2025.04.28	01:01:47.944		0.85385			4
2025.04.28	01:01:49.179	0.85368	0.85386			6
2025.04.28	01:01:49.527	0.85366	0.85385			6
2025.04.28	01:01:50.079	0.85365				2
2025.04.28	01:01:50.399	0.85363	0.85384			6
2025.04.28	01:01:59.383	0.85364	0.85385			6
2025.04.28	01:02:00.437	0.85366	0.85388			6
2025.04.28	01:02:01.732	0.85368	0.85389			6
2025.04.28	01:02:03.552	0.85372	0.85392			6
2025.04.28	01:02:06.380	0.85374	0.85395			6
2025.04.28	01:02:09.639	0.85378	0.85398			6
2025.04.28	01:02:14.183	0.85373	0.85393			6
2025.04.28	01:02:14.544	0.85374				2
2025.04.28	01:02:16.950	0.85373	0.85388			6
2025.04.28	01:02:19.626	0.85372	0.85387			6
2025.04.28	01:02:20.955	0.85374	0.85391			6
2025.04.28	01:02:31.547		0.85392			4
2025.04.28	01:02:33.428	0.85371	0.85389			6
2025.04.28	01:02:35.314	0.85372				2
2025.04.28	01:02:37.467		0.85387			4
2025.04.28	01:02:39.396	0.85373				2
2025.04.28	01:02:40.180		0.85388			4
2025.04.28	01:02:45.282		0.85389			4
2025.04.28	01:02:45.609		0.85387			4
2025.04.28	01:02:48.681		0.85388			4
2025.04.28	01:02:50.357		0.85387			4
2025.04.28	01:02:51.580		0.85386			4
2025.04.28	01:02:52.578		0.85387			4
2025.04.28	01:02:52.899		0.85386			4
2025.04.28	01:02:53.229		0.85387			4
2025.04.28	01:02:53.644		0.85386			4
2025.04.28	01:02:54.174		0.85387			4
2025.04.28	01:02:55.547		0.85388			4
2025.04.28	01:02:58.733	0.85375	0.85387			6
2025.04.28	01:02:59.080	0.85376	0.85389			6
2025.04.28	01:03:02.385	0.85376				2
2025.04.28	01:03:02.689		0.85387			4
2025.04.28	01:03:03.217	0.85373				2
2025.04.28	01:03:04.470		0.85386			4
2025.04.28	01:03:05.112	0.85374	0.85387			6
2025.04.28	01:03:09.853		0.85389			4
2025.04.28	01:03:11.681	0.85371	0.85386			6
2025.04.28	01:03:12.070		0.85389			4
2025.04.28	01:03:12.861		0.85387			4
2025.04.28	01:03:14.631		0.85388			4
2025.04.28	01:03:18.307		0.85389			4
2025.04.28	01:03:18.879		0.85387			4
2025.04.28	01:03:22.129		0.85388			4
2025.04.28	01:03:23.282		0.85387			4
2025.04.28	01:03:23.614		0.85388			4
2025.04.28	01:03:25.157		0.85386			4
2025.04.28	01:03:31.302		0.85387			4
2025.04.28	01:03:33.404		0.85386			4
2025.04.28	01:03:34.491		0.85387			4
2025.04.28	01:03:36.817		0.85386			4
2025.04.28	01:03:37.150		0.85387			4
2025.04.28	01:03:38.410	0.85372	0.85388			6
2025.04.28	01:03:40.782		0.85387			4
2025.04.28	01:03:41.412		0.85388			4
2025.04.28	01:03:45.789		0.85387			4
2025.04.28	01:03:47.825	0.85365	0.85380			6
2025.04.28	01:03:48.355		0.85382			4
2025.04.28	01:03:55.447	0.85371	0.85387			6
2025.04.28	01:03:55.786	0.85372	0.85389			6
2025.04.28	01:03:56.098	0.85374				2
2025.04.28	01:03:56.399	0.85373	0.85390			6
2025.04.28	01:04:00.125	0.85373	0.85392			6
2025.04.28	01:04:03.328		0.85391			4
2025.04.28	01:04:05.348	0.85372	0.85390			6
2025.04.28	01:04:05.760	0.85373				2
2025.04.28	01:04:06.150	0.85371	0.85387			6
2025.04.28	01:04:07.007	0.85372	0.85389			6
2025.04.28	01:04:07.556		0.85390			4
2025.04.28	01:04:07.965	0.85373				2
2025.04.28	01:04:09.125		0.85391			4
2025.04.28	01:04:12.489		0.85390			4
2025.04.28	01:04:13.178	0.85374	0.85393			6
2025.04.28	01:04:13.479	0.85367	0.85383			6
2025.04.28	01:04:13.779		0.85382			4
2025.04.28	01:04:15.148	0.85368	0.85385			6
2025.04.28	01:04:15.482	0.85367	0.85383			6
2025.04.28	01:04:19.179	0.85369	0.85384			6
2025.04.28	01:04:19.936	0.85368	0.85383			6
2025.04.28	01:04:22.863	0.85365				2
2025.04.28	01:04:26.646	0.85364	0.85382			6
2025.04.28	01:04:31.372	0.85363				2
2025.04.28	01:04:37.318	0.85367	0.85387			6
2025.04.28	01:04:41.079	0.85370	0.85390			6
2025.04.28	01:04:50.358		0.85388			4
2025.04.28	01:04:52.355	0.85372				2
2025.04.28	01:04:52.657		0.85390			4
2025.04.28	01:04:53.727		0.85389			4
2025.04.28	01:04:58.233	0.85370	0.85387			6
2025.04.28	01:04:58.630		0.85388			4
2025.04.28	01:05:00.426	0.85370				2
2025.04.28	01:05:01.391	0.85374	0.85389			6
2025.04.28	01:05:01.780	0.85371	0.85390			6
2025.04.28	01:05:04.474		0.85391			4
2025.04.28	01:05:10.723		0.85390			4
2025.04.28	01:05:12.661	0.85361	0.85378			6
2025.04.28	01:05:13.049		0.85379			4
2025.04.28	01:05:13.401	0.85367	0.85380			6
2025.04.28	01:05:13.734	0.85368	0.85381			6
2025.04.28	01:05:14.364		0.85382			4
2025.04.28	01:05:15.694	0.85361	0.85379			6
2025.04.28	01:05:28.749	0.85362				2
2025.04.28	01:05:29.049	0.85361				2
2025.04.28	01:05:29.900	0.85363				2
2025.04.28	01:05:30.208	0.85361				2
2025.04.28	01:05:30.891	0.85362	0.85383			6
2025.04.28	01:05:31.276		0.85382			4
2025.04.28	01:05:32.351		0.85383			4
2025.04.28	01:05:33.903	0.85367	0.85385			6
2025.04.28	01:05:34.259	0.85366				2
2025.04.28	01:05:42.280		0.85384			4
2025.04.28	01:05:42.801		0.85385			4
2025.04.28	01:05:43.476	0.85369				2
2025.04.28	01:05:44.099		0.85384			4
2025.04.28	01:05:44.881		0.85386			4
2025.04.28	01:05:45.236	0.85368				2
2025.04.28	01:05:45.852		0.85388			4
2025.04.28	01:06:00.359	0.85368				2
2025.04.28	01:06:38.080		0.85387			4
2025.04.28	01:06:40.480	0.85369				2
2025.04.28	01:06:40.804		0.85386			4
2025.04.28	01:06:41.488		0.85387			4
2025.04.28	01:06:46.216		0.85377			4
2025.04.28	01:06:48.256	0.85368	0.85376			6
2025.04.28	01:06:50.391	0.85375	0.85382			6
2025.04.28	01:06:50.710	0.85372	0.85381			6
2025.04.28	01:06:51.020	0.85371	0.85380			6
2025.04.28	01:06:51.331	0.85369	0.85379			6
2025.04.28	01:06:54.881	0.85371				2
2025.04.28	01:06:58.206	0.85370				2
2025.04.28	01:06:58.858	0.85371				2
2025.04.28	01:06:59.597	0.85369				2
2025.04.28	01:07:00.283	0.85369				2
2025.04.28	01:07:03.609	0.85368				2
2025.04.28	01:07:07.179	0.85370				2
2025.04.28	01:07:10.179	0.85372	0.85380			6
2025.04.28	01:07:10.488	0.85371	0.85379			6
2025.04.28	01:07:14.574		0.85390			4
2025.04.28	01:07:14.943	0.85370	0.85387			6
2025.04.28	01:07:33.330	0.85367	0.85385			6
2025.04.28	01:07:33.884	0.85366				2
2025.04.28	01:08:00.285	0.85366				2
2025.04.28	01:08:02.085	0.85371				2
2025.04.28	01:08:03.025	0.85366	0.85382			6
2025.04.28	01:08:03.367	0.85365				2
2025.04.28	01:08:21.790	0.85366				2
2025.04.28	01:08:30.311	0.85369	0.85384			6
2025.04.28	01:08:34.237		0.85386			4
2025.04.28	01:08:36.352	0.85370				2
2025.04.28	01:08:36.804	0.85374	0.85388			6
2025.04.28	01:08:44.632		0.85389			4
2025.04.28	01:09:00.280	0.85374				2
2025.04.28	01:09:13.722	0.85367	0.85385			6
2025.04.28	01:09:14.055		0.85382			4
2025.04.28	01:09:22.480	0.85364	0.85380			6
2025.04.28	01:09:23.185	0.85362	0.85378			6
2025.04.28	01:09:24.352	0.85361	0.85377			6
2025.04.28	01:09:24.660	0.85359				2
2025.04.28	01:09:37.441	0.85360				2
2025.04.28	01:09:40.782	0.85364	0.85379			6
2025.04.28	01:10:00.163	0.85364				2
2025.04.28	01:10:02.067	0.85363				2
2025.04.28	01:10:02.384	0.85364				2
2025.04.28	01:10:03.011	0.85370	0.85383			6
2025.04.28	01:10:03.952	0.85363	0.85376			6
2025.04.28	01:10:04.309	0.85366	0.85375			6
2025.04.28	01:10:05.735		0.85377			4
2025.04.28	01:10:08.682		0.85376			4
2025.04.28	01:10:11.472	0.85364				2
2025.04.28	01:10:12.109	0.85365	0.85377			6
2025.04.28	01:10:12.579	0.85366				2
2025.04.28	01:10:24.257	0.85364	0.85374			6
2025.04.28	01:10:24.574	0.85362				2
2025.04.28	01:10:25.292	0.85367	0.85377			6
2025.04.28	01:10:25.598		0.85378			4
2025.04.28	01:10:30.164	0.85361	0.85372			6
2025.04.28	01:10:30.529	0.85360	0.85371			6
2025.04.28	01:10:41.380		0.85370			4
2025.04.28	01:10:42.585		0.85371			4
2025.04.28	01:10:42.905		0.85370			4
2025.04.28	01:10:49.365		0.85371			4
2025.04.28	01:10:49.679	0.85359	0.85370			6
2025.04.28	01:10:55.479	0.85358	0.85369			6
2025.04.28	01:10:59.665	0.85359				2
2025.04.28	01:10:59.988		0.85368			4
2025.04.28	01:11:00.343	0.85359				2
2025.04.28	01:11:01.465	0.85357	0.85367			6
2025.04.28	01:11:04.075	0.85359	0.85368			6
2025.04.28	01:11:18.276	0.85358				2
2025.04.28	01:11:28.888		0.85367			4
2025.04.28	01:11:30.270		0.85368			4
2025.04.28	01:11:35.381		0.85367			4
2025.04.28	01:11:51.995	0.85357	0.85366			6
2025.04.28	01:11:58.148		0.85367			4
2025.04.28	01:12:00.280	0.85357				2
2025.04.28	01:12:02.071	0.85356	0.85366			6
2025.04.28	01:12:02.802	0.85355				2
2025.04.28	01:12:03.281	0.85354	0.85364			6
2025.04.28	01:12:07.904		0.85365			4
2025.04.28	01:12:08.983	0.85355				2
2025.04.28	01:12:11.852	0.85354				2
2025.04.28	01:12:19.383	0.85353	0.85364			6
2025.04.28	01:12:19.703	0.85356	0.85367			6
2025.04.28	01:12:20.085	0.85355	0.85365			6
2025.04.28	01:12:20.817	0.85356				2
2025.04.28	01:12:22.125	0.85350	0.85360			6
2025.04.28	01:12:25.153		0.85361			4
2025.04.28	01:12:25.783	0.85351				2
2025.04.28	01:12:35.233	0.85350	0.85360			6
2025.04.28	01:12:42.382	0.85351	0.85361			6
2025.04.28	01:12:42.695	0.85352	0.85363			6
2025.04.28	01:12:43.035	0.85351	0.85361			6
2025.04.28	01:12:43.980	0.85353	0.85362			6
2025.04.28	01:12:44.632	0.85354	0.85364			6
2025.04.28	01:12:44.981		0.85365			4
2025.04.28	01:12:46.198		0.85364			4
2025.04.28	01:12:46.974	0.85350	0.85362			6
2025.04.28	01:12:47.281		0.85360			4
2025.04.28	01:12:48.582	0.85351	0.85361			6
2025.04.28	01:12:53.371	0.85352	0.85362			6
2025.04.28	01:12:53.981	0.85351	0.85361			6
2025.04.28	01:12:54.355	0.85352				2
2025.04.28	01:12:55.776	0.85349	0.85359			6
2025.04.28	01:12:56.083	0.85353	0.85362			6
2025.04.28	01:12:56.386	0.85354	0.85363			6
2025.04.28	01:12:56.698		0.85364			4
2025.04.28	01:12:57.305	0.85356	0.85366			6
2025.04.28	01:12:58.914	0.85355	0.85367			6
2025.04.28	01:13:01.398	0.85357				2
2025.04.28	01:13:02.680	0.85353	0.85362			6
2025.04.28	01:13:03.298		0.85361			4
2025.04.28	01:13:05.610		0.85360			4
2025.04.28	01:13:08.581	0.85350				2
2025.04.28	01:13:08.921	0.85349	0.85359			6
2025.04.28	01:13:16.598	0.85353	0.85363			6
2025.04.28	01:13:17.078	0.85354				2
2025.04.28	01:13:17.383		0.85364			4
2025.04.28	01:13:17.860	0.85353	0.85363			6
2025.04.28	01:13:27.881		0.85362			4
2025.04.28	01:13:36.561		0.85363			4
2025.04.28	01:13:40.814	0.85354	0.85365			6
2025.04.28	01:13:41.204	0.85355				2
2025.04.28	01:13:41.614	0.85354	0.85364			6
2025.04.28	01:13:43.064	0.85353	0.85365			6
2025.04.28	01:13:43.391	0.85355				2
2025.04.28	01:13:44.496	0.85353	0.85363			6
2025.04.28	01:13:44.844		0.85362			4
2025.04.28	01:13:46.482		0.85363			4
2025.04.28	01:13:59.685		0.85362			4
2025.04.28	01:14:00.484	0.85353				2
2025.04.28	01:14:00.880		0.85363			4
2025.04.28	01:14:05.955	0.85345	0.85354			6
2025.04.28	01:14:06.261	0.85347	0.85357			6
2025.04.28	01:14:09.031	0.85348	0.85358			6
2025.04.28	01:14:10.540	0.85346	0.85356			6
2025.04.28	01:14:10.860	0.85345	0.85354			6
2025.04.28	01:14:11.980		0.85356			4
2025.04.28	01:14:12.301	0.85350	0.85359			6
2025.04.28	01:14:15.198	0.85349				2
2025.04.28	01:14:24.022	0.85350				2
2025.04.28	01:14:33.425	0.85348	0.85358			6
2025.04.28	01:14:33.794	0.85347	0.85357			6
2025.04.28	01:14:34.520	0.85348				2
2025.04.28	01:14:36.883		0.85358			4
2025.04.28	01:14:39.836	0.85345	0.85356			6
2025.04.28	01:14:40.172	0.85346	0.85355			6
2025.04.28	01:14:40.475	0.85347	0.85358			6
2025.04.28	01:14:41.060	0.85348				2
2025.04.28	01:14:42.348	0.85350	0.85360			6
2025.04.28	01:14:42.664	0.85351	0.85361			6
2025.04.28	01:14:45.402	0.85352				2
2025.04.28	01:14:58.180	0.85347	0.85356			6
2025.04.28	01:14:58.488	0.85346	0.85354			6
2025.04.28	01:14:58.826		0.85355			4
2025.04.28	01:14:59.311	0.85349	0.85358			6
2025.04.28	01:14:59.638	0.85347	0.85356			6
2025.04.28	01:15:00.281	0.85347	0.85355			6
2025.04.28	01:15:00.615		0.85356			4
2025.04.28	01:15:01.378		0.85355			4
2025.04.28	01:15:01.855		0.85356			4
2025.04.28	01:15:02.457	0.85346	0.85355			6
2025.04.28	01:15:02.759		0.85354			4
2025.04.28	01:15:04.055	0.85347	0.85355			6
2025.04.28	01:15:04.357		0.85356			4
2025.04.28	01:15:07.047	0.85346	0.85355			6
2025.04.28	01:15:07.361	0.85341	0.85350			6
2025.04.28	01:15:07.665		0.85349			4
2025.04.28	01:15:09.165		0.85348			4
2025.04.28	01:15:09.570	0.85340				2
2025.04.28	01:15:11.871	0.85339				2
2025.04.28	01:15:12.569	0.85341				2
2025.04.28	01:15:21.280	0.85339				2
2025.04.28	01:15:22.895	0.85340				2
2025.04.28	01:15:24.167	0.85341				2
2025.04.28	01:15:31.516	0.85349	0.85356			6
2025.04.28	01:15:36.012	0.85346	0.85353			6
2025.04.28	01:15:36.745	0.85352	0.85359			6
2025.04.28	01:15:41.755	0.85348	0.85356			6
2025.04.28	01:15:43.782	0.85347				2
2025.04.28	01:15:44.085	0.85348				2
2025.04.28	01:15:44.823	0.85349				2
2025.04.28	01:15:45.154	0.85348				2
2025.04.28	01:15:45.474	0.85346	0.85354			6
2025.04.28	01:15:45.795		0.85355			4
2025.04.28	01:15:46.115	0.85345	0.85354			6
2025.04.28	01:15:50.930	0.85347	0.85355			6
2025.04.28	01:15:51.232	0.85345	0.85352			6
2025.04.28	01:15:55.002	0.85340	0.85348			6
2025.04.28	01:15:58.603		0.85349			4
2025.04.28	01:16:00.346	0.85341				2
2025.04.28	01:16:03.517	0.85340				2
2025.04.28	01:16:04.480	0.85338				2
2025.04.28	01:16:07.216	0.85340	0.85351			6
2025.04.28	01:16:08.266	0.85338	0.85349			6
2025.04.28	01:16:32.885	0.85339	0.85350			6
2025.04.28	01:16:35.616	0.85341	0.85351			6
2025.04.28	01:16:36.745	0.85337	0.85348			6
2025.04.28	01:16:42.978	0.85336	0.85347			6
2025.04.28	01:16:58.319	0.85337				2
2025.04.28	01:16:58.970	0.85336				2
2025.04.28	01:17:00.315	0.85337				2
2025.04.28	01:17:01.479	0.85338				2
2025.04.28	01:17:03.592	0.85336	0.85345			6
2025.04.28	01:17:04.384	0.85335				2
2025.04.28	01:17:05.513	0.85337				2
2025.04.28	01:17:06.158	0.85334	0.85344			6
2025.04.28	01:17:06.824	0.85336	0.85343			6
2025.04.28	01:17:07.168	0.85337				2
2025.04.28	01:17:10.894	0.85335	0.85341			6
2025.04.28	01:17:11.199	0.85339	0.85345			6
2025.04.28	01:17:11.501	0.85335	0.85343			6
2025.04.28	01:17:11.819		0.85342			4
2025.04.28	01:17:12.144		0.85343			4
2025.04.28	01:17:12.476		0.85341			4
2025.04.28	01:17:14.393		0.85343			4
2025.04.28	01:17:14.767	0.85332	0.85341			6
2025.04.28	01:17:15.122		0.85339			4
2025.04.28	01:17:15.438	0.85329	0.85336			6
2025.04.28	01:17:16.734	0.85327	0.85333			6
2025.04.28	01:17:18.360	0.85326				2
2025.04.28	01:17:18.966	0.85325	0.85332			6
2025.04.28	01:17:21.041	0.85326	0.85333			6
2025.04.28	01:17:21.361		0.85334			4
2025.04.28	01:17:22.204		0.85333			4
2025.04.28	01:17:24.224	0.85325	0.85332			6
2025.04.28	01:17:28.940	0.85326	0.85333			6
2025.04.28	01:17:29.566	0.85325	0.85332			6
2025.04.28	01:17:29.931		0.85333			4
2025.04.28	01:17:31.405	0.85326				2
2025.04.28	01:17:40.541		0.85334			4
2025.04.28	01:17:41.213		0.85333			4
2025.04.28	01:17:43.091		0.85334			4
2025.04.28	01:17:44.851	0.85327				2
2025.04.28	01:17:45.670	0.85329	0.85336			6
2025.04.28	01:17:48.398		0.85337			4
2025.04.28	01:17:49.239	0.85330	0.85336			6
2025.04.28	01:17:49.566	0.85329				2
2025.04.28	01:17:50.341		0.85337			4
2025.04.28	01:17:50.658	0.85327	0.85334			6
2025.04.28	01:17:51.310	0.85326	0.85333			6
2025.04.28	01:17:52.779		0.85334			4
2025.04.28	01:17:54.422		0.85333			4
2025.04.28	01:17:55.201	0.85327	0.85334			6
2025.04.28	01:18:00.850	0.85328	0.85336			6
2025.04.28	01:18:01.188		0.85338			4
2025.04.28	01:18:01.499	0.85332	0.85339			6
2025.04.28	01:18:02.674	0.85331				2
2025.04.28	01:18:03.241	0.85326	0.85334			6
2025.04.28	01:18:03.579	0.85325	0.85333			6
2025.04.28	01:18:03.892	0.85323	0.85331			6
2025.04.28	01:18:04.245	0.85322	0.85330			6
2025.04.28	01:18:04.553	0.85320				2
2025.04.28	01:18:04.968	0.85322	0.85329			6
2025.04.28	01:18:08.083	0.85321	0.85330			6
2025.04.28	01:18:09.534	0.85322				2
2025.04.28	01:18:09.884	0.85323				2
2025.04.28	01:18:10.317	0.85322				2
2025.04.28	01:18:16.150		0.85329			4
2025.04.28	01:18:16.470	0.85323	0.85331			6
2025.04.28	01:18:16.867	0.85320	0.85327			6
2025.04.28	01:18:18.293	0.85319				2
2025.04.28	01:18:20.737	0.85318	0.85328			6
2025.04.28	01:18:21.736	0.85319				2
2025.04.28	01:18:22.094	0.85318				2
2025.04.28	01:18:22.858		0.85327			4
2025.04.28	01:18:23.177	0.85322				2
2025.04.28	01:18:25.725	0.85315	0.85322			6
2025.04.28	01:18:26.750	0.85317	0.85324			6
2025.04.28	01:18:27.486	0.85319	0.85328			6
2025.04.28	01:18:27.842	0.85316	0.85324			6
2025.04.28	01:18:28.816		0.85323			4
2025.04.28	01:18:29.120	0.85314	0.85321			6
2025.04.28	01:18:29.466	0.85313	0.85320			6
2025.04.28	01:18:30.563		0.85322			4
2025.04.28	01:18:32.163	0.85309	0.85317			6
2025.04.28	01:18:33.375	0.85310				2
2025.04.28	01:18:35.075	0.85312	0.85320			6
2025.04.28	01:18:35.429	0.85313				2
2025.04.28	01:18:36.179	0.85312	0.85321			6
2025.04.28	01:18:37.848	0.85313	0.85322			6
2025.04.28	01:18:38.205	0.85314				2
2025.04.28	01:18:38.982	0.85316	0.85323			6
2025.04.28	01:18:39.756	0.85317				2
2025.04.28	01:18:40.060	0.85312	0.85320			6
2025.04.28	01:18:40.388	0.85313				2
2025.04.28	01:18:41.285	0.85311	0.85319			6
2025.04.28	01:18:41.604	0.85312	0.85320			6
2025.04.28	01:18:41.908		0.85319			4
2025.04.28	01:18:46.136		0.85318			4
2025.04.28	01:18:46.510		0.85317			4
2025.04.28	01:18:48.313		0.85318			4
2025.04.28	01:18:50.586	0.85309	0.85316			6
2025.04.28	01:18:51.030	0.85308				2
2025.04.28	01:18:53.089	0.85311	0.85317			6
2025.04.28	01:18:55.032	0.85315	0.85322			6
2025.04.28	01:18:55.662		0.85323			4
2025.04.28	01:18:56.034		0.85324			4
2025.04.28	01:18:57.675	0.85317	0.85325			6
2025.04.28	01:18:59.973		0.85324			4
2025.04.28	01:19:00.280	0.85314	0.85322			6
2025.04.28	01:19:02.157		0.85325			4
2025.04.28	01:19:02.528	0.85316				2
2025.04.28	01:19:04.847	0.85312	0.85322			6
2025.04.28	01:19:06.224	0.85310	0.85319			6
2025.04.28	01:19:07.259		0.85320			4
2025.04.28	01:19:07.593		0.85321			4
2025.04.28	01:19:09.071		0.85323			4
2025.04.28	01:19:09.766	0.85314	0.85326			6
2025.04.28	01:19:10.326		0.85325			4
2025.04.28	01:19:10.925	0.85310	0.85322			6
2025.04.28	01:19:11.979	0.85311	0.85323			6
2025.04.28	01:19:13.020	0.85312				2
2025.04.28	01:19:13.329	0.85311	0.85324			6
2025.04.28	01:19:14.049	0.85312	0.85325			6
2025.04.28	01:19:14.371	0.85311	0.85324			6
2025.04.28	01:19:15.798	0.85310	0.85322			6
2025.04.28	01:19:16.178	0.85308	0.85321			6
2025.04.28	01:19:16.834	0.85307	0.85319			6
2025.04.28	01:19:17.139	0.85305	0.85317			6
2025.04.28	01:19:17.463	0.85306				2
2025.04.28	01:19:22.781	0.85304	0.85316			6
2025.04.28	01:19:23.082	0.85308	0.85321			6
2025.04.28	01:19:23.399	0.85307				2
2025.04.28	01:19:24.048		0.85320			4
2025.04.28	01:19:33.014	0.85306	0.85323			6
2025.04.28	01:19:33.635	0.85308	0.85322			6
2025.04.28	01:19:35.680		0.85323			4
2025.04.28	01:19:35.998		0.85322			4
2025.04.28	01:19:36.758		0.85321			4
2025.04.28	01:19:39.780		0.85323			4
2025.04.28	01:19:44.675		0.85321			4
2025.04.28	01:19:45.694	0.85306				2
2025.04.28	01:19:46.037	0.85305				2
2025.04.28	01:19:46.436		0.85322			4
2025.04.28	01:19:47.680	0.85307				2
2025.04.28	01:19:58.500	0.85309				2
2025.04.28	01:19:59.382		0.85323			4
2025.04.28	01:20:00.436	0.85309	0.85324			6
2025.04.28	01:20:04.118	0.85308	0.85323			6
2025.04.28	01:20:04.483	0.85309	0.85324			6
2025.04.28	01:20:04.842	0.85310				2
2025.04.28	01:20:05.363	0.85309	0.85323			6
2025.04.28	01:20:09.115	0.85311				2
2025.04.28	01:20:09.444	0.85310				2
2025.04.28	01:20:11.979		0.85322			4
2025.04.28	01:20:16.798		0.85323			4
2025.04.28	01:20:17.106		0.85324			4
2025.04.28	01:20:17.414		0.85322			4
2025.04.28	01:20:18.508		0.85323			4
2025.04.28	01:20:18.818		0.85321			4
2025.04.28	01:20:23.079	0.85315	0.85328			6
2025.04.28	01:20:24.305	0.85316				2
2025.04.28	01:20:34.204		0.85327			4
2025.04.28	01:20:36.887		0.85328			4
2025.04.28	01:20:39.421		0.85329			4
2025.04.28	01:20:42.476		0.85328			4
2025.04.28	01:20:45.564	0.85314	0.85326			6
2025.04.28	01:20:45.879	0.85315	0.85329			6
2025.04.28	01:20:46.221	0.85316	0.85328			6
2025.04.28	01:20:46.547		0.85327			4
2025.04.28	01:20:46.891		0.85328			4
2025.04.28	01:20:51.166	0.85312	0.85325			6
2025.04.28	01:20:51.496		0.85326			4
2025.04.28	01:20:51.798		0.85325			4
2025.04.28	01:20:52.100	0.85314	0.85323			6
2025.04.28	01:20:52.494		0.85325			4
2025.04.28	01:20:52.818		0.85324			4
2025.04.28	01:20:55.480	0.85312	0.85328			6
2025.04.28	01:20:55.799	0.85313				2
2025.04.28	01:20:56.929		0.85327			4
2025.04.28	01:20:57.281	0.85315	0.85325			6
2025.04.28	01:20:57.584	0.85311				2
2025.04.28	01:20:57.906		0.85326			4
2025.04.28	01:20:58.498	0.85313	0.85329			6
2025.04.28	01:21:00.434	0.85313				2
2025.04.28	01:21:01.749	0.85315	0.85327			6
2025.04.28	01:21:02.060	0.85313				2
2025.04.28	01:21:02.816	0.85314				2
2025.04.28	01:21:03.144		0.85328			4
2025.04.28	01:21:03.485	0.85313				2
2025.04.28	01:21:03.797	0.85314				2
2025.04.28	01:21:07.459	0.85313	0.85329			6
2025.04.28	01:21:07.927	0.85314				2
2025.04.28	01:21:08.682	0.85316				2
2025.04.28	01:21:09.126	0.85314				2
2025.04.28	01:21:12.360	0.85315				2
2025.04.28	01:21:12.701	0.85313				2
2025.04.28	01:21:17.408	0.85314				2
2025.04.28	01:21:20.355		0.85328			4
2025.04.28	01:21:21.056		0.85329			4
2025.04.28	01:21:22.017		0.85328			4
2025.04.28	01:21:22.357		0.85329			4
2025.04.28	01:21:22.676		0.85328			4
2025.04.28	01:21:23.511		0.85329			4
2025.04.28	01:21:23.841	0.85312				2
2025.04.28	01:21:24.146		0.85328			4
2025.04.28	01:21:24.477		0.85329			4
2025.04.28	01:21:25.402		0.85328			4
2025.04.28	01:21:27.861	0.85314				2
2025.04.28	01:21:28.196	0.85312				2
2025.04.28	01:21:35.080	0.85311				2
2025.04.28	01:21:40.407		0.85326			4
2025.04.28	01:21:41.379	0.85310	0.85325			6
2025.04.28	01:21:41.683	0.85311	0.85326			6
2025.04.28	01:21:44.933	0.85309	0.85324			6
2025.04.28	01:21:45.240	0.85311	0.85325			6
2025.04.28	01:21:49.594	0.85309	0.85323			6
2025.04.28	01:21:51.317	0.85311				2
2025.04.28	01:21:51.618	0.85313	0.85324			6
2025.04.28	01:21:52.352		0.85325			4
2025.04.28	01:21:53.758	0.85316	0.85328			6
2025.04.28	01:22:00.437	0.85316				2
2025.04.28	01:22:06.117	0.85322	0.85330			6
2025.04.28	01:22:06.644	0.85321				2
2025.04.28	01:22:07.556	0.85319				2
2025.04.28	01:22:08.029	0.85321				2
2025.04.28	01:22:08.681	0.85319				2
2025.04.28	01:22:10.569	0.85321				2
2025.04.28	01:22:11.001	0.85319				2
2025.04.28	01:22:11.738	0.85318	0.85329			6
2025.04.28	01:22:12.075	0.85315	0.85326			6
2025.04.28	01:22:12.380	0.85314	0.85325			6
2025.04.28	01:22:13.617	0.85315	0.85326			6
2025.04.28	01:22:13.920	0.85314				2
2025.04.28	01:22:14.223	0.85321	0.85330			6
2025.04.28	01:22:14.915		0.85331			4
2025.04.28	01:22:18.702	0.85315	0.85327			6
2025.04.28	01:22:20.680	0.85316	0.85328			6
2025.04.28	01:22:21.446	0.85318	0.85330			6
2025.04.28	01:22:26.028	0.85319				2
2025.04.28	01:22:26.651	0.85318				2
2025.04.28	01:22:26.959	0.85317				2
2025.04.28	01:22:27.283		0.85328			4
2025.04.28	01:22:31.103	0.85315	0.85326			6
2025.04.28	01:22:36.073	0.85322	0.85330			6
2025.04.28	01:22:36.385	0.85320				2
2025.04.28	01:22:36.710	0.85322				2
2025.04.28	01:22:37.572	0.85323	0.85331			6
2025.04.28	01:22:37.913	0.85324				2
2025.04.28	01:22:39.944	0.85321				2
2025.04.28	01:22:44.680	0.85317	0.85327			6
2025.04.28	01:22:45.340	0.85322	0.85330			6
2025.04.28	01:22:47.379	0.85319	0.85329			6
2025.04.28	01:22:49.222	0.85317				2
2025.04.28	01:22:49.616	0.85319				2
2025.04.28	01:22:50.353	0.85317				2
2025.04.28	01:22:51.159	0.85319				2
2025.04.28	01:22:52.609	0.85317				2
2025.04.28	01:22:55.972	0.85320				2
2025.04.28	01:22:58.224	0.85319				2
2025.04.28	01:22:58.648	0.85321	0.85330			6
2025.04.28	01:22:59.383	0.85323				2
2025.04.28	01:22:59.718	0.85324				2
2025.04.28	01:23:00.263	0.85321				2
2025.04.28	01:23:00.569	0.85324				2
2025.04.28	01:23:01.231	0.85322				2
2025.04.28	01:23:01.900	0.85324	0.85332			6
2025.04.28	01:23:03.230		0.85331			4
2025.04.28	01:23:07.729	0.85321	0.85329			6
2025.04.28	01:23:21.051		0.85330			4
2025.04.28	01:23:21.362		0.85329			4
2025.04.28	01:23:21.865		0.85331			4
2025.04.28	01:23:26.543	0.85322				2
2025.04.28	01:23:31.518		0.85332			4
2025.04.28	01:23:32.601	0.85321	0.85331			6
2025.04.28	01:23:37.742	0.85326	0.85332			6
2025.04.28	01:23:38.183	0.85327				2
2025.04.28	01:23:43.466	0.85328				2
2025.04.28	01:23:43.965		0.85334			4
2025.04.28	01:23:49.281		0.85333			4
2025.04.28	01:23:53.027	0.85326				2
2025.04.28	01:23:57.777	0.85328	0.85332			6
2025.04.28	01:23:59.058	0.85329	0.85334			6
2025.04.28	01:24:00.303	0.85329				2
2025.04.28	01:24:02.679	0.85322	0.85330			6
2025.04.28	01:24:02.981	0.85327	0.85331			6
2025.04.28	01:24:03.299	0.85319	0.85330			6
2025.04.28	01:24:04.351	0.85322	0.85332			6
2025.04.28	01:24:05.098		0.85331			4
2025.04.28	01:24:09.596	0.85319	0.85329			6
2025.04.28	01:24:10.712	0.85322	0.85330			6
2025.04.28	01:24:16.323		0.85329			4
2025.04.28	01:24:17.312	0.85323	0.85332			6
2025.04.28	01:24:19.746	0.85322	0.85330			6
2025.04.28	01:24:20.304		0.85329			4
2025.04.28	01:24:24.177	0.85323				2
2025.04.28	01:24:24.635	0.85325				2
2025.04.28	01:24:24.938	0.85322				2
2025.04.28	01:24:25.387	0.85323				2
2025.04.28	01:24:29.016	0.85326				2
2025.04.28	01:24:29.833	0.85318	0.85327			6
2025.04.28	01:24:32.265	0.85322	0.85328			6
2025.04.28	01:24:35.372		0.85329			4
2025.04.28	01:24:37.180		0.85330			4
2025.04.28	01:24:42.424	0.85320				2
2025.04.28	01:24:42.941	0.85323				2
2025.04.28	01:24:46.224	0.85320	0.85329			6
2025.04.28	01:24:46.979	0.85321				2
2025.04.28	01:24:48.945	0.85322	0.85330			6
2025.04.28	01:24:53.362	0.85320	0.85328			6
2025.04.28	01:24:53.734	0.85321	0.85330			6
2025.04.28	01:24:54.037		0.85329			4
2025.04.28	01:24:54.342	0.85327	0.85332			6
2025.04.28	01:24:55.858	0.85328				2
2025.04.28	01:24:56.561	0.85327				2
2025.04.28	01:24:57.967	0.85328				2
2025.04.28	01:24:58.344	0.85329				2
2025.04.28	01:24:59.930	0.85328				2
2025.04.28	01:25:00.233	0.85328				2
2025.04.28	01:25:00.878		0.85330			4
2025.04.28	01:25:01.202	0.85325				2
2025.04.28	01:25:02.852	0.85322	0.85329			6
2025.04.28	01:25:05.164		0.85328			4
2025.04.28	01:25:07.483	0.85320				2
2025.04.28	01:25:15.065	0.85329	0.85333			6
2025.04.28	01:25:15.725	0.85320	0.85328			6
2025.04.28	01:25:16.824		0.85327			4
2025.04.28	01:25:17.128	0.85324	0.85329			6
2025.04.28	01:25:17.440	0.85318	0.85326			6
2025.04.28	01:25:17.743	0.85324	0.85330			6
2025.04.28	01:25:18.385	0.85326	0.85332			6
2025.04.28	01:25:18.698		0.85333			4
2025.04.28	01:25:19.364	0.85325				2
2025.04.28	01:25:19.678	0.85323	0.85330			6
2025.04.28	01:25:23.992	0.85321	0.85327			6
2025.04.28	01:25:24.314	0.85319				2
2025.04.28	01:25:25.384		0.85326			4
2025.04.28	01:25:26.454	0.85325	0.85331			6
2025.04.28	01:25:36.731		0.85330			4
2025.04.28	01:25:37.037		0.85331			4
2025.04.28	01:25:38.497	0.85324				2
2025.04.28	01:25:45.906	0.85327	0.85335			6
2025.04.28	01:25:46.223	0.85324	0.85331			6
2025.04.28	01:25:46.567		0.85329			4
2025.04.28	01:25:46.879	0.85325	0.85331			6
2025.04.28	01:25:48.627		0.85330			4
2025.04.28	01:25:48.939	0.85327	0.85334			6
2025.04.28	01:25:50.036	0.85324	0.85331			6
2025.04.28	01:25:51.778	0.85323	0.85329			6
2025.04.28	01:25:52.304		0.85328			4
2025.04.28	01:25:53.979		0.85329			4
2025.04.28	01:25:59.916	0.85325	0.85333			6
2025.04.28	01:26:00.220	0.85327				2
2025.04.28	01:26:01.177	0.85328	0.85335			6
2025.04.28	01:26:02.353		0.85333			4
2025.04.28	01:26:03.076	0.85327	0.85332			6
2025.04.28	01:26:04.990	0.85324	0.85330			6
2025.04.28	01:26:10.804	0.85323	0.85329			6
2025.04.28	01:26:16.197	0.85327	0.85333			6
2025.04.28	01:26:17.666		0.85334			4
2025.04.28	01:26:20.595		0.85333			4
2025.04.28	01:26:21.001	0.85326	0.85334			6
2025.04.28	01:26:21.312		0.85333			4
2025.04.28	01:26:22.036	0.85325	0.85332			6
2025.04.28	01:26:24.462		0.85331			4
2025.04.28	01:26:27.670	0.85326				2
2025.04.28	01:26:34.060	0.85328	0.85333			6
2025.04.28	01:26:34.363	0.85327	0.85332			6
2025.04.28	01:26:44.877	0.85328	0.85334			6
2025.04.28	01:26:45.194	0.85329				2
2025.04.28	01:26:46.672	0.85328				2
2025.04.28	01:26:48.206	0.85327	0.85333			6
2025.04.28	01:26:49.205		0.85334			4
2025.04.28	01:26:49.519	0.85328				2
2025.04.28	01:26:57.282		0.85333			4
2025.04.28	01:26:58.255		0.85334			4
2025.04.28	01:27:00.279	0.85328				2
2025.04.28	01:27:08.665	0.85327				2
2025.04.28	01:27:09.919		0.85333			4
2025.04.28	01:27:12.159	0.85329	0.85334			6
2025.04.28	01:27:12.471	0.85330	0.85335			6
2025.04.28	01:27:14.366	0.85329				2
2025.04.28	01:27:16.997		0.85334			4
2025.04.28	01:27:18.056	0.85330	0.85335			6
2025.04.28	01:27:20.451	0.85329				2
2025.04.28	01:27:29.030		0.85334			4
2025.04.28	01:27:30.890	0.85330	0.85335			6
2025.04.28	01:27:38.439	0.85333	0.85338			6
2025.04.28	01:27:42.923	0.85330				2
2025.04.28	01:27:43.665	0.85329	0.85336			6
2025.04.28	01:27:44.889	0.85328	0.85337			6
2025.04.28	01:27:46.111		0.85335			4
2025.04.28	01:27:47.380	0.85327				2
2025.04.28	01:27:48.491		0.85334			4
2025.04.28	01:28:00.089	0.85327				2
2025.04.28	01:28:03.042	0.85328				2
2025.04.28	01:28:07.371	0.85329	0.85335			6
2025.04.28	01:28:07.682	0.85334	0.85341			6
2025.04.28	01:28:08.364	0.85333				2
2025.04.28	01:28:08.724	0.85332	0.85340			6
2025.04.28	01:28:09.039	0.85334	0.85341			6
2025.04.28	01:28:10.402		0.85342			4
2025.04.28	01:28:10.710		0.85341			4
2025.04.28	01:28:12.304	0.85333				2
2025.04.28	01:28:13.900	0.85332				2
2025.04.28	01:28:16.485		0.85340			4
2025.04.28	01:28:17.387	0.85330	0.85336			6
2025.04.28	01:28:17.725	0.85329				2
2025.04.28	01:28:19.532	0.85330				2
2025.04.28	01:28:21.016	0.85331	0.85337			6
2025.04.28	01:28:23.128	0.85329	0.85334			6
2025.04.28	01:28:23.430	0.85328				2
2025.04.28	01:28:27.259		0.85335			4
2025.04.28	01:28:30.126	0.85327	0.85334			6
2025.04.28	01:28:31.707	0.85328	0.85335			6
2025.04.28	01:28:32.030		0.85336			4
2025.04.28	01:28:33.441	0.85329				2
2025.04.28	01:28:35.375	0.85328				2
2025.04.28	01:28:38.795	0.85329				2
2025.04.28	01:28:40.319	0.85330				2
2025.04.28	01:28:42.765	0.85329				2
2025.04.28	01:28:47.751	0.85328	0.85335			6
2025.04.28	01:28:48.066	0.85329				2
2025.04.28	01:28:50.858	0.85330				2
2025.04.28	01:28:54.245	0.85328	0.85334			6
2025.04.28	01:28:56.573		0.85335			4
2025.04.28	01:29:00.407	0.85328				2
2025.04.28	01:29:01.508	0.85330				2
2025.04.28	01:29:03.597	0.85328				2
2025.04.28	01:29:05.736	0.85329	0.85336			6
2025.04.28	01:29:06.039	0.85330				2
2025.04.28	01:29:07.912	0.85332	0.85338			6
2025.04.28	01:29:08.934		0.85340			4
2025.04.28	01:29:10.015	0.85331				2
2025.04.28	01:29:11.431		0.85338			4
2025.04.28	01:29:28.110	0.85329	0.85336			6
2025.04.28	01:29:33.386	0.85328				2
2025.04.28	01:29:35.334	0.85329				2
2025.04.28	01:29:35.737		0.85335			4
2025.04.28	01:29:37.733		0.85334			4
2025.04.28	01:29:38.608	0.85328				2
2025.04.28	01:29:38.925	0.85327				2
2025.04.28	01:29:52.180	0.85328				2
2025.04.28	01:29:52.981	0.85327				2
2025.04.28	01:30:00.308	0.85326	0.85333			6
2025.04.28	01:30:00.611		0.85332			4
2025.04.28	01:30:01.259		0.85333			4
2025.04.28	01:30:01.923	0.85330	0.85331			6
2025.04.28	01:30:03.141	0.85329	0.85330			6
2025.04.28	01:30:04.656	0.85326	0.85332			6
2025.04.28	01:30:05.317	0.85327	0.85333			6
2025.04.28	01:30:08.577	0.85326	0.85332			6
2025.04.28	01:30:09.469	0.85324	0.85329			6
2025.04.28	01:30:09.813	0.85325	0.85331			6
2025.04.28	01:30:12.668	0.85326				2
2025.04.28	01:30:13.553		0.85332			4
2025.04.28	01:30:14.554	0.85325	0.85330			6
2025.04.28	01:30:17.066	0.85327	0.85333			6
2025.04.28	01:30:22.174	0.85326				2
2025.04.28	01:30:25.374	0.85323	0.85330			6
2025.04.28	01:30:26.042	0.85322	0.85327			6
2025.04.28	01:30:26.350	0.85319	0.85326			6
2025.04.28	01:30:28.048	0.85321	0.85327			6
2025.04.28	01:30:28.671	0.85320				2
2025.04.28	01:30:28.979		0.85326			4
2025.04.28	01:30:29.283	0.85317	0.85325			6
2025.04.28	01:30:30.325	0.85321	0.85327			6
2025.04.28	01:30:30.625	0.85322	0.85329			6
2025.04.28	01:30:31.255	0.85323				2
2025.04.28	01:30:31.570	0.85322				2
2025.04.28	01:30:33.009	0.85323				2
2025.04.28	01:30:36.632	0.85324				2
2025.04.28	01:30:39.414	0.85322				2
2025.04.28	01:30:40.889		0.85328			4
2025.04.28	01:30:41.199	0.85320	0.85322			6
2025.04.28	01:30:41.518	0.85317	0.85324			6
2025.04.28	01:30:41.820		0.85322			4
2025.04.28	01:30:43.136	0.85319	0.85323			6
2025.04.28	01:30:43.789	0.85318	0.85322			6
2025.04.28	01:30:44.093	0.85319	0.85323			6
2025.04.28	01:30:45.067	0.85317				2
2025.04.28	01:30:45.927	0.85316				2
2025.04.28	01:30:46.668	0.85310	0.85314			6
2025.04.28	01:30:47.008	0.85311	0.85315			6
2025.04.28	01:30:47.323	0.85309	0.85312			6
2025.04.28	01:30:47.679	0.85311	0.85313			6
2025.04.28	01:30:48.007	0.85312	0.85315			6
2025.04.28	01:30:48.318	0.85309	0.85316			6
2025.04.28	01:30:49.006	0.85311				2
2025.04.28	01:30:49.319		0.85315			4
2025.04.28	01:30:49.959	0.85307	0.85314			6
2025.04.28	01:30:50.278	0.85311				2
2025.04.28	01:30:50.918	0.85310				2
2025.04.28	01:30:51.241	0.85307				2
2025.04.28	01:30:51.799		0.85315			4
2025.04.28	01:30:52.172	0.85306	0.85312			6
2025.04.28	01:30:52.479	0.85304	0.85308			6
2025.04.28	01:30:52.790	0.85303				2
2025.04.28	01:30:53.873	0.85301				2
2025.04.28	01:30:54.600	0.85304				2
2025.04.28	01:30:54.919		0.85310			4
2025.04.28	01:30:55.226		0.85309			4
2025.04.28	01:30:55.533		0.85310			4
2025.04.28	01:30:56.316	0.85303	0.85309			6
2025.04.28	01:30:56.646	0.85297	0.85303			6
2025.04.28	01:30:56.960	0.85300	0.85304			6
2025.04.28	01:30:57.301	0.85298				2
2025.04.28	01:30:58.262	0.85301	0.85308			6
2025.04.28	01:30:58.568	0.85305	0.85312			6
2025.04.28	01:30:59.395		0.85314			4
2025.04.28	01:30:59.698	0.85306	0.85313			6
2025.04.28	01:31:00.001	0.85307	0.85315			6
2025.04.28	01:31:00.370	0.85308	0.85316			6
2025.04.28	01:31:01.376	0.85310				2
2025.04.28	01:31:03.426	0.85303	0.85313			6
2025.04.28	01:31:05.266	0.85301	0.85310			6
2025.04.28	01:31:05.881	0.85306				2
2025.04.28	01:31:06.194	0.85309	0.85314			6
2025.04.28	01:31:06.820	0.85310				2
2025.04.28	01:31:07.132	0.85311	0.85318			6
2025.04.28	01:31:08.085	0.85313	0.85320			6
2025.04.28	01:31:08.404	0.85317	0.85321			6
2025.04.28	01:31:08.707	0.85313	0.85320			6
2025.04.28	01:31:09.015	0.85314				2
2025.04.28	01:31:10.908	0.85315				2
2025.04.28	01:31:11.366	0.85314				2
2025.04.28	01:31:12.580	0.85315	0.85322			6
2025.04.28	01:31:12.881		0.85323			4
2025.04.28	01:31:13.829		0.85322			4
2025.04.28	01:31:14.133	0.85318	0.85327			6
2025.04.28	01:31:14.460	0.85321	0.85330			6
2025.04.28	01:31:14.800	0.85319	0.85328			6
2025.04.28	01:31:16.070	0.85321	0.85329			6
2025.04.28	01:31:16.560	0.85322				2
2025.04.28	01:31:19.070	0.85320	0.85328			6
2025.04.28	01:31:21.580	0.85321	0.85326			6
2025.04.28	01:31:22.863		0.85328			4
2025.04.28	01:31:23.680	0.85318	0.85323			6
2025.04.28	01:31:24.014	0.85317	0.85322			6
2025.04.28	01:31:35.443	0.85323	0.85331			6
2025.04.28	01:31:36.413	0.85325	0.85330			6
2025.04.28	01:31:37.049	0.85329	0.85335			6
2025.04.28	01:31:37.408		0.85334			4
2025.04.28	01:31:38.697	0.85326	0.85331			6
2025.04.28	01:31:40.399	0.85327				2
2025.04.28	01:31:42.529	0.85329	0.85334			6
2025.04.28	01:31:43.417	0.85323	0.85326			6
2025.04.28	01:31:43.750	0.85321	0.85325			6
2025.04.28	01:31:44.090	0.85322	0.85328			6
2025.04.28	01:31:44.399	0.85324				2
2025.04.28	01:31:45.053	0.85327	0.85334			6
2025.04.28	01:31:46.266	0.85333	0.85337			6
2025.04.28	01:31:46.621	0.85330	0.85336			6
2025.04.28	01:31:46.953	0.85333	0.85337			6
2025.04.28	01:31:47.259	0.85332	0.85336			6
2025.04.28	01:31:47.579		0.85337			4
2025.04.28	01:31:49.527	0.85330	0.85335			6
2025.04.28	01:31:49.846	0.85332	0.85338			6
2025.04.28	01:31:50.159		0.85339			4
2025.04.28	01:31:50.567	0.85333				2
2025.04.28	01:31:51.417		0.85337			4
2025.04.28	01:31:51.798	0.85337	0.85342			6
2025.04.28	01:31:52.854	0.85333	0.85335			6
2025.04.28	01:31:53.162		0.85337			4
2025.04.28	01:31:53.478	0.85332	0.85338			6
2025.04.28	01:31:54.261	0.85336	0.85343			6
2025.04.28	01:31:57.247	0.85339	0.85344			6
2025.04.28	01:31:58.427	0.85338	0.85343			6
2025.04.28	01:31:58.993	0.85339	0.85344			6
2025.04.28	01:31:59.371	0.85338	0.85342			6
2025.04.28	01:31:59.769	0.85339	0.85345			6
2025.04.28	01:32:00.155	0.85338	0.85342			6
2025.04.28	01:32:00.483	0.85340	0.85345			6
2025.04.28	01:32:00.800		0.85343			4
2025.04.28	01:32:01.194		0.85344			4
2025.04.28	01:32:01.706	0.85342	0.85346			6
2025.04.28	01:32:02.021	0.85343	0.85347			6
2025.04.28	01:32:02.874		0.85345			4
2025.04.28	01:32:06.269		0.85347			4
2025.04.28	01:32:06.900		0.85344			4
2025.04.28	01:32:08.429	0.85339	0.85345			6
2025.04.28	01:32:09.014		0.85344			4
2025.04.28	01:32:09.893		0.85345			4
2025.04.28	01:32:10.937	0.85340	0.85343			6
2025.04.28	01:32:11.238		0.85345			4
2025.04.28	01:32:11.777		0.85343			4
2025.04.28	01:32:12.082		0.85345			4
2025.04.28	01:32:12.969	0.85344	0.85348			6
2025.04.28	01:32:13.598	0.85341	0.85347			6
2025.04.28	01:32:13.911	0.85340	0.85346			6
2025.04.28	01:32:15.969	0.85339	0.85345			6
2025.04.28	01:32:18.059	0.85344	0.85349			6
2025.04.28	01:32:19.182		0.85350			4
2025.04.28	01:32:23.214	0.85345				2
2025.04.28	01:32:24.444		0.85351			4
2025.04.28	01:32:26.364	0.85346				2
2025.04.28	01:32:27.882	0.85348	0.85352			6
2025.04.28	01:32:28.489		0.85353			4
2025.04.28	01:32:28.950	0.85347	0.85351			6
2025.04.28	01:32:37.205	0.85346	0.85347			6
2025.04.28	01:32:37.519	0.85342	0.85346			6
2025.04.28	01:32:38.365		0.85347			4
2025.04.28	01:32:39.345		0.85345			4
2025.04.28	01:32:40.222		0.85347			4
2025.04.28	01:32:40.606		0.85344			4
2025.04.28	01:32:42.454		0.85347			4
2025.04.28	01:32:42.756		0.85345			4
2025.04.28	01:32:43.458	0.85341	0.85343			6
2025.04.28	01:32:53.316	0.85342				2
2025.04.28	01:33:03.487	0.85341				2
2025.04.28	01:33:08.140	0.85339	0.85340			6
2025.04.28	01:33:09.145	0.85341	0.85345			6
2025.04.28	01:33:09.458		0.85344			4
2025.04.28	01:33:12.357	0.85342	0.85346			6
2025.04.28	01:33:13.386		0.85347			4
2025.04.28	01:33:14.756	0.85340	0.85341			6
2025.04.28	01:33:16.351	0.85339	0.85340			6
2025.04.28	01:33:16.663	0.85342	0.85345			6
2025.04.28	01:33:18.237	0.85343				2
2025.04.28	01:33:20.476	0.85341	0.85348			6
2025.04.28	01:33:20.779	0.85342	0.85347			6
2025.04.28	01:33:24.688		0.85346			4
2025.04.28	01:33:25.222		0.85348			4
2025.04.28	01:33:25.940	0.85339	0.85346			6
2025.04.28	01:33:27.084	0.85341	0.85347			6
2025.04.28	01:33:28.898		0.85344			4
2025.04.28	01:33:29.661	0.85340	0.85343			6
2025.04.28	01:33:30.495	0.85338	0.85341			6
2025.04.28	01:33:35.067		0.85339			4
2025.04.28	01:33:36.132		0.85340			4
2025.04.28	01:33:37.459		0.85342			4
2025.04.28	01:33:38.027		0.85339			4
2025.04.28	01:33:40.450		0.85341			4
2025.04.28	01:33:41.403	0.85337	0.85339			6
2025.04.28	01:33:41.721	0.85339	0.85342			6
2025.04.28	01:33:42.061		0.85340			4
2025.04.28	01:33:42.387		0.85341			4
2025.04.28	01:33:43.163	0.85340	0.85344			6
2025.04.28	01:33:43.480	0.85337				2
2025.04.28	01:33:44.624	0.85340				2
2025.04.28	01:33:44.963		0.85342			4
2025.04.28	01:33:46.211	0.85338	0.85343			6
2025.04.28	01:33:46.519	0.85337				2
2025.04.28	01:33:49.445	0.85342	0.85346			6
2025.04.28	01:33:51.111	0.85340	0.85341			6
2025.04.28	01:33:53.825	0.85343	0.85348			6
2025.04.28	01:34:01.262	0.85343				2
2025.04.28	01:34:03.269	0.85341	0.85345			6
2025.04.28	01:34:03.578		0.85346			4
2025.04.28	01:34:04.480	0.85337	0.85341			6
2025.04.28	01:34:05.151		0.85340			4
2025.04.28	01:34:05.677		0.85341			4
2025.04.28	01:34:06.579	0.85334	0.85336			6
2025.04.28	01:34:08.683	0.85335				2
2025.04.28	01:34:09.454	0.85334				2
2025.04.28	01:34:11.447	0.85335				2
2025.04.28	01:34:11.765	0.85334	0.85335			6
2025.04.28	01:34:12.069	0.85335	0.85336			6
2025.04.28	01:34:12.553	0.85334	0.85335			6
2025.04.28	01:34:15.118		0.85336			4
2025.04.28	01:34:18.607	0.85336	0.85339			6
2025.04.28	01:34:39.876	0.85333	0.85335			6
2025.04.28	01:34:47.021		0.85334			4
2025.04.28	01:34:48.460		0.85335			4
2025.04.28	01:34:49.979		0.85334			4
2025.04.28	01:34:50.515		0.85335			4
2025.04.28	01:34:56.792	0.85335	0.85336			6
2025.04.28	01:35:00.305	0.85335				2
2025.04.28	01:35:00.673	0.85334	0.85335			6
2025.04.28	01:35:27.280	0.85332	0.85338			6
2025.04.28	01:35:27.742	0.85336	0.85337			6
2025.04.28	01:35:36.279	0.85334				2
2025.04.28	01:35:38.523		0.85338			4
2025.04.28	01:35:40.164		0.85335			4
2025.04.28	01:35:40.472		0.85337			4
2025.04.28	01:35:41.211		0.85338			4
2025.04.28	01:35:42.847		0.85336			4
2025.04.28	01:35:43.656		0.85338			4
2025.04.28	01:35:47.426	0.85339	0.85342			6
2025.04.28	01:35:51.994	0.85336	0.85338			6
2025.04.28	01:35:52.300	0.85335	0.85340			6
2025.04.28	01:35:52.604	0.85332	0.85336			6
2025.04.28	01:35:53.617	0.85333				2
2025.04.28	01:35:55.947	0.85335	0.85340			6
2025.04.28	01:35:56.258		0.85341			4
2025.04.28	01:35:59.080		0.85340			4
2025.04.28	01:36:00.341	0.85336	0.85337			6
2025.04.28	01:36:01.054	0.85335	0.85336			6
2025.04.28	01:36:01.359	0.85337	0.85342			6
2025.04.28	01:36:02.859	0.85335	0.85336			6
2025.04.28	01:36:05.347	0.85339	0.85340			6
2025.04.28	01:36:05.659	0.85338				2
2025.04.28	01:36:05.992	0.85337	0.85338			6
2025.04.28	01:36:06.959	0.85336	0.85337			6
2025.04.28	01:36:07.786	0.85338	0.85339			6
2025.04.28	01:36:09.237	0.85336				2
2025.04.28	01:36:09.877	0.85338				2
2025.04.28	01:36:10.764	0.85339	0.85342			6
2025.04.28	01:36:11.073		0.85341			4
2025.04.28	01:36:11.381	0.85338	0.85339			6
2025.04.28	01:36:12.679		0.85341			4
2025.04.28	01:36:13.602		0.85339			4
2025.04.28	01:36:15.699		0.85342			4
2025.04.28	01:36:16.007		0.85339			4
2025.04.28	01:36:17.577	0.85339	0.85340			6
2025.04.28	01:36:21.382		0.85341			4
2025.04.28	01:36:27.579	0.85340	0.85344			6
2025.04.28	01:36:27.883	0.85343	0.85348			6
2025.04.28	01:36:28.837		0.85347			4
2025.04.28	01:36:31.070	0.85341				2
2025.04.28	01:36:33.318	0.85342	0.85346			6
2025.04.28	01:36:33.704	0.85340				2
2025.04.28	01:36:34.828	0.85339	0.85343			6
2025.04.28	01:36:39.570	0.85341	0.85346			6
2025.04.28	01:36:42.205	0.85340				2
2025.04.28	01:36:42.566	0.85338				2
2025.04.28	01:36:42.980	0.85341	0.85345			6
2025.04.28	01:36:44.608	0.85340	0.85346			6
2025.04.28	01:36:46.787	0.85338	0.85345			6
2025.04.28	01:36:48.608	0.85341				2
2025.04.28	01:36:49.711	0.85340	0.85342			6
2025.04.28	01:36:50.039		0.85343			4
2025.04.28	01:36:50.347	0.85341	0.85344			6
2025.04.28	01:36:53.543	0.85340				2
2025.04.28	01:36:53.895		0.85343			4
2025.04.28	01:36:59.729	0.85343	0.85347			6
2025.04.28	01:37:00.040	0.85344	0.85348			6
2025.04.28	01:37:00.443	0.85345	0.85350			6
2025.04.28	01:37:00.764	0.85344				2
2025.04.28	01:37:01.281	0.85342	0.85349			6
2025.04.28	01:37:01.780		0.85348			4
2025.04.28	01:37:02.480	0.85344	0.85346			6
2025.04.28	01:37:12.921		0.85347			4
2025.04.28	01:37:25.165	0.85345				2
2025.04.28	01:37:25.564	0.85344	0.85346			6
2025.04.28	01:37:27.880	0.85333	0.85341			6
2025.04.28	01:37:28.200	0.85337	0.85342			6
2025.04.28	01:37:28.504	0.85339	0.85343			6
2025.04.28	01:37:30.729	0.85337	0.85341			6
2025.04.28	01:37:31.039	0.85335				2
2025.04.28	01:37:31.339	0.85334				2
2025.04.28	01:37:31.784	0.85333				2
2025.04.28	01:37:33.820	0.85336	0.85342			6
2025.04.28	01:37:34.390	0.85333				2
2025.04.28	01:37:35.430	0.85338	0.85343			6
2025.04.28	01:37:35.739	0.85339	0.85345			6
2025.04.28	01:37:36.046	0.85342	0.85344			6
2025.04.28	01:37:36.360	0.85324	0.85331			6
2025.04.28	01:37:36.662	0.85329	0.85332			6
2025.04.28	01:37:36.980	0.85331	0.85336			6
2025.04.28	01:37:37.288		0.85335			4
2025.04.28	01:37:38.271	0.85330	0.85334			6
2025.04.28	01:37:40.179		0.85335			4
2025.04.28	01:37:40.599	0.85331				2
2025.04.28	01:37:41.404	0.85334	0.85337			6
2025.04.28	01:37:41.713		0.85338			4
2025.04.28	01:37:42.928		0.85339			4
2025.04.28	01:37:43.988		0.85338			4
2025.04.28	01:37:44.315		0.85339			4
2025.04.28	01:37:48.698		0.85338			4
2025.04.28	01:37:49.010		0.85339			4
2025.04.28	01:37:49.775		0.85338			4
2025.04.28	01:37:50.914		0.85340			4
2025.04.28	01:37:51.985		0.85341			4
2025.04.28	01:37:53.592	0.85331	0.85340			6
2025.04.28	01:37:53.903	0.85330				2
2025.04.28	01:37:54.266		0.85337			4
2025.04.28	01:37:55.733	0.85331	0.85339			6
2025.04.28	01:37:57.019	0.85330	0.85337			6
2025.04.28	01:38:00.436	0.85330				2
2025.04.28	01:38:01.141	0.85332	0.85341			6
2025.04.28	01:38:03.312	0.85331				2
2025.04.28	01:38:06.315	0.85327	0.85343			6
2025.04.28	01:38:06.815	0.85333	0.85344			6
2025.04.28	01:38:13.260	0.85331	0.85342			6
2025.04.28	01:38:13.579	0.85330	0.85341			6
2025.04.28	01:38:15.713	0.85335	0.85339			6
2025.04.28	01:38:17.001	0.85334				2
2025.04.28	01:38:20.612	0.85335				2
2025.04.28	01:38:22.369	0.85334				2
2025.04.28	01:38:23.544		0.85341			4
2025.04.28	01:38:25.023	0.85335				2
2025.04.28	01:38:32.127	0.85329	0.85336			6
2025.04.28	01:38:34.681	0.85330	0.85334			6
2025.04.28	01:38:37.251	0.85333	0.85340			6
2025.04.28	01:38:38.170	0.85334	0.85337			6
2025.04.28	01:38:40.666	0.85332	0.85334			6
2025.04.28	01:38:41.201	0.85331				2
2025.04.28	01:38:48.328	0.85326	0.85336			6
2025.04.28	01:38:48.639		0.85332			4
2025.04.28	01:38:49.642	0.85327	0.85333			6
2025.04.28	01:38:49.950	0.85326	0.85332			6
2025.04.28	01:38:51.377	0.85328	0.85333			6
2025.04.28	01:38:56.863	0.85326	0.85332			6
2025.04.28	01:38:58.382	0.85328	0.85333			6
2025.04.28	01:39:00.165	0.85328				2
2025.04.28	01:39:00.903	0.85326				2
2025.04.28	01:39:05.718	0.85325				2
2025.04.28	01:39:10.370	0.85326				2
2025.04.28	01:39:13.276	0.85325				2
2025.04.28	01:39:14.197	0.85326				2
2025.04.28	01:39:14.504		0.85332			4
2025.04.28	01:39:16.408	0.85324	0.85333			6
2025.04.28	01:39:28.175	0.85322	0.85332			6
2025.04.28	01:39:28.630	0.85324	0.85333			6
2025.04.28	01:39:34.761		0.85334			4
2025.04.28	01:39:40.392	0.85322	0.85333			6
2025.04.28	01:39:44.722	0.85323	0.85331			6
2025.04.28	01:39:45.417		0.85330			4
2025.04.28	01:39:45.727	0.85322				2
2025.04.28	01:39:46.652	0.85324				2
2025.04.28	01:39:47.468		0.85331			4
2025.04.28	01:39:50.371	0.85322				2
2025.04.28	01:39:56.196	0.85323				2
2025.04.28	01:39:57.903	0.85322				2
2025.04.28	01:40:00.366	0.85322				2
2025.04.28	01:40:01.360	0.85324	0.85330			6
2025.04.28	01:40:03.113	0.85323				2
2025.04.28	01:40:03.424		0.85329			4
2025.04.28	01:40:06.113	0.85322				2
2025.04.28	01:40:09.119	0.85321				2
2025.04.28	01:40:09.793		0.85326			4
2025.04.28	01:40:10.181	0.85332	0.85337			6
2025.04.28	01:40:10.484	0.85333	0.85341			6
2025.04.28	01:40:10.794	0.85334	0.85343			6
2025.04.28	01:40:11.105		0.85339			4
2025.04.28	01:40:11.470	0.85329	0.85337			6
2025.04.28	01:40:11.779	0.85332				2
2025.04.28	01:40:13.360		0.85338			4
2025.04.28	01:40:13.662	0.85334	0.85339			6
2025.04.28	01:40:13.962		0.85338			4
2025.04.28	01:40:24.177		0.85336			4
2025.04.28	01:40:25.681		0.85338			4
2025.04.28	01:40:27.815		0.85337			4
2025.04.28	01:40:30.389	0.85332	0.85338			6
2025.04.28	01:40:32.607	0.85333				2
2025.04.28	01:40:38.834	0.85334				2
2025.04.28	01:40:39.872		0.85337			4
2025.04.28	01:40:40.230		0.85338			4
2025.04.28	01:40:50.422		0.85337			4
2025.04.28	01:40:50.777		0.85338			4
2025.04.28	01:41:00.265	0.85334				2
2025.04.28	01:41:07.559		0.85337			4
2025.04.28	01:41:11.480		0.85338			4
2025.04.28	01:41:16.165		0.85337			4
2025.04.28	01:41:16.480		0.85340			4
2025.04.28	01:41:21.304		0.85339			4
2025.04.28	01:41:28.977		0.85338			4
2025.04.28	01:41:31.337		0.85339			4
2025.04.28	01:41:36.030		0.85338			4
2025.04.28	01:41:50.293		0.85337			4
2025.04.28	01:41:52.686		0.85338			4
2025.04.28	01:42:01.829	0.85334	0.85339			6
2025.04.28	01:42:03.473		0.85338			4
2025.04.28	01:42:15.308	0.85335	0.85339			6
2025.04.28	01:42:15.626	0.85336	0.85340			6
2025.04.28	01:42:16.318		0.85339			4
2025.04.28	01:42:17.214	0.85335	0.85338			6
2025.04.28	01:42:18.353		0.85339			4
2025.04.28	01:42:22.377	0.85334				2
2025.04.28	01:42:23.736	0.85336	0.85340			6
2025.04.28	01:42:24.397	0.85334				2
2025.04.28	01:42:26.907	0.85335				2
2025.04.28	01:42:29.911		0.85339			4
2025.04.28	01:42:45.281	0.85334	0.85340			6
2025.04.28	01:42:46.206	0.85335	0.85339			6
2025.04.28	01:43:00.227	0.85335				2
2025.04.28	01:43:10.567	0.85336				2
2025.04.28	01:43:43.793	0.85338	0.85340			6
2025.04.28	01:43:50.407		0.85341			4
2025.04.28	01:43:53.161	0.85337	0.85342			6
2025.04.28	01:43:53.463	0.85334	0.85339			6
2025.04.28	01:43:56.076	0.85336				2
2025.04.28	01:43:56.382	0.85335				2
2025.04.28	01:43:58.531	0.85336				2
2025.04.28	01:43:58.971	0.85335	0.85341			6
2025.04.28	01:43:59.487		0.85340			4
2025.04.28	01:44:00.420	0.85335				2
2025.04.28	01:44:00.857	0.85336	0.85339			6
2025.04.28	01:44:01.160	0.85334				2
2025.04.28	01:44:01.782	0.85336	0.85341			6
2025.04.28	01:44:02.096		0.85339			4
2025.04.28	01:44:04.118	0.85334				2
2025.04.28	01:44:04.423	0.85335				2
2025.04.28	01:44:06.925	0.85334	0.85338			6
2025.04.28	01:44:07.391		0.85339			4
2025.04.28	01:44:11.912	0.85338	0.85341			6
2025.04.28	01:44:12.246		0.85340			4
2025.04.28	01:44:15.884	0.85334	0.85339			6
2025.04.28	01:44:30.420		0.85340			4
2025.04.28	01:44:41.373	0.85338	0.85339			6
2025.04.28	01:44:44.286		0.85340			4
2025.04.28	01:44:51.156		0.85341			4
2025.04.28	01:44:55.087		0.85340			4
2025.04.28	01:45:00.056	0.85338				2
2025.04.28	01:45:00.612	0.85336				2
2025.04.28	01:45:03.139	0.85337				2
2025.04.28	01:45:07.434	0.85336				2
2025.04.28	01:45:11.694	0.85337				2
2025.04.28	01:45:12.051	0.85335				2
2025.04.28	01:45:14.002	0.85336				2
2025.04.28	01:45:21.348		0.85338			4
2025.04.28	01:45:22.146		0.85339			4
2025.04.28	01:45:24.198	0.85335				2
2025.04.28	01:45:26.128	0.85336				2
2025.04.28	01:45:26.438	0.85338	0.85341			6
2025.04.28	01:45:27.091		0.85342			4
2025.04.28	01:45:31.524	0.85337	0.85341			6
2025.04.28	01:45:31.838	0.85338				2
2025.04.28	01:45:32.225	0.85337				2
2025.04.28	01:45:36.981	0.85338	0.85342			6
2025.04.28	01:45:44.947	0.85339	0.85343			6
2025.04.28	01:45:45.677	0.85340	0.85342			6
2025.04.28	01:45:51.066	0.85339				2
2025.04.28	01:45:51.498	0.85336	0.85340			6
2025.04.28	01:45:52.125	0.85337				2
2025.04.28	01:46:00.420	0.85336	0.85339			6
2025.04.28	01:46:01.671	0.85334	0.85337			6
2025.04.28	01:46:03.820	0.85332	0.85335			6
2025.04.28	01:46:04.139		0.85336			4
2025.04.28	01:46:28.952		0.85335			4
2025.04.28	01:46:30.359		0.85336			4
2025.04.28	01:46:30.709		0.85335			4
2025.04.28	01:46:31.017		0.85336			4
2025.04.28	01:46:48.345	0.85331	0.85335			6
2025.04.28	01:46:49.123	0.85332	0.85336			6
2025.04.28	01:46:51.498	0.85334	0.85338			6
2025.04.28	01:46:52.060	0.85335				2
2025.04.28	01:46:52.515	0.85334				2
2025.04.28	01:46:52.824	0.85333	0.85337			6
2025.04.28	01:47:00.357	0.85333				2
2025.04.28	01:47:09.666		0.85336			4
2025.04.28	01:47:15.275	0.85332				2
2025.04.28	01:47:25.248	0.85331	0.85337			6
2025.04.28	01:47:25.919	0.85333	0.85336			6
2025.04.28	01:47:29.176	0.85331	0.85337			6
2025.04.28	01:47:30.981	0.85333	0.85336			6
2025.04.28	01:47:57.614	0.85332				2
2025.04.28	01:48:00.313	0.85334	0.85337			6
2025.04.28	01:48:00.653		0.85338			4
2025.04.28	01:48:01.499	0.85333	0.85337			6
2025.04.28	01:48:01.836	0.85335	0.85338			6
2025.04.28	01:48:02.202	0.85333	0.85337			6
2025.04.28	01:48:09.352	0.85334				2
2025.04.28	01:48:13.937		0.85338			4
2025.04.28	01:48:14.691	0.85335				2
2025.04.28	01:48:15.003	0.85334				2
2025.04.28	01:48:15.705	0.85335				2
2025.04.28	01:48:18.258	0.85334				2
2025.04.28	01:48:18.560	0.85335				2
2025.04.28	01:48:24.291		0.85339			4
2025.04.28	01:48:42.085		0.85338			4
2025.04.28	01:48:43.788		0.85339			4
2025.04.28	01:49:00.336	0.85335				2
2025.04.28	01:49:06.565	0.85336				2
2025.04.28	01:49:44.037		0.85340			4
2025.04.28	01:49:52.794	0.85335	0.85339			6
2025.04.28	01:50:00.942	0.85335				2
2025.04.28	01:50:22.922	0.85336				2
2025.04.28	01:50:28.429	0.85335				2
2025.04.28	01:50:31.478	0.85336				2
2025.04.28	01:50:43.434	0.85337	0.85341			6
2025.04.28	01:50:44.349		0.85340			4
2025.04.28	01:50:44.737	0.85336				2
2025.04.28	01:50:47.065		0.85339			4
2025.04.28	01:50:52.096		0.85340			4
2025.04.28	01:51:00.389	0.85336				2
2025.04.28	01:51:06.209		0.85339			4
2025.04.28	01:51:43.112	0.85337	0.85340			6
2025.04.28	01:51:47.502	0.85338	0.85341			6
2025.04.28	01:51:47.953	0.85337	0.85340			6
2025.04.28	01:51:51.451		0.85341			4
2025.04.28	01:51:54.225	0.85339	0.85342			6
2025.04.28	01:52:00.577	0.85339				2
2025.04.28	01:52:02.348	0.85338				2
2025.04.28	01:52:18.572	0.85339				2
2025.04.28	01:52:19.604	0.85338				2
2025.04.28	01:52:21.378	0.85339				2
2025.04.28	01:52:22.181	0.85338				2
2025.04.28	01:52:28.656	0.85339				2
2025.04.28	01:52:32.415		0.85343			4
2025.04.28	01:52:33.116		0.85342			4
2025.04.28	01:52:35.515		0.85343			4
2025.04.28	01:52:36.679	0.85340	0.85345			6
2025.04.28	01:52:37.477		0.85344			4
2025.04.28	01:52:37.817	0.85339	0.85343			6
2025.04.28	01:52:38.133		0.85342			4
2025.04.28	01:52:40.365	0.85338	0.85343			6
2025.04.28	01:52:41.627	0.85339	0.85344			6
2025.04.28	01:52:41.939	0.85340	0.85342			6
2025.04.28	01:52:48.407		0.85343			4
2025.04.28	01:52:58.179	0.85339				2
2025.04.28	01:53:00.377	0.85339				2
2025.04.28	01:53:03.003	0.85340				2
2025.04.28	01:53:03.790		0.85342			4
2025.04.28	01:53:04.672		0.85343			4
2025.04.28	01:53:05.970	0.85339				2
2025.04.28	01:53:09.301	0.85341	0.85344			6
2025.04.28	01:53:09.625	0.85340				2
2025.04.28	01:53:10.559	0.85341				2
2025.04.28	01:53:19.799	0.85342				2
2025.04.28	01:53:21.003	0.85339	0.85342			6
2025.04.28	01:53:24.123	0.85337	0.85341			6
2025.04.28	01:53:24.429	0.85338				2
2025.04.28	01:53:27.980	0.85337	0.85340			6
2025.04.28	01:53:36.226	0.85336				2
2025.04.28	01:53:38.465	0.85335	0.85339			6
2025.04.28	01:53:53.615	0.85334	0.85338			6
2025.04.28	01:53:59.496		0.85337			4
2025.04.28	01:54:00.455	0.85334	0.85338			6
2025.04.28	01:54:07.944	0.85335	0.85339			6
2025.04.28	01:54:08.265		0.85338			4
2025.04.28	01:54:56.243	0.85334				2
2025.04.28	01:55:00.668	0.85334				2
2025.04.28	01:55:01.176	0.85335				2
2025.04.28	01:55:02.242	0.85334				2
2025.04.28	01:55:02.626		0.85337			4
2025.04.28	01:55:05.365	0.85333				2
2025.04.28	01:55:16.375	0.85332	0.85336			6
2025.04.28	01:55:31.374		0.85335			4
2025.04.28	01:55:43.884	0.85331				2
2025.04.28	01:55:44.516	0.85332	0.85336			6
2025.04.28	01:56:00.455	0.85332	0.85335			6
2025.04.28	01:56:01.880	0.85330	0.85332			6
2025.04.28	01:56:02.185	0.85329				2
2025.04.28	01:56:06.017	0.85332	0.85335			6
2025.04.28	01:56:58.250	0.85333				2
2025.04.28	01:57:00.843	0.85333				2
2025.04.28	01:57:02.123	0.85334	0.85338			6
2025.04.28	01:57:02.431	0.85335				2
2025.04.28	01:57:02.779		0.85339			4
2025.04.28	01:57:10.007	0.85336	0.85340			6
2025.04.28	01:57:12.928	0.85339	0.85341			6
2025.04.28	01:57:13.303	0.85337				2
2025.04.28	01:57:13.677	0.85338				2
2025.04.28	01:57:14.849	0.85337				2
2025.04.28	01:57:15.756	0.85340	0.85343			6
2025.04.28	01:57:17.396	0.85339				2
2025.04.28	01:57:18.294	0.85340	0.85344			6
2025.04.28	01:57:21.435	0.85338	0.85342			6
2025.04.28	01:57:21.738	0.85337	0.85341			6
2025.04.28	01:57:22.129	0.85341	0.85344			6
2025.04.28	01:57:23.760	0.85340				2
2025.04.28	01:57:28.544	0.85339	0.85342			6
2025.04.28	01:57:29.655	0.85340	0.85344			6
2025.04.28	01:58:02.158	0.85340				2
2025.04.28	01:58:05.463	0.85341				2
2025.04.28	01:58:05.767	0.85340	0.85343			6
2025.04.28	01:58:11.309	0.85339	0.85342			6
2025.04.28	01:58:11.619		0.85343			4
2025.04.28	01:58:11.998	0.85337	0.85341			6
2025.04.28	01:58:12.958	0.85340	0.85344			6
2025.04.28	01:58:14.424		0.85343			4
2025.04.28	01:58:14.853	0.85339	0.85342			6
2025.04.28	01:58:17.221		0.85341			4
2025.04.28	01:58:27.198	0.85338				2
2025.04.28	01:58:31.077	0.85337				2
2025.04.28	01:58:35.651	0.85338				2
2025.04.28	01:58:58.609		0.85342			4
2025.04.28	01:58:58.990	0.85339				2
2025.04.28	01:58:59.705	0.85340	0.85344			6
2025.04.28	01:59:00.042	0.85340				2
2025.04.28	01:59:05.757		0.85343			4
2025.04.28	01:59:13.985	0.85339				2
2025.04.28	01:59:16.124	0.85340				2
2025.04.28	01:59:18.710		0.85344			4
2025.04.28	01:59:19.028	0.85339	0.85343			6
2025.04.28	01:59:22.537	0.85340	0.85344			6
2025.04.28	01:59:31.215	0.85341	0.85345			6
2025.04.28	01:59:32.329	0.85340	0.85344			6
2025.04.28	01:59:52.036	0.85341				2
2025.04.28	02:00:00.340	0.85340				2
2025.04.28	02:00:01.395	0.85341				2
2025.04.28	02:00:06.366	0.85340	0.85343			6
2025.04.28	02:00:07.816	0.85338	0.85341			6
2025.04.28	02:00:10.394		0.85339			4
2025.04.28	02:00:13.535	0.85337				2
2025.04.28	02:00:20.581	0.85336	0.85340			6
2025.04.28	02:00:27.846		0.85339			4
2025.04.28	02:00:28.580		0.85340			4
2025.04.28	02:00:50.949	0.85337	0.85341			6
2025.04.28	02:00:51.951	0.85336	0.85340			6
2025.04.28	02:00:54.954		0.85339			4
2025.04.28	02:01:00.072	0.85336				2
2025.04.28	02:01:00.435		0.85338			4
2025.04.28	02:01:05.003		0.85339			4
2025.04.28	02:01:05.308	0.85335				2
2025.04.28	02:01:20.187	0.85336				2
2025.04.28	02:01:21.238		0.85340			4
2025.04.28	02:01:22.939		0.85339			4
2025.04.28	02:01:23.247		0.85340			4
2025.04.28	02:01:24.481		0.85339			4
2025.04.28	02:01:30.848		0.85340			4
2025.04.28	02:01:31.156		0.85339			4
2025.04.28	02:01:41.939	0.85335				2
2025.04.28	02:01:42.362	0.85332	0.85335			6
2025.04.28	02:01:43.266		0.85336			4
2025.04.28	02:02:00.386	0.85333				2
2025.04.28	02:02:02.604	0.85334	0.85337			6
2025.04.28	02:02:03.948	0.85332	0.85336			6
2025.04.28	02:02:05.644	0.85333				2
2025.04.28	02:02:14.916		0.85335			4
2025.04.28	02:02:18.878	0.85338	0.85340			6
2025.04.28	02:02:19.192	0.85339	0.85343			6
2025.04.28	02:02:20.028	0.85334	0.85338			6
2025.04.28	02:02:20.338	0.85336				2
2025.04.28	02:02:20.648	0.85337	0.85339			6
2025.04.28	02:02:25.678		0.85340			4
2025.04.28	02:02:26.311		0.85339			4
2025.04.28	02:02:28.439		0.85340			4
2025.04.28	02:02:30.734	0.85338	0.85342			6
2025.04.28	02:02:33.895	0.85337	0.85341			6
2025.04.28	02:02:36.067		0.85342			4
2025.04.28	02:02:40.677	0.85338				2
2025.04.28	02:02:47.452		0.85341			4
2025.04.28	02:02:52.660	0.85336	0.85339			6
2025.04.28	02:02:53.042	0.85337				2
2025.04.28	02:02:53.576	0.85336				2
2025.04.28	02:02:54.057	0.85337				2
2025.04.28	02:03:00.968	0.85338				2
2025.04.28	02:03:01.644	0.85337				2
2025.04.28	02:03:02.331	0.85339	0.85341			6
2025.04.28	02:03:03.006	0.85338				2
2025.04.28	02:03:04.597		0.85340			4
2025.04.28	02:03:06.413	0.85337				2
2025.04.28	02:03:07.749	0.85338				2
2025.04.28	02:03:17.721	0.85337				2
2025.04.28	02:03:28.945	0.85336				2
2025.04.28	02:03:30.501	0.85337				2
2025.04.28	02:03:38.603	0.85335	0.85338			6
2025.04.28	02:03:43.888		0.85339			4
2025.04.28	02:03:49.683		0.85338			4
2025.04.28	02:03:53.885	0.85333				2
2025.04.28	02:03:54.895	0.85335				2
2025.04.28	02:03:55.209	0.85333				2
2025.04.28	02:04:00.357	0.85333				2
2025.04.28	02:04:03.918	0.85334				2
2025.04.28	02:04:07.193	0.85339	0.85344			6
2025.04.28	02:04:07.803		0.85342			4
2025.04.28	02:04:08.119		0.85345			4
2025.04.28	02:04:11.118	0.85340	0.85346			6
2025.04.28	02:04:14.049	0.85338	0.85342			6
2025.04.28	02:04:14.356	0.85337				2
2025.04.28	02:04:19.120	0.85339	0.85345			6
2025.04.28	02:04:21.529	0.85338	0.85343			6
2025.04.28	02:04:25.403		0.85344			4
2025.04.28	02:04:26.177	0.85339				2
2025.04.28	02:04:27.736	0.85340	0.85345			6
2025.04.28	02:04:28.344	0.85338	0.85344			6
2025.04.28	02:04:28.889	0.85339				2
2025.04.28	02:04:29.246		0.85345			4
2025.04.28	02:04:59.142	0.85340	0.85346			6
2025.04.28	02:05:00.637	0.85340				2
2025.04.28	02:05:03.018		0.85345			4
2025.04.28	02:05:09.216	0.85338	0.85344			6
2025.04.28	02:05:11.230	0.85341	0.85346			6
2025.04.28	02:05:14.381	0.85345				2
2025.04.28	02:05:15.591	0.85344				2
2025.04.28	02:05:21.596	0.85346	0.85348			6
2025.04.28	02:05:26.247	0.85345	0.85347			6
2025.04.28	02:05:26.572	0.85341	0.85346			6
2025.04.28	02:05:27.789	0.85344				2
2025.04.28	02:05:40.386	0.85342				2
2025.04.28	02:05:53.640	0.85343				2
2025.04.28	02:05:55.504	0.85342				2
2025.04.28	02:06:00.582	0.85342				2
2025.04.28	02:06:27.278		0.85346			4
2025.04.28	02:06:44.170	0.85341				2
2025.04.28	02:06:52.354	0.85339	0.85345			6
2025.04.28	02:06:53.719		0.85344			4
2025.04.28	02:06:57.492		0.85345			4
2025.04.28	02:07:00.318	0.85339				2
2025.04.28	02:07:22.169	0.85342	0.85346			6
2025.04.28	02:07:22.478	0.85340				2
2025.04.28	02:07:24.353	0.85341				2
2025.04.28	02:07:24.658		0.85347			4
2025.04.28	02:07:25.449	0.85342				2
2025.04.28	02:07:26.224		0.85346			4
2025.04.28	02:07:28.957		0.85347			4
2025.04.28	02:07:30.699	0.85343				2
2025.04.28	02:07:32.996	0.85344	0.85348			6
2025.04.28	02:07:36.435		0.85349			4
2025.04.28	02:07:36.958	0.85347	0.85353			6
2025.04.28	02:07:37.848	0.85345	0.85349			6
2025.04.28	02:07:41.378		0.85348			4
2025.04.28	02:07:41.699	0.85346	0.85349			6
2025.04.28	02:07:42.065		0.85350			4
2025.04.28	02:07:42.382	0.85347				2
2025.04.28	02:07:45.716	0.85348	0.85351			6
2025.04.28	02:07:50.259	0.85349	0.85353			6
2025.04.28	02:07:50.581		0.85352			4
2025.04.28	02:07:54.437	0.85352	0.85358			6
2025.04.28	02:07:54.745	0.85353	0.85356			6
2025.04.28	02:08:00.351	0.85353				2
2025.04.28	02:08:02.875		0.85357			4
2025.04.28	02:08:15.652	0.85351	0.85355			6
2025.04.28	02:08:16.125	0.85353	0.85356			6
2025.04.28	02:08:16.724	0.85352	0.85355			6
2025.04.28	02:08:19.511		0.85356			4
2025.04.28	02:08:22.700	0.85351	0.85355			6
2025.04.28	02:08:23.007	0.85352				2
2025.04.28	02:08:29.616	0.85356	0.85357			6
2025.04.28	02:08:37.314	0.85357	0.85358			6
2025.04.28	02:08:41.624	0.85356	0.85357			6
2025.04.28	02:08:43.814	0.85358	0.85359			6
2025.04.28	02:08:44.864	0.85360	0.85361			6
2025.04.28	02:08:45.525	0.85361	0.85362			6
2025.04.28	02:08:56.971	0.85360	0.85361			6
2025.04.28	02:09:00.249	0.85363	0.85364			6
2025.04.28	02:09:00.558	0.85361	0.85362			6
2025.04.28	02:09:00.862	0.85360	0.85361			6
2025.04.28	02:09:12.388	0.85361	0.85362			6
2025.04.28	02:09:23.155	0.85360	0.85361			6
2025.04.28	02:09:35.636	0.85359	0.85360			6
2025.04.28	02:09:45.764	0.85358	0.85359			6
2025.04.28	02:10:00.136	0.85358				2
2025.04.28	02:10:05.178	0.85356	0.85357			6
2025.04.28	02:10:09.463	0.85352	0.85355			6
2025.04.28	02:10:09.772	0.85353	0.85354			6
2025.04.28	02:10:10.079	0.85349	0.85351			6
2025.04.28	02:10:10.413	0.85347				2
2025.04.28	02:10:10.719	0.85344	0.85350			6
2025.04.28	02:10:11.446	0.85348	0.85352			6
2025.04.28	02:10:12.444	0.85346	0.85349			6
2025.04.28	02:10:12.760	0.85344	0.85348			6
2025.04.28	02:10:13.636	0.85345				2
2025.04.28	02:10:14.316	0.85344				2
2025.04.28	02:10:14.959	0.85345				2
2025.04.28	02:10:18.641	0.85344	0.85347			6
2025.04.28	02:10:18.942	0.85345	0.85348			6
2025.04.28	02:10:19.295	0.85341	0.85345			6
2025.04.28	02:10:19.598	0.85339	0.85344			6
2025.04.28	02:10:20.382	0.85341				2
2025.04.28	02:10:21.501	0.85342				2
2025.04.28	02:10:22.695	0.85345	0.85346			6
2025.04.28	02:10:23.351	0.85336	0.85342			6
2025.04.28	02:10:23.658		0.85340			4
2025.04.28	02:10:23.965	0.85340	0.85344			6
2025.04.28	02:10:24.267	0.85338	0.85341			6
2025.04.28	02:10:24.676	0.85337				2
2025.04.28	02:10:25.650	0.85338				2
2025.04.28	02:10:38.787	0.85340	0.85343			6
2025.04.28	02:10:39.121	0.85339	0.85342			6
2025.04.28	02:10:39.427	0.85337	0.85341			6
2025.04.28	02:10:39.738	0.85334	0.85337			6
2025.04.28	02:10:40.040		0.85338			4
2025.04.28	02:10:40.344		0.85336			4
2025.04.28	02:10:40.692	0.85331				2
2025.04.28	02:10:42.739	0.85334	0.85335			6
2025.04.28	02:10:43.398	0.85331				2
2025.04.28	02:10:53.254	0.85330				2
2025.04.28	02:10:59.596	0.85331				2
2025.04.28	02:11:00.418	0.85331				2
2025.04.28	02:11:01.952	0.85330				2
2025.04.28	02:11:15.447	0.85333				2
2025.04.28	02:11:15.760	0.85331				2
2025.04.28	02:11:18.798	0.85330	0.85334			6
2025.04.28	02:11:19.943	0.85339	0.85340			6
2025.04.28	02:11:20.263	0.85336	0.85338			6
2025.04.28	02:11:26.068	0.85338	0.85340			6
2025.04.28	02:11:26.379		0.85341			4
2025.04.28	02:11:27.091	0.85339	0.85340			6
2025.04.28	02:11:28.270	0.85341	0.85345			6
2025.04.28	02:11:28.999	0.85339	0.85342			6
2025.04.28	02:11:29.327		0.85343			4
2025.04.28	02:11:33.685	0.85344	0.85346			6
2025.04.28	02:11:34.575	0.85345	0.85347			6
2025.04.28	02:11:37.325	0.85344				2
2025.04.28	02:11:39.371	0.85343				2
2025.04.28	02:11:40.714	0.85349	0.85350			6
2025.04.28	02:11:42.983	0.85346	0.85348			6
2025.04.28	02:11:52.997	0.85345				2
2025.04.28	02:11:53.548		0.85346			4
2025.04.28	02:12:00.793	0.85345				2
2025.04.28	02:12:14.570	0.85344				2
2025.04.28	02:12:15.834		0.85348			4
2025.04.28	02:12:22.149	0.85342	0.85345			6
2025.04.28	02:12:34.948	0.85340	0.85343			6
2025.04.28	02:12:38.057	0.85339	0.85342			6
2025.04.28	02:12:38.359	0.85337	0.85341			6
2025.04.28	02:12:39.051	0.85338	0.85342			6
2025.04.28	02:12:42.351	0.85337	0.85341			6
2025.04.28	02:12:42.661	0.85336				2
2025.04.28	02:12:42.981	0.85337				2
2025.04.28	02:12:47.062	0.85338	0.85342			6
2025.04.28	02:12:48.957		0.85341			4
2025.04.28	02:12:49.826		0.85342			4
2025.04.28	02:12:51.928	0.85334	0.85338			6
2025.04.28	02:12:52.648	0.85339	0.85342			6
2025.04.28	02:12:54.350	0.85338				2
2025.04.28	02:12:55.156	0.85339				2
2025.04.28	02:12:59.916	0.85342	0.85346			6
2025.04.28	02:13:00.219	0.85342	0.85344			6
2025.04.28	02:13:00.522	0.85340	0.85343			6
2025.04.28	02:13:01.503	0.85343	0.85345			6
2025.04.28	02:13:02.176		0.85344			4
2025.04.28	02:13:02.480	0.85341				2
2025.04.28	02:13:03.133		0.85345			4
2025.04.28	02:13:03.472	0.85342				2
2025.04.28	02:13:05.141	0.85343				2
2025.04.28	02:13:06.838	0.85339	0.85344			6
2025.04.28	02:13:07.143	0.85342	0.85343			6
2025.04.28	02:13:07.450	0.85338	0.85341			6
2025.04.28	02:13:07.760	0.85339	0.85342			6
2025.04.28	02:13:08.080	0.85338				2
2025.04.28	02:13:11.283	0.85341	0.85343			6
2025.04.28	02:13:11.602		0.85344			4
2025.04.28	02:13:17.398	0.85343				2
2025.04.28	02:13:18.404	0.85342	0.85343			6
2025.04.28	02:13:21.371		0.85344			4
2025.04.28	02:13:21.917		0.85343			4
2025.04.28	02:13:22.634		0.85344			4
2025.04.28	02:13:25.536		0.85345			4
2025.04.28	02:13:37.500	0.85343	0.85344			6
2025.04.28	02:13:38.822		0.85345			4
2025.04.28	02:13:45.358	0.85347	0.85351			6
2025.04.28	02:13:45.659	0.85346	0.85349			6
2025.04.28	02:13:45.979	0.85343	0.85347			6
2025.04.28	02:13:51.697	0.85344				2
2025.04.28	02:13:52.427		0.85346			4
2025.04.28	02:13:58.455		0.85347			4
2025.04.28	02:14:01.915	0.85344				2
2025.04.28	02:14:02.287		0.85346			4
2025.04.28	02:14:03.370		0.85347			4
2025.04.28	02:14:05.686	0.85346	0.85348			6
2025.04.28	02:14:05.997	0.85345	0.85347			6
2025.04.28	02:14:06.311	0.85343	0.85346			6
2025.04.28	02:14:12.532		0.85347			4
2025.04.28	02:14:17.534	0.85344				2
2025.04.28	02:14:17.857	0.85345				2
2025.04.28	02:14:27.585	0.85344	0.85346			6
2025.04.28	02:14:28.181	0.85345				2
2025.04.28	02:14:30.924	0.85343				2
2025.04.28	02:14:31.370	0.85345	0.85347			6
2025.04.28	02:14:31.678	0.85346	0.85348			6
2025.04.28	02:14:32.546	0.85345	0.85347			6
2025.04.28	02:14:34.439		0.85346			4
2025.04.28	02:14:35.544		0.85347			4
2025.04.28	02:14:40.517	0.85348	0.85349			6
2025.04.28	02:14:47.145		0.85350			4
2025.04.28	02:14:49.389		0.85349			4
2025.04.28	02:14:57.441	0.85349	0.85350			6
2025.04.28	02:14:59.716	0.85352	0.85353			6
2025.04.28	02:15:00.021	0.85349	0.85350			6
2025.04.28	02:15:03.084	0.85350	0.85351			6
2025.04.28	02:15:05.357		0.85352			4
2025.04.28	02:15:08.155		0.85351			4
2025.04.28	02:15:14.975	0.85349				2
2025.04.28	02:15:21.302		0.85350			4
2025.04.28	02:15:22.662	0.85348	0.85349			6
2025.04.28	02:15:26.785	0.85351	0.85352			6
2025.04.28	02:15:27.852		0.85353			4
2025.04.28	02:15:35.736		0.85352			4
2025.04.28	02:15:36.709	0.85350				2
2025.04.28	02:15:37.581	0.85349	0.85350			6
2025.04.28	02:15:40.563	0.85350	0.85351			6
2025.04.28	02:15:51.252	0.85349	0.85350			6
2025.04.28	02:15:55.317	0.85350	0.85351			6
2025.04.28	02:16:00.055	0.85350				2
2025.04.28	02:16:02.372	0.85349	0.85350			6
2025.04.28	02:16:04.439	0.85350	0.85351			6
2025.04.28	02:16:24.610		0.85352			4
2025.04.28	02:16:28.518	0.85349	0.85350			6
2025.04.28	02:16:28.822	0.85350	0.85351			6
2025.04.28	02:16:29.760	0.85349	0.85350			6
2025.04.28	02:16:30.079		0.85351			4
2025.04.28	02:16:33.212		0.85350			4
2025.04.28	02:16:40.514	0.85343	0.85346			6
2025.04.28	02:16:40.822	0.85347	0.85348			6
2025.04.28	02:17:00.645	0.85347				2
2025.04.28	02:17:14.742	0.85346				2
2025.04.28	02:17:16.285		0.85347			4
2025.04.28	02:17:17.185		0.85348			4
2025.04.28	02:17:34.608		0.85347			4
2025.04.28	02:17:44.372	0.85345	0.85346			6
2025.04.28	02:17:46.370	0.85344	0.85345			6
2025.04.28	02:17:50.051	0.85341	0.85344			6
2025.04.28	02:17:51.312		0.85343			4
2025.04.28	02:18:00.426	0.85341				2
2025.04.28	02:18:04.720	0.85340				2
2025.04.28	02:18:05.157	0.85339	0.85342			6
2025.04.28	02:18:05.553		0.85341			4
2025.04.28	02:18:07.052		0.85342			4
2025.04.28	02:18:46.324		0.85343			4
2025.04.28	02:18:46.677		0.85342			4
2025.04.28	02:18:46.982	0.85338				2
2025.04.28	02:18:51.293	0.85344	0.85345			6
2025.04.28	02:18:51.600	0.85341	0.85344			6
2025.04.28	02:18:56.077	0.85340	0.85343			6
2025.04.28	02:18:56.384	0.85341	0.85345			6
2025.04.28	02:18:57.595	0.85339	0.85342			6
2025.04.28	02:19:00.121	0.85339				2
2025.04.28	02:19:11.094	0.85341	0.85343			6
2025.04.28	02:19:12.237		0.85344			4
2025.04.28	02:19:13.487	0.85343	0.85345			6
2025.04.28	02:19:14.047	0.85342				2
2025.04.28	02:19:14.916	0.85341	0.85344			6
2025.04.28	02:19:15.992	0.85342				2
2025.04.28	02:19:21.941		0.85345			4
2025.04.28	02:19:22.766	0.85341				2
2025.04.28	02:19:32.245	0.85339	0.85343			6
2025.04.28	02:19:38.370	0.85340				2
2025.04.28	02:19:39.671	0.85339				2
2025.04.28	02:19:51.614	0.85343	0.85345			6
2025.04.28	02:19:55.869		0.85344			4
2025.04.28	02:19:56.179	0.85344	0.85345			6
2025.04.28	02:19:57.487		0.85346			4
2025.04.28	02:20:01.225	0.85346	0.85347			6
2025.04.28	02:20:02.066	0.85341	0.85344			6
2025.04.28	02:20:04.680	0.85345	0.85346			6
2025.04.28	02:20:13.097	0.85346	0.85347			6
2025.04.28	02:20:17.799		0.85348			4
2025.04.28	02:20:18.191		0.85347			4
2025.04.28	02:20:18.822	0.85345				2
2025.04.28	02:20:23.750	0.85346				2
2025.04.28	02:21:00.571	0.85346				2
2025.04.28	02:21:05.730	0.85345	0.85346			6
2025.04.28	02:21:10.547		0.85347			4
2025.04.28	02:21:11.111		0.85348			4
2025.04.28	02:21:12.113		0.85347			4
2025.04.28	02:21:12.849		0.85348			4
2025.04.28	02:21:13.341		0.85347			4
2025.04.28	02:21:14.097	0.85346				2
2025.04.28	02:21:14.678		0.85348			4
2025.04.28	02:21:15.369		0.85347			4
2025.04.28	02:21:16.562	0.85347	0.85348			6
2025.04.28	02:21:22.872	0.85348	0.85350			6
2025.04.28	02:22:00.575	0.85348				2
2025.04.28	02:22:03.434	0.85350	0.85351			6
2025.04.28	02:22:04.851	0.85351	0.85352			6
2025.04.28	02:22:08.627		0.85353			4
2025.04.28	02:22:16.993	0.85349				2
2025.04.28	02:22:21.395		0.85351			4
2025.04.28	02:22:21.776		0.85352			4
2025.04.28	02:22:22.759		0.85351			4
2025.04.28	02:22:23.367		0.85353			4
2025.04.28	02:22:24.351		0.85351			4
2025.04.28	02:22:33.332	0.85348	0.85352			6
2025.04.28	02:22:38.713	0.85349				2
2025.04.28	02:22:40.570	0.85348	0.85351			6
2025.04.28	02:22:44.402	0.85349	0.85352			6
2025.04.28	02:22:46.876	0.85350	0.85353			6
2025.04.28	02:22:51.693		0.85352			4
2025.04.28	02:22:54.342	0.85351	0.85353			6
2025.04.28	02:23:00.086	0.85351				2
2025.04.28	02:23:02.129	0.85349	0.85352			6
2025.04.28	02:23:07.708	0.85350	0.85353			6
2025.04.28	02:23:21.054	0.85352				2
2025.04.28	02:23:21.950	0.85349	0.85352			6
2025.04.28	02:23:25.504	0.85347	0.85350			6
2025.04.28	02:23:25.831		0.85351			4
2025.04.28	02:23:30.030	0.85348	0.85350			6
2025.04.28	02:23:31.351		0.85351			4
2025.04.28	02:23:32.610		0.85350			4
2025.04.28	02:24:01.574	0.85348				2
2025.04.28	02:24:02.679	0.85346	0.85348			6
2025.04.28	02:24:02.999		0.85349			4
2025.04.28	02:24:09.549	0.85347				2
2025.04.28	02:24:12.221	0.85346	0.85348			6
2025.04.28	02:24:13.129		0.85349			4
2025.04.28	02:24:20.374	0.85347	0.85350			6
2025.04.28	02:24:22.372	0.85350	0.85351			6
2025.04.28	02:24:32.099	0.85348	0.85350			6
2025.04.28	02:24:52.691		0.85349			4
2025.04.28	02:25:00.558	0.85349	0.85353			6
2025.04.28	02:25:00.881	0.85348	0.85352			6
2025.04.28	02:25:01.200	0.85350	0.85353			6
2025.04.28	02:25:01.503	0.85352				2
2025.04.28	02:25:02.185	0.85351				2
2025.04.28	02:25:02.498	0.85349	0.85352			6
2025.04.28	02:25:04.811	0.85348	0.85351			6
2025.04.28	02:25:05.337		0.85350			4
2025.04.28	02:25:18.551		0.85351			4
2025.04.28	02:25:20.350		0.85350			4
2025.04.28	02:25:24.281	0.85347				2
2025.04.28	02:25:25.212	0.85348				2
2025.04.28	02:25:25.867		0.85351			4
2025.04.28	02:25:30.312	0.85350				2
2025.04.28	02:25:31.222	0.85349				2
2025.04.28	02:25:34.374	0.85350	0.85353			6
2025.04.28	02:25:34.683	0.85351				2
2025.04.28	02:25:36.957	0.85350				2
2025.04.28	02:25:37.318		0.85352			4
2025.04.28	02:25:38.318		0.85351			4
2025.04.28	02:25:40.117		0.85352			4
2025.04.28	02:25:40.472		0.85351			4
2025.04.28	02:25:40.835		0.85352			4
2025.04.28	02:25:42.475		0.85351			4
2025.04.28	02:25:46.002		0.85352			4
2025.04.28	02:25:46.370		0.85351			4
2025.04.28	02:25:46.814		0.85352			4
2025.04.28	02:25:49.741		0.85351			4
2025.04.28	02:25:50.439	0.85349				2
2025.04.28	02:25:51.216		0.85350			4
2025.04.28	02:25:53.080	0.85350	0.85351			6
2025.04.28	02:25:58.476	0.85351	0.85352			6
2025.04.28	02:26:00.415	0.85352	0.85353			6
2025.04.28	02:26:15.730	0.85353	0.85354			6
2025.04.28	02:26:36.137	0.85352	0.85353			6
2025.04.28	02:26:41.108		0.85354			4
2025.04.28	02:26:41.977	0.85353				2
2025.04.28	02:26:48.795	0.85352				2
2025.04.28	02:26:59.139	0.85354	0.85355			6
2025.04.28	02:27:00.630	0.85353				2
2025.04.28	02:27:06.173	0.85355	0.85356			6
2025.04.28	02:27:06.477	0.85354	0.85355			6
2025.04.28	02:27:19.405	0.85355	0.85356			6
2025.04.28	02:27:20.443	0.85353	0.85355			6
2025.04.28	02:27:24.437	0.85356	0.85357			6
2025.04.28	02:27:27.980	0.85353	0.85355			6
2025.04.28	02:27:36.599	0.85354				2
2025.04.28	02:27:38.425	0.85352				2
2025.04.28	02:27:41.456	0.85353				2
2025.04.28	02:28:01.436	0.85353				2
2025.04.28	02:28:19.917	0.85352				2
2025.04.28	02:28:22.330	0.85355	0.85356			6
2025.04.28	02:28:26.464	0.85353	0.85355			6
2025.04.28	02:28:35.668	0.85350	0.85351			6
2025.04.28	02:28:35.970		0.85352			4
2025.04.28	02:28:38.470	0.85348				2
2025.04.28	02:28:43.545	0.85350				2
2025.04.28	02:28:47.384		0.85353			4
2025.04.28	02:28:48.440	0.85351	0.85354			6
2025.04.28	02:28:48.741	0.85348	0.85350			6
2025.04.28	02:28:49.477	0.85350	0.85351			6
2025.04.28	02:28:51.785	0.85349				2
2025.04.28	02:29:00.031	0.85349				2
2025.04.28	02:29:09.250	0.85347				2
2025.04.28	02:29:40.765	0.85348	0.85350			6
2025.04.28	02:29:41.066		0.85351			4
2025.04.28	02:29:46.661		0.85352			4
2025.04.28	02:29:55.404	0.85350	0.85353			6
2025.04.28	02:29:57.717		0.85354			4
2025.04.28	02:29:59.266	0.85349	0.85352			6
2025.04.28	02:30:00.364	0.85349				2
2025.04.28	02:30:03.445	0.85354	0.85356			6
2025.04.28	02:30:05.863	0.85357	0.85361			6
2025.04.28	02:30:07.004	0.85356	0.85360			6
2025.04.28	02:30:12.348	0.85357				2
2025.04.28	02:30:20.405		0.85361			4
2025.04.28	02:30:21.228	0.85355	0.85358			6
2025.04.28	02:30:25.281		0.85357			4
2025.04.28	02:30:29.084		0.85358			4
2025.04.28	02:30:29.966		0.85359			4
2025.04.28	02:30:30.365	0.85354	0.85356			6
2025.04.28	02:30:30.955		0.85357			4
2025.04.28	02:30:31.261		0.85356			4
2025.04.28	02:30:31.837		0.85357			4
2025.04.28	02:30:37.629	0.85355	0.85358			6
2025.04.28	02:30:43.720		0.85357			4
2025.04.28	02:30:58.702	0.85354				2
2025.04.28	02:31:00.223	0.85354				2
2025.04.28	02:31:01.558		0.85358			4
2025.04.28	02:31:02.519	0.85355				2
2025.04.28	02:31:05.520	0.85354				2
2025.04.28	02:31:28.285	0.85355				2
2025.04.28	02:31:45.886	0.85354				2
2025.04.28	02:31:52.189	0.85355				2
2025.04.28	02:31:56.089	0.85356	0.85359			6
2025.04.28	02:31:56.861	0.85355	0.85358			6
2025.04.28	02:31:57.165		0.85357			4
2025.04.28	02:32:00.804	0.85355				2
2025.04.28	02:32:02.272	0.85354	0.85356			6
2025.04.28	02:32:06.145	0.85353				2
2025.04.28	02:32:12.304	0.85355				2
2025.04.28	02:32:39.772	0.85353				2
2025.04.28	02:32:46.351	0.85356	0.85357			6
2025.04.28	02:32:46.659	0.85354	0.85355			6
2025.04.28	02:33:00.924	0.85354				2
2025.04.28	02:33:01.453	0.85352				2
2025.04.28	02:33:02.112	0.85353				2
2025.04.28	02:33:02.645		0.85356			4
2025.04.28	02:33:44.313	0.85352	0.85355			6
2025.04.28	02:33:46.684	0.85353				2
2025.04.28	02:33:56.442	0.85352				2
2025.04.28	02:34:03.466	0.85351	0.85353			6
2025.04.28	02:34:03.780		0.85352			4
2025.04.28	02:34:05.745	0.85349	0.85351			6
2025.04.28	02:34:27.726	0.85351	0.85352			6
2025.04.28	02:34:49.520	0.85349	0.85351			6
2025.04.28	02:34:49.832	0.85348				2
2025.04.28	02:35:00.567	0.85347				2
2025.04.28	02:35:16.391	0.85346	0.85349			6
2025.04.28	02:35:17.329	0.85347	0.85351			6
2025.04.28	02:35:41.764	0.85348				2
2025.04.28	02:35:43.525	0.85347				2
2025.04.28	02:35:45.746		0.85350			4
2025.04.28	02:35:46.222		0.85351			4
2025.04.28	02:35:47.051		0.85350			4
2025.04.28	02:35:47.900		0.85351			4
2025.04.28	02:35:54.906	0.85348				2
2025.04.28	02:35:55.664		0.85352			4
2025.04.28	02:35:58.122		0.85351			4
2025.04.28	02:36:00.961	0.85348				2
2025.04.28	02:36:01.277	0.85347				2
2025.04.28	02:36:11.569	0.85348				2
2025.04.28	02:36:13.332	0.85347				2
2025.04.28	02:36:21.991	0.85357	0.85358			6
2025.04.28	02:36:22.323	0.85355	0.85357			6
2025.04.28	02:36:25.667	0.85356	0.85358			6
2025.04.28	02:36:26.515	0.85358	0.85362			6
2025.04.28	02:36:27.303		0.85361			4
2025.04.28	02:36:27.655	0.85357				2
2025.04.28	02:36:28.363	0.85356	0.85360			6
2025.04.28	02:36:28.773	0.85360	0.85363			6
2025.04.28	02:36:32.352	0.85358	0.85361			6
2025.04.28	02:36:34.838		0.85362			4
2025.04.28	02:36:36.410	0.85359				2
2025.04.28	02:36:38.071	0.85360				2
2025.04.28	02:36:55.648	0.85359	0.85361			6
2025.04.28	02:36:56.811		0.85362			4
2025.04.28	02:36:57.696	0.85358	0.85360			6
2025.04.28	02:36:57.999	0.85355	0.85358			6
2025.04.28	02:36:58.313		0.85359			4
2025.04.28	02:36:59.494	0.85358				2
2025.04.28	02:37:00.230	0.85358	0.85360			6
2025.04.28	02:37:02.344	0.85359	0.85361			6
2025.04.28	02:37:02.659		0.85363			4
2025.04.28	02:37:04.422	0.85361	0.85364			6
2025.04.28	02:37:10.330	0.85363				2
2025.04.28	02:37:11.466		0.85365			4
2025.04.28	02:37:20.584		0.85364			4
2025.04.28	02:37:47.337	0.85364	0.85367			6
2025.04.28	02:37:49.452	0.85366	0.85369			6
2025.04.28	02:37:50.661		0.85368			4
2025.04.28	02:37:53.408	0.85367	0.85370			6
2025.04.28	02:37:53.708	0.85366	0.85368			6
2025.04.28	02:37:57.288	0.85368	0.85369			6
2025.04.28	02:37:59.157	0.85367	0.85368			6
2025.04.28	02:38:00.872	0.85368	0.85369			6
2025.04.28	02:38:15.668	0.85367				2
2025.04.28	02:38:19.310		0.85368			4
2025.04.28	02:38:33.669	0.85366	0.85367			6
2025.04.28	02:38:34.227	0.85363	0.85366			6
2025.04.28	02:38:35.928	0.85362	0.85365			6
2025.04.28	02:38:36.349		0.85364			4
2025.04.28	02:38:41.110	0.85363	0.85365			6
2025.04.28	02:38:41.432		0.85366			4
2025.04.28	02:38:41.990		0.85365			4
2025.04.28	02:38:43.056		0.85364			4
2025.04.28	02:38:49.056		0.85365			4
2025.04.28	02:38:50.076		0.85364			4
2025.04.28	02:39:00.575	0.85361				2
2025.04.28	02:39:01.511		0.85365			4
2025.04.28	02:39:02.950		0.85364			4
2025.04.28	02:39:04.407		0.85365			4
2025.04.28	02:39:13.799		0.85363			4
2025.04.28	02:39:22.992	0.85359	0.85362			6
2025.04.28	02:39:26.895	0.85355	0.85358			6
2025.04.28	02:39:30.347	0.85354				2
2025.04.28	02:39:30.661	0.85352	0.85355			6
2025.04.28	02:39:32.865		0.85353			4
2025.04.28	02:39:33.547	0.85350				2
2025.04.28	02:39:33.850	0.85349				2
2025.04.28	02:39:47.096	0.85350				2
2025.04.28	02:39:47.401	0.85349				2
2025.04.28	02:39:49.844	0.85348	0.85352			6
2025.04.28	02:39:55.995	0.85347	0.85348			6
2025.04.28	02:39:56.306	0.85346				2
2025.04.28	02:39:56.632	0.85345				2
2025.04.28	02:39:57.715	0.85344				2
2025.04.28	02:40:01.068	0.85344				2
2025.04.28	02:40:03.941	0.85345	0.85349			6
2025.04.28	02:40:05.506	0.85347	0.85351			6
2025.04.28	02:40:06.264		0.85350			4
2025.04.28	02:40:14.816	0.85348	0.85351			6
2025.04.28	02:40:18.277	0.85347				2
2025.04.28	02:40:18.743		0.85350			4
2025.04.28	02:40:20.672	0.85346				2
2025.04.28	02:40:21.732	0.85345	0.85348			6
2025.04.28	02:40:27.350	0.85347	0.85351			6
2025.04.28	02:40:29.097	0.85352	0.85353			6
2025.04.28	02:40:31.399	0.85350	0.85352			6
2025.04.28	02:40:31.704	0.85341	0.85344			6
2025.04.28	02:40:32.021	0.85339	0.85343			6
2025.04.28	02:40:32.341	0.85340				2
2025.04.28	02:40:32.735	0.85341				2
2025.04.28	02:40:33.631	0.85340				2
2025.04.28	02:40:33.940	0.85336	0.85339			6
2025.04.28	02:40:34.243	0.85334	0.85337			6
2025.04.28	02:40:34.915	0.85336				2
2025.04.28	02:40:35.218	0.85333				2
2025.04.28	02:40:37.303		0.85336			4
2025.04.28	02:40:39.241	0.85335	0.85337			6
2025.04.28	02:40:54.495		0.85338			4
2025.04.28	02:40:54.811	0.85332	0.85335			6
2025.04.28	02:40:55.118	0.85333	0.85337			6
2025.04.28	02:40:55.975	0.85335				2
2025.04.28	02:41:00.318	0.85335				2
2025.04.28	02:41:01.713	0.85334				2
2025.04.28	02:41:04.358	0.85336	0.85339			6
2025.04.28	02:41:05.337	0.85333	0.85336			6
2025.04.28	02:41:05.667	0.85336	0.85337			6
2025.04.28	02:41:12.660		0.85339			4
2025.04.28	02:41:17.255	0.85339	0.85342			6
2025.04.28	02:41:19.653	0.85342	0.85345			6
2025.04.28	02:41:23.308	0.85338	0.85342			6
2025.04.28	02:41:30.865		0.85341			4
2025.04.28	02:41:39.200		0.85342			4
2025.04.28	02:41:44.573		0.85341			4
2025.04.28	02:41:57.277	0.85346	0.85347			6
2025.04.28	02:41:57.579	0.85344				2
2025.04.28	02:41:57.882	0.85342	0.85346			6
2025.04.28	02:41:58.586	0.85343				2
2025.04.28	02:42:00.450	0.85343				2
2025.04.28	02:42:03.512	0.85344				2
2025.04.28	02:42:05.237	0.85340	0.85344			6
2025.04.28	02:42:05.540	0.85339	0.85343			6
2025.04.28	02:42:05.945	0.85340				2
2025.04.28	02:42:10.830	0.85341	0.85344			6
2025.04.28	02:42:11.162	0.85340	0.85343			6
2025.04.28	02:42:11.515		0.85344			4
2025.04.28	02:42:16.334	0.85339	0.85343			6
2025.04.28	02:42:16.639	0.85338	0.85341			6
2025.04.28	02:42:16.959		0.85342			4
2025.04.28	02:42:17.516	0.85339				2
2025.04.28	02:42:18.649	0.85338				2
2025.04.28	02:42:18.955	0.85339				2
2025.04.28	02:42:28.314	0.85338				2
2025.04.28	02:42:51.594	0.85342	0.85345			6
2025.04.28	02:42:51.936	0.85343	0.85346			6
2025.04.28	02:42:52.390	0.85342				2
2025.04.28	02:42:58.190		0.85345			4
2025.04.28	02:43:02.127	0.85342				2
2025.04.28	02:43:10.081	0.85338	0.85342			6
2025.04.28	02:43:12.894		0.85341			4
2025.04.28	02:43:13.778		0.85342			4
2025.04.28	02:43:14.632		0.85341			4
2025.04.28	02:43:20.774		0.85342			4
2025.04.28	02:43:26.987		0.85341			4
2025.04.28	02:43:36.359		0.85342			4
2025.04.28	02:43:39.598	0.85342	0.85346			6
2025.04.28	02:43:40.861	0.85343				2
2025.04.28	02:43:48.722	0.85347	0.85350			6
2025.04.28	02:43:49.034	0.85345	0.85349			6
2025.04.28	02:43:51.462	0.85346				2
2025.04.28	02:43:55.019		0.85350			4
2025.04.28	02:43:55.321	0.85344	0.85347			6
2025.04.28	02:44:00.330	0.85344				2
2025.04.28	02:44:01.817	0.85348	0.85350			6
2025.04.28	02:44:03.421	0.85347				2
2025.04.28	02:44:06.650	0.85348				2
2025.04.28	02:44:09.555	0.85349	0.85352			6
2025.04.28	02:44:12.008	0.85348	0.85351			6
2025.04.28	02:44:12.689	0.85347	0.85350			6
2025.04.28	02:44:13.052	0.85348				2
2025.04.28	02:44:13.735	0.85343	0.85346			6
2025.04.28	02:44:15.311	0.85342	0.85345			6
2025.04.28	02:44:17.959	0.85340	0.85343			6
2025.04.28	02:44:18.655	0.85339				2
2025.04.28	02:44:19.808	0.85341				2
2025.04.28	02:44:20.348	0.85339	0.85342			6
2025.04.28	02:44:21.091		0.85343			4
2025.04.28	02:44:22.269		0.85342			4
2025.04.28	02:44:23.238	0.85338	0.85341			6
2025.04.28	02:44:23.543		0.85339			4
2025.04.28	02:44:25.969		0.85342			4
2025.04.28	02:44:26.832	0.85337	0.85340			6
2025.04.28	02:44:30.425	0.85338	0.85342			6
2025.04.28	02:44:31.884	0.85339	0.85343			6
2025.04.28	02:44:32.257	0.85340				2
2025.04.28	02:44:35.085	0.85339				2
2025.04.28	02:44:45.792	0.85338	0.85342			6
2025.04.28	02:44:48.087	0.85340	0.85344			6
2025.04.28	02:44:49.533	0.85339	0.85343			6
2025.04.28	02:44:49.928	0.85338	0.85339			6
2025.04.28	02:44:56.077	0.85337				2
2025.04.28	02:44:57.941	0.85336				2
2025.04.28	02:45:00.357	0.85336				2
2025.04.28	02:45:01.900	0.85333	0.85335			6
2025.04.28	02:45:02.243	0.85335	0.85336			6
2025.04.28	02:45:02.722	0.85333				2
2025.04.28	02:45:03.073	0.85334	0.85337			6
2025.04.28	02:45:03.978		0.85338			4
2025.04.28	02:45:05.464		0.85337			4
2025.04.28	02:45:05.817		0.85338			4
2025.04.28	02:45:10.181	0.85338	0.85341			6
2025.04.28	02:45:10.501	0.85335	0.85339			6
2025.04.28	02:45:10.818	0.85336				2
2025.04.28	02:45:11.175	0.85335				2
2025.04.28	02:45:11.479		0.85338			4
2025.04.28	02:45:11.851		0.85339			4
2025.04.28	02:45:12.156	0.85334	0.85337			6
2025.04.28	02:45:12.507	0.85338	0.85342			6
2025.04.28	02:45:13.210	0.85339				2
2025.04.28	02:45:14.354	0.85335	0.85339			6
2025.04.28	02:45:14.687	0.85334	0.85338			6
2025.04.28	02:45:16.356	0.85339	0.85342			6
2025.04.28	02:45:16.827	0.85338				2
2025.04.28	02:45:17.776	0.85337	0.85341			6
2025.04.28	02:45:18.104		0.85340			4
2025.04.28	02:45:18.408	0.85334	0.85337			6
2025.04.28	02:45:20.222	0.85333				2
2025.04.28	02:45:27.384		0.85336			4
2025.04.28	02:45:27.781		0.85337			4
2025.04.28	02:45:28.255	0.85335	0.85339			6
2025.04.28	02:45:28.592		0.85338			4
2025.04.28	02:45:28.982		0.85339			4
2025.04.28	02:45:29.331		0.85338			4
2025.04.28	02:45:30.959	0.85334	0.85337			6
2025.04.28	02:45:31.532		0.85336			4
2025.04.28	02:45:31.835	0.85328	0.85330			6
2025.04.28	02:45:32.443		0.85331			4
2025.04.28	02:45:33.159	0.85329				2
2025.04.28	02:45:34.381		0.85332			4
2025.04.28	02:45:42.670	0.85328	0.85331			6
2025.04.28	02:45:42.975		0.85330			4
2025.04.28	02:45:44.715		0.85329			4
