<DATE>	<TIME>	<BID>	<ASK>	<LAST>	<VOLUME>	<FLAGS>
2025.11.14	00:03:30.607	0.88094	0.88250			6
2025.11.14	00:04:00.163	0.88094				2
2025.11.14	00:04:28.096	0.88039	0.88262			6
2025.11.14	00:04:49.628	0.88105				2
2025.11.14	00:05:00.240	0.88105				2
2025.11.14	00:05:01.849	0.88145				2
2025.11.14	00:05:02.469	0.88151				2
2025.11.14	00:05:04.021	0.88154				2
2025.11.14	00:05:04.324	0.88153				2
2025.11.14	00:05:04.957	0.88156				2
2025.11.14	00:05:05.562	0.88083	0.88280			6
2025.11.14	00:05:10.346	0.88098				2
2025.11.14	00:05:11.007	0.88097				2
2025.11.14	00:05:11.667	0.88152	0.88270			6
2025.11.14	00:05:12.580	0.88153				2
2025.11.14	00:05:14.754	0.88143				2
2025.11.14	00:05:15.087	0.88144				2
2025.11.14	00:05:16.691	0.88141	0.88266			6
2025.11.14	00:05:24.724	0.88139				2
2025.11.14	00:05:27.633	0.88141				2
2025.11.14	00:05:30.548	0.88140				2
2025.11.14	00:05:31.200	0.88134				2
2025.11.14	00:05:31.503	0.88140				2
2025.11.14	00:05:36.627	0.88135				2
2025.11.14	00:05:39.839	0.88068	0.88262			6
2025.11.14	00:06:00.917	0.88068				2
2025.11.14	00:06:41.340		0.88262			4
2025.11.14	00:07:00.353	0.88068				2
2025.11.14	00:07:42.860		0.88262			4
2025.11.14	00:07:51.078	0.88090				2
2025.11.14	00:07:52.073	0.88068				2
2025.11.14	00:07:56.898	0.88073				2
2025.11.14	00:07:57.400	0.88068				2
2025.11.14	00:08:02.949	0.88068				2
2025.11.14	00:08:06.353	0.88073				2
2025.11.14	00:08:06.720	0.88068				2
2025.11.14	00:08:23.939	0.88073				2
2025.11.14	00:08:24.681	0.88068				2
2025.11.14	00:08:25.103	0.88067				2
2025.11.14	00:08:41.373	0.88073				2
2025.11.14	00:08:42.378	0.88067				2
2025.11.14	00:08:43.543	0.88072	0.88262			6
2025.11.14	00:08:44.046	0.88067				2
2025.11.14	00:08:46.597	0.88072				2
2025.11.14	00:08:47.099	0.88067				2
2025.11.14	00:09:00.382	0.88075				2
2025.11.14	00:09:02.351	0.88080				2
2025.11.14	00:09:03.400	0.88081				2
2025.11.14	00:09:46.087		0.88262			4
2025.11.14	00:09:50.403	0.88067				2
2025.11.14	00:10:00.373	0.88104	0.88246			6
2025.11.14	00:10:01.315	0.88107	0.88244			6
2025.11.14	00:10:02.016	0.88106	0.88243			6
2025.11.14	00:10:03.339	0.88108				2
2025.11.14	00:10:05.659	0.88106	0.88244			6
2025.11.14	00:10:07.663	0.88108	0.88243			6
2025.11.14	00:10:11.740	0.88138				2
2025.11.14	00:10:17.856		0.88244			4
2025.11.14	00:10:22.023	0.88133				2
2025.11.14	00:10:37.683	0.88138				2
2025.11.14	00:10:39.942		0.88243			4
2025.11.14	00:10:45.062	0.88139	0.88258			6
2025.11.14	00:10:46.665		0.88255			4
2025.11.14	00:11:00.149	0.88139				2
2025.11.14	00:11:00.796		0.88249			4
2025.11.14	00:11:01.448	0.88155				2
2025.11.14	00:11:03.354	0.88139				2
2025.11.14	00:11:03.703		0.88243			4
2025.11.14	00:11:04.958	0.88102	0.88253			6
2025.11.14	00:11:06.520	0.88111	0.88242			6
2025.11.14	00:11:08.467	0.88138	0.88244			6
2025.11.14	00:11:09.468	0.88111	0.88242			6
2025.11.14	00:11:20.860	0.88138	0.88243			6
2025.11.14	00:11:21.805	0.88111	0.88242			6
2025.11.14	00:11:26.313	0.88109	0.88245			6
2025.11.14	00:11:27.090	0.88138	0.88243			6
2025.11.14	00:11:27.428	0.88140				2
2025.11.14	00:11:27.776	0.88141				2
2025.11.14	00:11:28.080	0.88108	0.88245			6
2025.11.14	00:11:29.057	0.88110	0.88243			6
2025.11.14	00:11:30.928	0.88111	0.88242			6
2025.11.14	00:11:31.411	0.88109	0.88244			6
2025.11.14	00:11:33.319	0.88141	0.88243			6
2025.11.14	00:11:34.301	0.88109	0.88244			6
2025.11.14	00:11:36.087	0.88108				2
2025.11.14	00:11:41.596	0.88110	0.88242			6
2025.11.14	00:11:42.515	0.88108	0.88244			6
2025.11.14	00:11:49.731		0.88243			4
2025.11.14	00:11:52.431	0.88110	0.88242			6
2025.11.14	00:11:53.337	0.88109	0.88243			6
2025.11.14	00:11:54.832	0.88108				2
2025.11.14	00:11:59.437	0.88109				2
2025.11.14	00:12:00.758	0.88109				2
2025.11.14	00:12:03.211	0.88110	0.88241			6
2025.11.14	00:12:04.157	0.88109	0.88243			6
2025.11.14	00:12:06.534	0.88108	0.88244			6
2025.11.14	00:12:07.130		0.88243			4
2025.11.14	00:12:08.291	0.88105	0.88246			6
2025.11.14	00:12:08.817	0.88109	0.88243			6
2025.11.14	00:12:14.163	0.88110	0.88242			6
2025.11.14	00:12:14.980	0.88109	0.88243			6
2025.11.14	00:12:24.978	0.88110	0.88242			6
2025.11.14	00:12:47.331		0.88241			4
2025.11.14	00:12:49.131		0.88242			4
2025.11.14	00:12:49.441	0.88109	0.88243			6
2025.11.14	00:12:59.444	0.88110	0.88242			6
2025.11.14	00:13:00.113	0.88110				2
2025.11.14	00:13:12.532	0.88109	0.88243			6
2025.11.14	00:13:22.805	0.88111	0.88241			6
2025.11.14	00:14:00.761	0.88111				2
2025.11.14	00:14:29.330		0.88241			4
2025.11.14	00:14:37.234	0.88097	0.88237			6
2025.11.14	00:14:47.630		0.88236			4
2025.11.14	00:15:00.453	0.88097				2
2025.11.14	00:15:02.736	0.88098	0.88238			6
2025.11.14	00:15:03.396	0.88107				2
2025.11.14	00:15:06.230		0.88237			4
2025.11.14	00:15:07.756		0.88238			4
2025.11.14	00:15:13.596		0.88237			4
2025.11.14	00:15:39.269		0.88235			4
2025.11.14	00:15:42.418	0.88114				2
2025.11.14	00:16:01.411	0.88114				2
2025.11.14	00:16:06.539	0.88113				2
2025.11.14	00:16:07.432		0.88236			4
2025.11.14	00:16:09.131	0.88114	0.88235			6
2025.11.14	00:16:13.122	0.88113				2
2025.11.14	00:16:13.614	0.88114				2
2025.11.14	00:16:59.031		0.88234			4
2025.11.14	00:17:05.345	0.88114				2
2025.11.14	00:17:13.731		0.88233			4
2025.11.14	00:17:58.195		0.88234			4
2025.11.14	00:18:04.680	0.88114	0.88233			6
2025.11.14	00:18:15.777		0.88232			4
2025.11.14	00:18:43.430		0.88231			4
2025.11.14	00:18:46.141		0.88230			4
2025.11.14	00:19:02.076	0.88114				2
2025.11.14	00:19:04.430		0.88229			4
2025.11.14	00:20:00.408	0.88114				2
2025.11.14	00:20:20.117		0.88229			4
2025.11.14	00:20:33.832		0.88228			4
2025.11.14	00:21:06.230	0.88114				2
2025.11.14	00:21:25.086		0.88222			4
2025.11.14	00:21:25.394		0.88223			4
2025.11.14	00:21:26.100		0.88224			4
2025.11.14	00:21:26.790		0.88225			4
2025.11.14	00:21:27.895		0.88226			4
2025.11.14	00:22:00.247	0.88114				2
2025.11.14	00:22:17.729		0.88225			4
2025.11.14	00:22:18.736		0.88224			4
2025.11.14	00:22:24.210		0.88222			4
2025.11.14	00:22:26.088		0.88223			4
2025.11.14	00:22:30.538		0.88222			4
2025.11.14	00:22:34.929		0.88223			4
2025.11.14	00:23:00.271	0.88114				2
2025.11.14	00:23:03.767		0.88222			4
2025.11.14	00:23:13.626	0.88115				2
2025.11.14	00:24:00.122	0.88115				2
2025.11.14	00:24:04.356		0.88222			4
2025.11.14	00:24:07.821		0.88221			4
2025.11.14	00:24:22.312		0.88222			4
2025.11.14	00:24:23.004		0.88221			4
2025.11.14	00:24:53.743		0.88222			4
2025.11.14	00:25:00.373	0.88115				2
2025.11.14	00:25:17.345	0.88114				2
2025.11.14	00:25:54.562		0.88222			4
2025.11.14	00:26:00.632	0.88114				2
2025.11.14	00:26:05.447		0.88223			4
2025.11.14	00:26:05.757		0.88222			4
2025.11.14	00:26:06.059		0.88223			4
2025.11.14	00:26:07.698		0.88222			4
2025.11.14	00:26:08.708		0.88223			4
2025.11.14	00:26:14.516		0.88222			4
2025.11.14	00:26:16.375		0.88223			4
2025.11.14	00:26:25.387		0.88222			4
2025.11.14	00:26:26.256		0.88223			4
2025.11.14	00:26:36.261		0.88222			4
2025.11.14	00:26:37.126		0.88223			4
2025.11.14	00:26:47.140		0.88222			4
2025.11.14	00:26:48.015		0.88223			4
2025.11.14	00:26:49.023		0.88222			4
2025.11.14	00:26:50.036		0.88223			4
2025.11.14	00:26:58.019		0.88222			4
2025.11.14	00:26:58.889		0.88223			4
2025.11.14	00:27:00.903	0.88114				2
2025.11.14	00:27:08.893		0.88222			4
2025.11.14	00:27:09.733		0.88223			4
2025.11.14	00:27:19.742		0.88222			4
2025.11.14	00:27:20.606		0.88223			4
2025.11.14	00:27:26.755		0.88227			4
2025.11.14	00:27:27.597		0.88226			4
2025.11.14	00:27:29.473		0.88225			4
2025.11.14	00:27:30.876		0.88224			4
2025.11.14	00:27:34.963		0.88222			4
2025.11.14	00:27:35.970		0.88223			4
2025.11.14	00:27:41.163		0.88222			4
2025.11.14	00:27:43.315		0.88223			4
2025.11.14	00:27:52.310		0.88222			4
2025.11.14	00:27:54.160		0.88223			4
2025.11.14	00:28:00.221	0.88114				2
2025.11.14	00:28:03.049	0.88113	0.88222			6
2025.11.14	00:28:09.023		0.88223			4
2025.11.14	00:28:10.028		0.88222			4
2025.11.14	00:28:12.048	0.88112	0.88223			6
2025.11.14	00:28:13.053		0.88222			4
2025.11.14	00:28:13.546	0.88111				2
2025.11.14	00:28:24.373	0.88099	0.88221			6
2025.11.14	00:28:25.642		0.88222			4
2025.11.14	00:28:35.638		0.88221			4
2025.11.14	00:28:36.711		0.88222			4
2025.11.14	00:28:37.381	0.88105				2
2025.11.14	00:28:41.948	0.88106				2
2025.11.14	00:28:44.719	0.88095				2
2025.11.14	00:28:46.737	0.88090	0.88221			6
2025.11.14	00:28:47.614		0.88222			4
2025.11.14	00:28:48.221		0.88221			4
2025.11.14	00:28:49.458		0.88222			4
2025.11.14	00:28:50.798		0.88221			4
2025.11.14	00:28:51.799		0.88222			4
2025.11.14	00:28:52.802		0.88221			4
2025.11.14	00:28:55.813		0.88222			4
2025.11.14	00:28:57.096		0.88221			4
2025.11.14	00:28:59.171		0.88222			4
2025.11.14	00:29:01.854	0.88097				2
2025.11.14	00:29:05.217		0.88221			4
2025.11.14	00:29:05.797	0.88098				2
2025.11.14	00:29:06.231		0.88222			4
2025.11.14	00:29:08.180		0.88221			4
2025.11.14	00:29:09.956	0.88099	0.88222			6
2025.11.14	00:29:10.880	0.88098				2
2025.11.14	00:29:16.353	0.88093				2
2025.11.14	00:29:17.455	0.88115	0.88223			6
2025.11.14	00:29:18.479	0.88093	0.88222			6
2025.11.14	00:29:19.028	0.88111				2
2025.11.14	00:29:20.162		0.88223			4
2025.11.14	00:29:23.269	0.88099	0.88224			6
2025.11.14	00:29:25.569	0.88105				2
2025.11.14	00:29:26.022	0.88100				2
2025.11.14	00:29:26.325		0.88225			4
2025.11.14	00:29:30.128		0.88224			4
2025.11.14	00:29:31.352		0.88225			4
2025.11.14	00:29:36.464		0.88224			4
2025.11.14	00:29:38.271	0.88103	0.88225			6
2025.11.14	00:29:41.301		0.88224			4
2025.11.14	00:29:41.959	0.88098	0.88223			6
2025.11.14	00:29:43.102	0.88126	0.88224			6
2025.11.14	00:30:00.304	0.88119				2
2025.11.14	00:30:00.727	0.88126				2
2025.11.14	00:30:01.700	0.88125				2
2025.11.14	00:30:03.437	0.88122	0.88223			6
2025.11.14	00:30:03.782		0.88225			4
2025.11.14	00:30:04.098		0.88226			4
2025.11.14	00:30:04.405	0.88126	0.88227			6
2025.11.14	00:30:04.718	0.88123	0.88226			6
2025.11.14	00:30:05.021		0.88227			4
2025.11.14	00:30:06.258		0.88226			4
2025.11.14	00:30:06.566		0.88227			4
2025.11.14	00:30:06.877		0.88226			4
2025.11.14	00:30:07.181		0.88227			4
2025.11.14	00:30:07.499	0.88129	0.88226			6
2025.11.14	00:30:08.127		0.88227			4
2025.11.14	00:30:08.439		0.88226			4
2025.11.14	00:30:08.740		0.88227			4
2025.11.14	00:30:09.361		0.88226			4
2025.11.14	00:30:09.671		0.88227			4
2025.11.14	00:30:10.598	0.88139	0.88228			6
2025.11.14	00:30:11.218		0.88227			4
2025.11.14	00:30:11.532	0.88134				2
2025.11.14	00:30:11.839		0.88225			4
2025.11.14	00:30:12.157		0.88227			4
2025.11.14	00:30:12.778		0.88229			4
2025.11.14	00:30:13.388		0.88228			4
2025.11.14	00:30:14.301		0.88227			4
2025.11.14	00:30:14.606		0.88228			4
2025.11.14	00:30:14.920		0.88227			4
2025.11.14	00:30:15.221		0.88226			4
2025.11.14	00:30:15.857		0.88228			4
2025.11.14	00:30:16.167		0.88227			4
2025.11.14	00:30:16.479		0.88226			4
2025.11.14	00:30:17.399		0.88227			4
2025.11.14	00:30:17.708		0.88226			4
2025.11.14	00:30:18.019		0.88227			4
2025.11.14	00:30:21.919	0.88139				2
2025.11.14	00:30:22.226		0.88226			4
2025.11.14	00:30:22.535		0.88227			4
2025.11.14	00:30:22.838		0.88226			4
2025.11.14	00:30:23.142		0.88227			4
2025.11.14	00:30:24.065		0.88226			4
2025.11.14	00:30:24.686		0.88227			4
2025.11.14	00:30:26.523	0.88132	0.88226			6
2025.11.14	00:30:26.837		0.88227			4
2025.11.14	00:30:27.158		0.88226			4
2025.11.14	00:30:28.886		0.88225			4
2025.11.14	00:30:29.201		0.88226			4
2025.11.14	00:30:29.517		0.88225			4
2025.11.14	00:30:30.146		0.88226			4
2025.11.14	00:30:30.458		0.88225			4
2025.11.14	00:30:30.761		0.88226			4
2025.11.14	00:30:31.079		0.88224			4
2025.11.14	00:30:31.392		0.88229			4
2025.11.14	00:30:32.009		0.88228			4
2025.11.14	00:30:32.623		0.88229			4
2025.11.14	00:30:34.486		0.88228			4
2025.11.14	00:30:36.339		0.88229			4
2025.11.14	00:30:36.650		0.88228			4
2025.11.14	00:30:36.958		0.88226			4
2025.11.14	00:30:37.290	0.88136	0.88225			6
2025.11.14	00:30:38.218	0.88132				2
2025.11.14	00:30:39.459		0.88224			4
2025.11.14	00:30:39.761		0.88225			4
2025.11.14	00:30:40.382		0.88224			4
2025.11.14	00:30:40.698		0.88225			4
2025.11.14	00:30:41.004		0.88224			4
2025.11.14	00:30:41.318		0.88225			4
2025.11.14	00:30:42.246		0.88224			4
2025.11.14	00:30:42.558		0.88225			4
2025.11.14	00:30:45.037		0.88224			4
2025.11.14	00:30:45.340		0.88225			4
2025.11.14	00:30:45.658		0.88224			4
2025.11.14	00:30:45.972		0.88225			4
2025.11.14	00:30:46.582		0.88224			4
2025.11.14	00:30:46.898		0.88225			4
2025.11.14	00:30:47.518		0.88224			4
2025.11.14	00:30:48.139		0.88225			4
2025.11.14	00:30:48.443		0.88224			4
2025.11.14	00:30:49.061		0.88225			4
2025.11.14	00:30:49.378		0.88224			4
2025.11.14	00:30:50.306	0.88136				2
2025.11.14	00:30:58.946	0.88132	0.88225			6
2025.11.14	00:31:00.179	0.88132				2
2025.11.14	00:31:00.490		0.88224			4
2025.11.14	00:31:01.098		0.88223			4
2025.11.14	00:31:01.720		0.88224			4
2025.11.14	00:31:04.803	0.88136	0.88223			6
2025.11.14	00:31:05.418		0.88224			4
2025.11.14	00:31:06.959		0.88223			4
2025.11.14	00:31:07.578		0.88224			4
2025.11.14	00:31:09.433		0.88223			4
2025.11.14	00:31:10.047		0.88224			4
2025.11.14	00:31:10.359		0.88223			4
2025.11.14	00:31:10.662		0.88224			4
2025.11.14	00:31:11.282	0.88132	0.88223			6
2025.11.14	00:31:11.598	0.88136	0.88224			6
2025.11.14	00:31:11.906	0.88132				2
2025.11.14	00:31:12.219		0.88223			4
2025.11.14	00:31:12.522		0.88224			4
2025.11.14	00:31:12.838		0.88223			4
2025.11.14	00:31:13.151		0.88224			4
2025.11.14	00:31:14.998		0.88223			4
2025.11.14	00:31:15.318		0.88224			4
2025.11.14	00:31:20.263		0.88223			4
2025.11.14	00:31:20.578		0.88224			4
2025.11.14	00:31:21.186		0.88223			4
2025.11.14	00:31:21.499		0.88224			4
2025.11.14	00:31:21.805		0.88223			4
2025.11.14	00:31:22.106		0.88224			4
2025.11.14	00:31:22.420		0.88223			4
2025.11.14	00:31:23.958		0.88224			4
2025.11.14	00:31:24.279		0.88223			4
2025.11.14	00:31:24.882		0.88224			4
2025.11.14	00:31:25.800		0.88223			4
2025.11.14	00:31:26.417		0.88224			4
2025.11.14	00:31:27.026	0.88135				2
2025.11.14	00:31:30.785		0.88225			4
2025.11.14	00:31:31.091		0.88223			4
2025.11.14	00:31:32.017		0.88224			4
2025.11.14	00:31:32.318		0.88223			4
2025.11.14	00:31:33.257		0.88224			4
2025.11.14	00:31:33.860		0.88223			4
2025.11.14	00:31:34.177		0.88224			4
2025.11.14	00:31:37.278		0.88223			4
2025.11.14	00:31:37.585		0.88224			4
2025.11.14	00:31:38.838		0.88223			4
2025.11.14	00:31:39.146		0.88224			4
2025.11.14	00:31:39.457		0.88223			4
2025.11.14	00:31:39.760		0.88224			4
2025.11.14	00:31:40.388		0.88223			4
2025.11.14	00:31:40.699		0.88224			4
2025.11.14	00:31:42.248		0.88223			4
2025.11.14	00:31:42.552		0.88224			4
2025.11.14	00:31:43.477		0.88223			4
2025.11.14	00:31:43.781		0.88224			4
2025.11.14	00:31:44.097		0.88223			4
2025.11.14	00:31:45.338		0.88224			4
2025.11.14	00:31:46.264		0.88223			4
2025.11.14	00:31:46.571		0.88224			4
2025.11.14	00:31:47.817		0.88223			4
2025.11.14	00:31:48.119		0.88224			4
2025.11.14	00:31:48.428		0.88223			4
2025.11.14	00:31:48.737		0.88224			4
2025.11.14	00:31:49.979		0.88223			4
2025.11.14	00:31:50.290		0.88224			4
2025.11.14	00:31:52.151		0.88223			4
2025.11.14	00:31:52.457		0.88224			4
2025.11.14	00:31:53.381		0.88223			4
2025.11.14	00:31:53.698		0.88224			4
2025.11.14	00:31:54.006		0.88223			4
2025.11.14	00:31:54.928		0.88224			4
2025.11.14	00:31:57.400		0.88223			4
2025.11.14	00:31:57.702		0.88224			4
2025.11.14	00:31:58.330		0.88223			4
2025.11.14	00:31:58.638		0.88224			4
2025.11.14	00:31:58.945		0.88223			4
2025.11.14	00:31:59.261		0.88224			4
2025.11.14	00:31:59.577		0.88223			4
2025.11.14	00:31:59.890		0.88224			4
2025.11.14	00:32:00.199	0.88135	0.88223			6
2025.11.14	00:32:00.508		0.88224			4
2025.11.14	00:32:00.819		0.88223			4
2025.11.14	00:32:01.189		0.88224			4
2025.11.14	00:32:01.497		0.88223			4
2025.11.14	00:32:02.130		0.88224			4
2025.11.14	00:32:02.438		0.88223			4
2025.11.14	00:32:03.379		0.88224			4
2025.11.14	00:32:03.998		0.88223			4
2025.11.14	00:32:04.301		0.88224			4
2025.11.14	00:32:05.546		0.88223			4
2025.11.14	00:32:22.049		0.88222			4
2025.11.14	00:32:23.252		0.88223			4
2025.11.14	00:32:27.211	0.88132				2
2025.11.14	00:32:28.143		0.88222			4
2025.11.14	00:32:29.511		0.88223			4
2025.11.14	00:32:34.697		0.88222			4
2025.11.14	00:32:35.185		0.88223			4
2025.11.14	00:32:35.876		0.88222			4
2025.11.14	00:32:36.886		0.88223			4
2025.11.14	00:32:38.301		0.88222			4
2025.11.14	00:32:40.751		0.88223			4
2025.11.14	00:32:50.213		0.88222			4
2025.11.14	00:32:50.788		0.88223			4
2025.11.14	00:32:56.756		0.88222			4
2025.11.14	00:32:57.569		0.88223			4
2025.11.14	00:32:58.360		0.88222			4
2025.11.14	00:32:59.226		0.88223			4
2025.11.14	00:33:00.671	0.88132				2
2025.11.14	00:33:06.195		0.88222			4
2025.11.14	00:33:09.229		0.88221			4
2025.11.14	00:33:11.673		0.88223			4
2025.11.14	00:33:12.006	0.88184	0.88261			6
2025.11.14	00:33:12.318	0.88193				2
2025.11.14	00:33:12.686		0.88263			4
2025.11.14	00:33:13.006	0.88199	0.88254			6
2025.11.14	00:33:13.321	0.88129	0.88229			6
2025.11.14	00:33:13.638	0.88135	0.88226			6
2025.11.14	00:33:19.080		0.88227			4
2025.11.14	00:33:26.920		0.88228			4
2025.11.14	00:33:27.493	0.88132				2
2025.11.14	00:33:33.071	0.88189	0.88263			6
2025.11.14	00:33:34.174	0.88191	0.88259			6
2025.11.14	00:33:35.303	0.88193	0.88258			6
2025.11.14	00:33:49.387	0.88187	0.88250			6
2025.11.14	00:33:52.431		0.88249			4
2025.11.14	00:33:52.981	0.88150	0.88238			6
2025.11.14	00:33:53.301	0.88156				2
2025.11.14	00:33:54.033	0.88137	0.88228			6
2025.11.14	00:33:58.998		0.88233			4
2025.11.14	00:34:00.360	0.88137				2
2025.11.14	00:34:03.460		0.88232			4
2025.11.14	00:34:05.788		0.88233			4
2025.11.14	00:34:11.930	0.88141	0.88238			6
2025.11.14	00:34:13.273		0.88237			4
2025.11.14	00:34:17.633		0.88233			4
2025.11.14	00:34:24.345		0.88232			4
2025.11.14	00:34:31.434		0.88229			4
2025.11.14	00:34:33.468		0.88228			4
2025.11.14	00:34:36.145		0.88230			4
2025.11.14	00:34:41.389	0.88136	0.88228			6
2025.11.14	00:34:46.732		0.88229			4
2025.11.14	00:34:56.292	0.88180	0.88253			6
2025.11.14	00:34:56.613		0.88260			4
2025.11.14	00:34:56.977	0.88189	0.88259			6
2025.11.14	00:34:57.313	0.88196	0.88260			6
2025.11.14	00:34:57.618	0.88156	0.88245			6
2025.11.14	00:34:57.925	0.88142	0.88234			6
2025.11.14	00:35:00.521	0.88142				2
2025.11.14	00:35:05.729		0.88236			4
2025.11.14	00:35:21.993	0.88143	0.88234			6
2025.11.14	00:35:32.617	0.88186	0.88255			6
2025.11.14	00:35:33.149	0.88182	0.88259			6
2025.11.14	00:35:36.231	0.88183	0.88258			6
2025.11.14	00:35:37.602	0.88185	0.88257			6
2025.11.14	00:35:39.108	0.88183				2
2025.11.14	00:35:40.148	0.88184	0.88256			6
2025.11.14	00:35:41.559	0.88156	0.88242			6
2025.11.14	00:35:41.972	0.88151	0.88237			6
2025.11.14	00:35:42.765	0.88145	0.88236			6
2025.11.14	00:35:43.347		0.88235			4
2025.11.14	00:35:48.757		0.88233			4
2025.11.14	00:35:52.349		0.88232			4
2025.11.14	00:36:00.451	0.88145				2
2025.11.14	00:36:22.345		0.88231			4
2025.11.14	00:36:28.907		0.88232			4
2025.11.14	00:36:31.721		0.88233			4
2025.11.14	00:36:37.325		0.88232			4
2025.11.14	00:36:41.689		0.88231			4
2025.11.14	00:36:42.034		0.88232			4
2025.11.14	00:36:44.068		0.88233			4
2025.11.14	00:36:48.236		0.88234			4
2025.11.14	00:36:48.753		0.88235			4
2025.11.14	00:36:54.429		0.88236			4
2025.11.14	00:36:55.457	0.88150				2
2025.11.14	00:37:00.360	0.88150				2
2025.11.14	00:37:03.696		0.88237			4
2025.11.14	00:37:18.354	0.88146				2
2025.11.14	00:37:39.161		0.88236			4
2025.11.14	00:37:42.132		0.88237			4
2025.11.14	00:37:45.183		0.88238			4
2025.11.14	00:37:46.147		0.88239			4
2025.11.14	00:37:46.651	0.88150	0.88237			6
2025.11.14	00:37:49.607		0.88238			4
2025.11.14	00:37:50.673		0.88237			4
2025.11.14	00:37:56.144		0.88238			4
2025.11.14	00:37:56.524		0.88237			4
2025.11.14	00:37:59.633		0.88238			4
2025.11.14	00:38:00.281	0.88150	0.88237			6
2025.11.14	00:38:12.463		0.88236			4
2025.11.14	00:38:14.194		0.88237			4
2025.11.14	00:38:24.242		0.88238			4
2025.11.14	00:38:26.118		0.88237			4
2025.11.14	00:38:27.733		0.88239			4
2025.11.14	00:38:29.203		0.88240			4
2025.11.14	00:38:35.002	0.88152	0.88241			6
2025.11.14	00:38:35.364		0.88240			4
2025.11.14	00:38:36.512	0.88148	0.88239			6
2025.11.14	00:38:39.553	0.88152	0.88238			6
2025.11.14	00:38:45.872	0.88150	0.88240			6
2025.11.14	00:38:54.296	0.88142	0.88241			6
2025.11.14	00:38:57.306	0.88143				2
2025.11.14	00:38:57.613	0.88144				2
2025.11.14	00:38:57.918		0.88239			4
2025.11.14	00:38:58.272	0.88148				2
2025.11.14	00:38:58.614		0.88240			4
2025.11.14	00:38:59.773	0.88150				2
2025.11.14	00:39:00.435	0.88150	0.88241			6
2025.11.14	00:39:02.431	0.88149	0.88242			6
2025.11.14	00:39:03.596		0.88240			4
2025.11.14	00:39:04.153	0.88153	0.88241			6
2025.11.14	00:39:08.331		0.88242			4
2025.11.14	00:39:09.282		0.88243			4
2025.11.14	00:39:14.220		0.88242			4
2025.11.14	00:39:24.202	0.88160	0.88256			6
2025.11.14	00:39:24.519	0.88153	0.88245			6
2025.11.14	00:39:26.973		0.88244			4
2025.11.14	00:39:29.309	0.88154	0.88245			6
2025.11.14	00:39:30.506		0.88244			4
2025.11.14	00:39:32.482		0.88243			4
2025.11.14	00:39:32.873	0.88150				2
2025.11.14	00:39:33.516	0.88156				2
2025.11.14	00:39:33.957		0.88242			4
2025.11.14	00:39:42.462		0.88243			4
2025.11.14	00:39:44.930		0.88244			4
2025.11.14	00:39:47.616		0.88247			4
2025.11.14	00:39:52.095		0.88248			4
2025.11.14	00:40:00.462	0.88159				2
2025.11.14	00:40:03.831		0.88247			4
2025.11.14	00:40:05.459		0.88248			4
2025.11.14	00:40:05.809		0.88251			4
2025.11.14	00:40:06.560	0.88160				2
2025.11.14	00:40:07.017		0.88252			4
2025.11.14	00:40:08.033		0.88251			4
2025.11.14	00:40:10.731		0.88252			4
2025.11.14	00:40:12.830		0.88251			4
2025.11.14	00:40:15.957	0.88162	0.88256			6
2025.11.14	00:40:16.279		0.88255			4
2025.11.14	00:40:17.204		0.88256			4
2025.11.14	00:40:21.309		0.88254			4
2025.11.14	00:40:22.823		0.88255			4
2025.11.14	00:40:24.198		0.88254			4
2025.11.14	00:40:25.887		0.88256			4
2025.11.14	00:40:26.889		0.88255			4
2025.11.14	00:40:29.436		0.88256			4
2025.11.14	00:40:31.407	0.88176	0.88257			6
2025.11.14	00:40:32.932		0.88261			4
2025.11.14	00:40:37.221	0.88168				2
2025.11.14	00:40:40.141	0.88173				2
2025.11.14	00:40:44.330		0.88260			4
2025.11.14	00:40:56.809	0.88179	0.88261			6
2025.11.14	00:40:59.297	0.88170	0.88259			6
2025.11.14	00:40:59.818	0.88175	0.88260			6
2025.11.14	00:41:00.232	0.88175	0.88259			6
2025.11.14	00:41:02.497		0.88260			4
2025.11.14	00:41:03.136		0.88259			4
2025.11.14	00:41:07.733	0.88172				2
2025.11.14	00:41:09.493	0.88186	0.88263			6
2025.11.14	00:41:09.797	0.88190	0.88264			6
2025.11.14	00:41:10.392	0.88192	0.88265			6
2025.11.14	00:41:10.746	0.88191				2
2025.11.14	00:41:14.392	0.88193				2
2025.11.14	00:41:14.973		0.88266			4
2025.11.14	00:41:21.070		0.88267			4
2025.11.14	00:41:29.397	0.88191	0.88266			6
2025.11.14	00:41:32.932	0.88194	0.88267			6
2025.11.14	00:41:37.039		0.88266			4
2025.11.14	00:41:38.366		0.88267			4
2025.11.14	00:41:40.022		0.88266			4
2025.11.14	00:41:45.122	0.88203				2
2025.11.14	00:41:49.624	0.88196				2
2025.11.14	00:41:52.510		0.88281			4
2025.11.14	00:41:55.726	0.88198	0.88278			6
2025.11.14	00:41:59.253		0.88275			4
2025.11.14	00:42:01.046	0.88198				2
2025.11.14	00:42:11.491		0.88279			4
2025.11.14	00:42:18.491		0.88283			4
2025.11.14	00:42:24.621	0.88205	0.88278			6
2025.11.14	00:43:00.017	0.88205				2
2025.11.14	00:43:22.630	0.88203	0.88282			6
2025.11.14	00:43:34.202		0.88284			4
2025.11.14	00:43:42.530		0.88283			4
2025.11.14	00:43:51.098		0.88282			4
2025.11.14	00:43:52.601	0.88202	0.88278			6
2025.11.14	00:44:01.323	0.88202				2
2025.11.14	00:44:14.245		0.88270			4
2025.11.14	00:44:26.347	0.88206	0.88273			6
2025.11.14	00:44:42.934		0.88270			4
2025.11.14	00:45:00.182	0.88206				2
2025.11.14	00:45:03.194	0.88163	0.88269			6
2025.11.14	00:45:06.730	0.88206	0.88270			6
2025.11.14	00:45:10.925	0.88218	0.88258			6
2025.11.14	00:45:13.683		0.88265			4
2025.11.14	00:45:17.442		0.88266			4
2025.11.14	00:45:21.342	0.88216	0.88264			6
2025.11.14	00:46:01.730	0.88216				2
2025.11.14	00:46:21.811		0.88264			4
2025.11.14	00:46:37.238	0.88220				2
2025.11.14	00:46:37.940	0.88217				2
2025.11.14	00:46:59.683	0.88221	0.88275			6
2025.11.14	00:47:00.360	0.88221				2
2025.11.14	00:47:02.070	0.88237	0.88315			6
2025.11.14	00:47:02.378	0.88240	0.88314			6
2025.11.14	00:47:02.685	0.88242				2
2025.11.14	00:47:03.185	0.88261	0.88322			6
2025.11.14	00:47:06.729	0.88252	0.88314			6
2025.11.14	00:47:07.038	0.88254				2
2025.11.14	00:47:08.137	0.88251				2
2025.11.14	00:47:10.202		0.88312			4
2025.11.14	00:47:10.544	0.88252	0.88311			6
2025.11.14	00:47:11.541	0.88257	0.88310			6
2025.11.14	00:47:11.846	0.88256	0.88318			6
2025.11.14	00:47:13.384		0.88315			4
2025.11.14	00:47:14.806	0.88258	0.88313			6
2025.11.14	00:47:15.426	0.88247	0.88315			6
2025.11.14	00:47:16.081	0.88258	0.88312			6
2025.11.14	00:47:16.477	0.88264				2
2025.11.14	00:47:20.269	0.88269				2
2025.11.14	00:47:21.227	0.88270				2
2025.11.14	00:47:22.352	0.88264				2
2025.11.14	00:47:26.286	0.88296	0.88321			6
2025.11.14	00:47:26.604	0.88289	0.88337			6
2025.11.14	00:47:26.907	0.88293	0.88340			6
2025.11.14	00:47:28.204	0.88294	0.88339			6
2025.11.14	00:47:29.286	0.88295	0.88338			6
2025.11.14	00:47:30.187	0.88296				2
2025.11.14	00:47:32.714	0.88289	0.88334			6
2025.11.14	00:47:33.453		0.88333			4
2025.11.14	00:47:34.348		0.88335			4
2025.11.14	00:47:35.458		0.88334			4
2025.11.14	00:47:36.639	0.88292	0.88336			6
2025.11.14	00:47:38.078	0.88290	0.88338			6
2025.11.14	00:47:38.860	0.88289	0.88336			6
2025.11.14	00:47:41.177	0.88295	0.88335			6
2025.11.14	00:47:41.719		0.88334			4
2025.11.14	00:47:44.002	0.88248	0.88337			6
2025.11.14	00:47:44.348	0.88246	0.88333			6
2025.11.14	00:47:44.726		0.88316			4
2025.11.14	00:47:45.967		0.88318			4
2025.11.14	00:47:46.811		0.88316			4
2025.11.14	00:47:48.109		0.88315			4
2025.11.14	00:47:48.492		0.88317			4
2025.11.14	00:47:49.024	0.88245				2
2025.11.14	00:47:49.456	0.88270	0.88318			6
2025.11.14	00:47:50.203	0.88269				2
2025.11.14	00:47:50.757	0.88266				2
2025.11.14	00:47:51.262	0.88267				2
2025.11.14	00:47:52.062	0.88274	0.88320			6
2025.11.14	00:47:52.373	0.88276				2
2025.11.14	00:47:54.230	0.88279	0.88326			6
2025.11.14	00:47:58.490	0.88288				2
2025.11.14	00:47:59.159	0.88265	0.88317			6
2025.11.14	00:48:00.117	0.88266				2
2025.11.14	00:48:01.731	0.88267				2
2025.11.14	00:48:03.202	0.88268				2
2025.11.14	00:48:04.582	0.88245	0.88315			6
2025.11.14	00:48:04.956	0.88248				2
2025.11.14	00:48:05.314	0.88249				2
2025.11.14	00:48:05.625	0.88250				2
2025.11.14	00:48:09.154	0.88251				2
2025.11.14	00:48:10.720	0.88252	0.88319			6
2025.11.14	00:48:12.030	0.88253				2
2025.11.14	00:48:12.467	0.88280	0.88320			6
2025.11.14	00:48:17.026	0.88281				2
2025.11.14	00:48:17.417	0.88296	0.88345			6
2025.11.14	00:48:17.738	0.88298	0.88342			6
2025.11.14	00:48:18.077	0.88304	0.88337			6
2025.11.14	00:48:18.421	0.88300	0.88341			6
2025.11.14	00:48:20.091	0.88298	0.88342			6
2025.11.14	00:48:20.456	0.88297				2
2025.11.14	00:48:22.551	0.88298				2
2025.11.14	00:48:22.855	0.88302				2
2025.11.14	00:48:23.709	0.88303				2
2025.11.14	00:48:24.017	0.88304				2
2025.11.14	00:48:26.282	0.88292	0.88337			6
2025.11.14	00:48:26.928	0.88293				2
2025.11.14	00:48:27.489		0.88338			4
2025.11.14	00:48:28.596	0.88290				2
2025.11.14	00:48:30.574	0.88293	0.88337			6
2025.11.14	00:48:31.613	0.88292				2
2025.11.14	00:48:32.094		0.88336			4
2025.11.14	00:48:33.016		0.88338			4
2025.11.14	00:48:33.831		0.88337			4
2025.11.14	00:48:34.152	0.88291	0.88336			6
2025.11.14	00:48:34.562		0.88338			4
2025.11.14	00:48:35.084	0.88292	0.88336			6
2025.11.14	00:48:37.915	0.88294	0.88334			6
2025.11.14	00:48:38.417	0.88295	0.88333			6
2025.11.14	00:48:40.377	0.88290				2
2025.11.14	00:48:40.758		0.88332			4
2025.11.14	00:48:41.692		0.88333			4
2025.11.14	00:48:43.336		0.88335			4
2025.11.14	00:48:43.954		0.88336			4
2025.11.14	00:48:45.552		0.88337			4
2025.11.14	00:48:46.081	0.88291	0.88338			6
2025.11.14	00:48:48.830		0.88339			4
2025.11.14	00:48:52.987		0.88340			4
2025.11.14	00:48:53.296	0.88297				2
2025.11.14	00:48:55.259	0.88291	0.88341			6
2025.11.14	00:48:55.573	0.88293				2
2025.11.14	00:48:55.922		0.88340			4
2025.11.14	00:48:56.935	0.88288				2
2025.11.14	00:48:57.247	0.88285	0.88338			6
2025.11.14	00:48:58.409		0.88337			4
2025.11.14	00:49:00.375	0.88285				2
2025.11.14	00:49:01.123		0.88336			4
2025.11.14	00:49:02.387		0.88335			4
2025.11.14	00:49:02.763	0.88279				2
2025.11.14	00:49:03.064	0.88281				2
2025.11.14	00:49:03.425	0.88285				2
2025.11.14	00:49:05.198	0.88283	0.88340			6
2025.11.14	00:49:05.718	0.88285	0.88341			6
2025.11.14	00:49:06.036	0.88307	0.88340			6
2025.11.14	00:49:06.373	0.88305	0.88339			6
2025.11.14	00:49:06.710	0.88307				2
2025.11.14	00:49:07.285	0.88306				2
2025.11.14	00:49:08.672	0.88307				2
2025.11.14	00:49:09.972	0.88309				2
2025.11.14	00:49:11.907	0.88311				2
2025.11.14	00:49:14.016	0.88284	0.88340			6
2025.11.14	00:49:17.098	0.88285				2
2025.11.14	00:49:20.930	0.88258	0.88324			6
2025.11.14	00:49:21.263	0.88274				2
2025.11.14	00:49:21.689	0.88262				2
2025.11.14	00:49:22.213	0.88237				2
2025.11.14	00:49:22.731	0.88238				2
2025.11.14	00:49:23.032	0.88231				2
2025.11.14	00:49:23.376	0.88229				2
2025.11.14	00:49:23.679	0.88253				2
2025.11.14	00:49:26.169		0.88304			4
2025.11.14	00:49:28.076	0.88254				2
2025.11.14	00:49:28.737	0.88255	0.88303			6
2025.11.14	00:49:30.138	0.88234	0.88319			6
2025.11.14	00:49:30.760	0.88258				2
2025.11.14	00:49:31.265	0.88265	0.88326			6
2025.11.14	00:49:31.980		0.88334			4
2025.11.14	00:49:32.693		0.88332			4
2025.11.14	00:49:32.998		0.88325			4
2025.11.14	00:49:34.099		0.88327			4
2025.11.14	00:49:34.514		0.88321			4
2025.11.14	00:49:35.053		0.88318			4
2025.11.14	00:49:36.339		0.88317			4
2025.11.14	00:49:37.250		0.88322			4
2025.11.14	00:49:37.894		0.88321			4
2025.11.14	00:49:38.424		0.88323			4
2025.11.14	00:49:39.522	0.88272	0.88331			6
2025.11.14	00:49:40.065	0.88274	0.88328			6
2025.11.14	00:49:40.898	0.88273	0.88329			6
2025.11.14	00:49:41.546		0.88330			4
2025.11.14	00:49:43.731	0.88272				2
2025.11.14	00:49:44.662	0.88301	0.88331			6
2025.11.14	00:49:46.131	0.88304	0.88328			6
2025.11.14	00:49:47.372	0.88303	0.88329			6
2025.11.14	00:49:50.796	0.88304				2
2025.11.14	00:49:53.362	0.88306	0.88331			6
2025.11.14	00:49:55.839	0.88293	0.88329			6
2025.11.14	00:49:58.430	0.88294	0.88328			6
2025.11.14	00:49:59.727	0.88293	0.88327			6
2025.11.14	00:50:00.029	0.88294	0.88328			6
2025.11.14	00:50:00.386	0.88293	0.88329			6
2025.11.14	00:50:02.008	0.88298	0.88330			6
2025.11.14	00:50:02.686	0.88310	0.88334			6
2025.11.14	00:50:04.531	0.88309				2
2025.11.14	00:50:09.262	0.88310	0.88338			6
2025.11.14	00:50:11.683		0.88336			4
2025.11.14	00:50:13.012	0.88312	0.88338			6
2025.11.14	00:50:14.409	0.88313				2
2025.11.14	00:50:14.763	0.88312	0.88339			6
2025.11.14	00:50:15.064	0.88316				2
2025.11.14	00:50:15.461	0.88315	0.88341			6
2025.11.14	00:50:17.032	0.88314				2
2025.11.14	00:50:17.591	0.88316	0.88340			6
2025.11.14	00:50:18.248	0.88315				2
2025.11.14	00:50:19.932	0.88316	0.88339			6
2025.11.14	00:50:20.238		0.88340			4
2025.11.14	00:50:20.550		0.88342			4
2025.11.14	00:50:20.859	0.88324	0.88346			6
2025.11.14	00:50:21.840		0.88347			4
2025.11.14	00:50:22.344		0.88346			4
2025.11.14	00:50:22.819	0.88325				2
2025.11.14	00:50:23.969	0.88324				2
2025.11.14	00:50:26.347	0.88325				2
2025.11.14	00:50:29.031	0.88330	0.88345			6
2025.11.14	00:50:29.452		0.88344			4
2025.11.14	00:50:30.269		0.88345			4
2025.11.14	00:50:30.704	0.88331				2
2025.11.14	00:50:32.693		0.88344			4
2025.11.14	00:50:39.812	0.88326				2
2025.11.14	00:50:41.681	0.88325	0.88345			6
2025.11.14	00:50:42.198		0.88344			4
2025.11.14	00:50:47.093	0.88327				2
2025.11.14	00:50:49.136	0.88330	0.88343			6
2025.11.14	00:50:50.758	0.88331				2
2025.11.14	00:50:52.069		0.88344			4
2025.11.14	00:50:52.693		0.88343			4
2025.11.14	00:50:54.363	0.88329	0.88344			6
2025.11.14	00:50:57.776	0.88331				2
2025.11.14	00:50:59.580	0.88332				2
2025.11.14	00:51:00.759	0.88332				2
2025.11.14	00:51:06.328	0.88333				2
2025.11.14	00:51:08.931	0.88334				2
2025.11.14	00:51:09.257	0.88329				2
2025.11.14	00:51:09.579		0.88348			4
2025.11.14	00:51:14.240		0.88344			4
2025.11.14	00:51:15.347	0.88331				2
2025.11.14	00:51:16.542	0.88335				2
2025.11.14	00:51:19.603	0.88337				2
2025.11.14	00:51:26.193	0.88335				2
2025.11.14	00:51:26.722		0.88343			4
2025.11.14	00:51:31.573		0.88344			4
2025.11.14	00:51:38.616	0.88337	0.88342			6
2025.11.14	00:51:43.891	0.88335				2
2025.11.14	00:51:45.892	0.88337				2
2025.11.14	00:51:46.223		0.88343			4
2025.11.14	00:51:49.730		0.88342			4
2025.11.14	00:51:51.414	0.88334	0.88343			6
2025.11.14	00:51:52.988		0.88342			4
2025.11.14	00:51:54.534		0.88343			4
2025.11.14	00:52:00.468	0.88334				2
2025.11.14	00:52:01.313	0.88335				2
2025.11.14	00:52:02.208	0.88337				2
2025.11.14	00:52:03.007	0.88332				2
2025.11.14	00:52:05.004	0.88338				2
2025.11.14	00:52:07.130	0.88339				2
2025.11.14	00:52:10.130	0.88338				2
2025.11.14	00:52:10.760	0.88333				2
2025.11.14	00:52:24.190	0.88334	0.88361			6
2025.11.14	00:52:24.700		0.88362			4
2025.11.14	00:52:25.748		0.88361			4
2025.11.14	00:52:26.332	0.88341				2
2025.11.14	00:52:26.963	0.88340				2
2025.11.14	00:52:27.659	0.88341	0.88362			6
2025.11.14	00:52:28.231		0.88361			4
2025.11.14	00:52:31.001		0.88362			4
2025.11.14	00:52:32.205		0.88361			4
2025.11.14	00:52:39.869	0.88342				2
2025.11.14	00:52:44.169		0.88360			4
2025.11.14	00:52:44.483	0.88344	0.88361			6
2025.11.14	00:52:46.348	0.88343				2
2025.11.14	00:52:52.730	0.88344				2
2025.11.14	00:52:54.121	0.88345	0.88360			6
2025.11.14	00:52:56.112	0.88346				2
2025.11.14	00:52:58.130	0.88347				2
2025.11.14	00:53:00.314	0.88347				2
2025.11.14	00:53:01.018	0.88354	0.88363			6
2025.11.14	00:53:01.318		0.88381			4
2025.11.14	00:53:01.804	0.88355				2
2025.11.14	00:53:02.330		0.88382			4
2025.11.14	00:53:02.986	0.88345	0.88383			6
2025.11.14	00:53:03.493	0.88350				2
2025.11.14	00:53:04.883		0.88381			4
2025.11.14	00:53:05.468	0.88354				2
2025.11.14	00:53:05.769		0.88383			4
2025.11.14	00:53:06.529		0.88382			4
2025.11.14	00:53:07.387	0.88361	0.88387			6
2025.11.14	00:53:07.697	0.88351	0.88388			6
2025.11.14	00:53:08.013	0.88354				2
2025.11.14	00:53:08.345	0.88353				2
2025.11.14	00:53:10.052	0.88354				2
2025.11.14	00:53:11.631	0.88358				2
2025.11.14	00:53:16.099	0.88355				2
2025.11.14	00:53:17.794	0.88354				2
2025.11.14	00:53:18.530	0.88355				2
2025.11.14	00:53:19.354	0.88358	0.88393			6
2025.11.14	00:53:21.457	0.88360				2
2025.11.14	00:53:22.621	0.88363	0.88392			6
2025.11.14	00:53:23.931	0.88364				2
2025.11.14	00:53:24.532	0.88369	0.88391			6
2025.11.14	00:53:24.989	0.88378	0.88387			6
2025.11.14	00:53:25.534	0.88375	0.88393			6
2025.11.14	00:53:25.840	0.88377	0.88394			6
2025.11.14	00:53:26.376	0.88374	0.88390			6
2025.11.14	00:53:26.703		0.88388			4
2025.11.14	00:53:27.420		0.88389			4
2025.11.14	00:53:29.134	0.88373	0.88388			6
2025.11.14	00:53:30.342	0.88366	0.88387			6
2025.11.14	00:53:30.669		0.88389			4
2025.11.14	00:53:35.240		0.88386			4
2025.11.14	00:53:35.806		0.88387			4
2025.11.14	00:53:38.421		0.88386			4
2025.11.14	00:53:39.309		0.88385			4
2025.11.14	00:53:40.125		0.88383			4
2025.11.14	00:53:40.572	0.88363				2
2025.11.14	00:53:41.022		0.88384			4
2025.11.14	00:53:42.207	0.88362				2
2025.11.14	00:53:42.919	0.88363	0.88383			6
2025.11.14	00:53:44.366	0.88361	0.88377			6
2025.11.14	00:53:44.692	0.88360	0.88378			6
2025.11.14	00:53:46.171	0.88359	0.88376			6
2025.11.14	00:53:47.287	0.88356	0.88375			6
2025.11.14	00:53:47.826	0.88350	0.88382			6
2025.11.14	00:53:48.161	0.88349	0.88384			6
2025.11.14	00:53:51.367	0.88354				2
2025.11.14	00:54:00.468	0.88353				2
2025.11.14	00:54:10.121	0.88352				2
2025.11.14	00:54:13.233	0.88355				2
2025.11.14	00:54:18.588	0.88288	0.88365			6
2025.11.14	00:54:19.136	0.88269	0.88367			6
2025.11.14	00:54:19.437	0.88257	0.88369			6
2025.11.14	00:54:20.615	0.88266				2
2025.11.14	00:54:20.962	0.88283	0.88370			6
2025.11.14	00:54:22.097	0.88286	0.88372			6
2025.11.14	00:54:23.115	0.88271	0.88367			6
2025.11.14	00:54:23.420	0.88258	0.88361			6
2025.11.14	00:54:23.728	0.88256	0.88363			6
2025.11.14	00:54:24.142	0.88257	0.88362			6
2025.11.14	00:54:25.313	0.88250	0.88369			6
2025.11.14	00:54:25.649	0.88258	0.88370			6
2025.11.14	00:54:25.973	0.88287	0.88373			6
2025.11.14	00:54:26.378	0.88252	0.88367			6
2025.11.14	00:54:26.815	0.88258	0.88361			6
2025.11.14	00:54:27.152	0.88262	0.88366			6
2025.11.14	00:54:27.473	0.88275	0.88369			6
2025.11.14	00:54:28.547	0.88276	0.88363			6
2025.11.14	00:54:28.859	0.88256				2
2025.11.14	00:54:29.212	0.88257	0.88362			6
2025.11.14	00:54:29.551	0.88275	0.88380			6
2025.11.14	00:54:29.900	0.88274	0.88381			6
2025.11.14	00:54:30.203	0.88275	0.88375			6
2025.11.14	00:54:30.518	0.88249	0.88371			6
2025.11.14	00:54:30.853	0.88251	0.88369			6
2025.11.14	00:54:31.193	0.88274	0.88372			6
2025.11.14	00:54:31.709	0.88250	0.88370			6
2025.11.14	00:54:32.020	0.88252	0.88368			6
2025.11.14	00:54:32.405	0.88253	0.88367			6
2025.11.14	00:54:32.737	0.88273	0.88375			6
2025.11.14	00:54:33.039		0.88373			4
2025.11.14	00:54:33.452	0.88268	0.88370			6
2025.11.14	00:54:33.791	0.88252	0.88368			6
2025.11.14	00:54:34.245	0.88251	0.88369			6
2025.11.14	00:54:34.555	0.88271	0.88370			6
2025.11.14	00:54:34.973	0.88272	0.88371			6
2025.11.14	00:54:35.279	0.88250	0.88370			6
2025.11.14	00:54:35.606	0.88252				2
2025.11.14	00:54:35.918	0.88274	0.88371			6
2025.11.14	00:54:36.227	0.88270	0.88372			6
2025.11.14	00:54:36.905	0.88261	0.88370			6
2025.11.14	00:54:37.268	0.88284	0.88372			6
2025.11.14	00:54:37.670	0.88249	0.88367			6
2025.11.14	00:54:38.071	0.88252	0.88368			6
2025.11.14	00:54:38.496	0.88249	0.88365			6
2025.11.14	00:54:38.809	0.88250	0.88364			6
2025.11.14	00:54:39.118	0.88255	0.88369			6
2025.11.14	00:54:39.515		0.88367			4
2025.11.14	00:54:39.849	0.88267				2
2025.11.14	00:54:40.156		0.88363			4
2025.11.14	00:54:40.458	0.88273	0.88359			6
2025.11.14	00:54:40.785	0.88274	0.88358			6
2025.11.14	00:54:41.112	0.88282	0.88361			6
2025.11.14	00:54:41.414	0.88277	0.88363			6
2025.11.14	00:54:41.724	0.88284	0.88364			6
2025.11.14	00:54:42.119	0.88288				2
2025.11.14	00:54:42.423		0.88366			4
2025.11.14	00:54:42.753	0.88264	0.88360			6
2025.11.14	00:54:43.209	0.88271	0.88361			6
2025.11.14	00:54:43.517	0.88285	0.88365			6
2025.11.14	00:54:43.826	0.88267	0.88361			6
2025.11.14	00:54:44.132	0.88281	0.88360			6
2025.11.14	00:54:44.435	0.88267	0.88362			6
2025.11.14	00:54:44.776	0.88280	0.88363			6
2025.11.14	00:54:45.089	0.88271	0.88361			6
2025.11.14	00:54:45.545	0.88251				2
2025.11.14	00:54:45.883	0.88243	0.88362			6
2025.11.14	00:54:46.952	0.88247				2
2025.11.14	00:54:47.299	0.88254				2
2025.11.14	00:54:47.640	0.88244	0.88360			6
2025.11.14	00:54:47.957	0.88273	0.88366			6
2025.11.14	00:54:48.266	0.88251	0.88361			6
2025.11.14	00:54:48.579	0.88250	0.88363			6
2025.11.14	00:54:48.907	0.88258	0.88366			6
2025.11.14	00:54:49.222	0.88250				2
2025.11.14	00:54:49.543	0.88256	0.88369			6
2025.11.14	00:54:49.919	0.88267	0.88371			6
2025.11.14	00:54:50.275	0.88263	0.88366			6
2025.11.14	00:54:50.593	0.88267	0.88372			6
2025.11.14	00:54:50.914	0.88264	0.88365			6
2025.11.14	00:54:51.217	0.88257	0.88368			6
2025.11.14	00:54:51.526	0.88267	0.88370			6
2025.11.14	00:54:51.881	0.88264	0.88364			6
2025.11.14	00:54:52.346		0.88368			4
2025.11.14	00:54:52.785	0.88260	0.88367			6
2025.11.14	00:54:53.256	0.88264	0.88368			6
2025.11.14	00:54:53.643		0.88364			4
2025.11.14	00:54:53.954	0.88265	0.88363			6
2025.11.14	00:54:54.480		0.88362			4
2025.11.14	00:54:55.191		0.88363			4
2025.11.14	00:54:55.827	0.88266	0.88362			6
2025.11.14	00:54:56.233	0.88265	0.88365			6
2025.11.14	00:54:56.813	0.88276	0.88364			6
2025.11.14	00:54:57.247	0.88275	0.88369			6
2025.11.14	00:54:57.558	0.88276	0.88366			6
2025.11.14	00:54:57.912		0.88368			4
2025.11.14	00:54:58.455		0.88366			4
2025.11.14	00:54:59.080		0.88365			4
2025.11.14	00:54:59.415		0.88366			4
2025.11.14	00:55:00.272	0.88276	0.88364			6
2025.11.14	00:55:00.967		0.88368			4
2025.11.14	00:55:01.327		0.88365			4
2025.11.14	00:55:02.125		0.88367			4
2025.11.14	00:55:02.622		0.88365			4
2025.11.14	00:55:03.546	0.88275	0.88366			6
2025.11.14	00:55:04.468	0.88255				2
2025.11.14	00:55:04.899	0.88260	0.88364			6
2025.11.14	00:55:05.349	0.88256	0.88362			6
2025.11.14	00:55:06.028	0.88257	0.88361			6
2025.11.14	00:55:06.474	0.88248	0.88365			6
2025.11.14	00:55:07.052	0.88247				2
2025.11.14	00:55:12.502	0.88260				2
2025.11.14	00:55:13.291	0.88255	0.88367			6
2025.11.14	00:55:13.616	0.88264	0.88364			6
2025.11.14	00:55:14.464	0.88265				2
2025.11.14	00:55:14.877		0.88365			4
2025.11.14	00:55:15.431	0.88266	0.88366			6
2025.11.14	00:55:15.742		0.88365			4
2025.11.14	00:55:16.113	0.88265				2
2025.11.14	00:55:16.432		0.88367			4
2025.11.14	00:55:16.818	0.88266				2
2025.11.14	00:55:18.155		0.88368			4
2025.11.14	00:55:18.498		0.88363			4
2025.11.14	00:55:19.047	0.88262				2
2025.11.14	00:55:19.458		0.88364			4
2025.11.14	00:55:19.992		0.88365			4
2025.11.14	00:55:20.964	0.88255	0.88364			6
2025.11.14	00:55:21.463	0.88256	0.88367			6
2025.11.14	00:55:21.812		0.88366			4
2025.11.14	00:55:22.896	0.88258				2
2025.11.14	00:55:25.413	0.88270	0.88364			6
2025.11.14	00:55:25.894	0.88271				2
2025.11.14	00:55:27.010	0.88270	0.88365			6
2025.11.14	00:55:27.448	0.88269	0.88366			6
2025.11.14	00:55:28.042	0.88260	0.88367			6
2025.11.14	00:55:28.369	0.88262	0.88365			6
2025.11.14	00:55:28.716	0.88266				2
2025.11.14	00:55:29.019	0.88278	0.88366			6
2025.11.14	00:55:29.812		0.88368			4
2025.11.14	00:55:30.271		0.88370			4
2025.11.14	00:55:31.030		0.88368			4
2025.11.14	00:55:31.420		0.88371			4
2025.11.14	00:55:32.440		0.88367			4
2025.11.14	00:55:32.821		0.88369			4
2025.11.14	00:55:33.423		0.88367			4
2025.11.14	00:55:33.963		0.88366			4
2025.11.14	00:55:34.280		0.88367			4
2025.11.14	00:55:34.645		0.88368			4
2025.11.14	00:55:36.045		0.88366			4
2025.11.14	00:55:36.504	0.88289	0.88368			6
2025.11.14	00:55:37.025		0.88369			4
2025.11.14	00:55:38.192	0.88280	0.88367			6
2025.11.14	00:55:38.547	0.88279	0.88368			6
2025.11.14	00:55:39.825		0.88369			4
2025.11.14	00:55:41.143		0.88368			4
2025.11.14	00:55:41.873	0.88280	0.88367			6
2025.11.14	00:55:42.178	0.88278	0.88369			6
2025.11.14	00:55:45.168		0.88368			4
2025.11.14	00:55:45.980		0.88366			4
2025.11.14	00:55:47.331		0.88367			4
2025.11.14	00:55:47.907	0.88287	0.88368			6
2025.11.14	00:55:48.597	0.88288	0.88367			6
2025.11.14	00:55:49.933	0.88290	0.88365			6
2025.11.14	00:55:50.390	0.88287	0.88368			6
2025.11.14	00:55:52.389	0.88292	0.88364			6
2025.11.14	00:55:53.505		0.88363			4
2025.11.14	00:55:54.801		0.88364			4
2025.11.14	00:55:55.160	0.88294	0.88361			6
2025.11.14	00:55:55.486	0.88297	0.88359			6
2025.11.14	00:55:55.905	0.88295				2
2025.11.14	00:55:56.218		0.88360			4
2025.11.14	00:55:57.205	0.88296	0.88359			6
2025.11.14	00:55:57.737	0.88295	0.88360			6
2025.11.14	00:56:00.408	0.88295				2
2025.11.14	00:56:01.639	0.88293	0.88361			6
2025.11.14	00:56:01.947		0.88363			4
2025.11.14	00:56:02.718		0.88364			4
2025.11.14	00:56:03.760	0.88294	0.88362			6
2025.11.14	00:56:04.074	0.88291	0.88364			6
2025.11.14	00:56:04.389	0.88293	0.88362			6
2025.11.14	00:56:04.840	0.88291	0.88364			6
2025.11.14	00:56:05.517	0.88293	0.88362			6
2025.11.14	00:56:06.174	0.88294	0.88361			6
2025.11.14	00:56:07.060	0.88292	0.88363			6
2025.11.14	00:56:07.378	0.88293	0.88362			6
2025.11.14	00:56:07.913	0.88292				2
2025.11.14	00:56:08.518		0.88363			4
2025.11.14	00:56:08.831	0.88291	0.88364			6
2025.11.14	00:56:09.220	0.88290				2
2025.11.14	00:56:09.531		0.88365			4
2025.11.14	00:56:11.335	0.88293	0.88362			6
2025.11.14	00:56:11.850	0.88291	0.88364			6
2025.11.14	00:56:12.442	0.88293	0.88362			6
2025.11.14	00:56:12.748	0.88294	0.88361			6
2025.11.14	00:56:13.325	0.88292	0.88363			6
2025.11.14	00:56:15.545	0.88291				2
2025.11.14	00:56:16.841	0.88292				2
2025.11.14	00:56:17.197	0.88293	0.88362			6
2025.11.14	00:56:17.596	0.88292				2
2025.11.14	00:56:17.917	0.88291	0.88363			6
2025.11.14	00:56:18.706	0.88293	0.88362			6
2025.11.14	00:56:19.673	0.88291	0.88363			6
2025.11.14	00:56:19.982	0.88292				2
2025.11.14	00:56:21.474	0.88295	0.88362			6
2025.11.14	00:56:22.012	0.88294	0.88363			6
2025.11.14	00:56:22.335	0.88292				2
2025.11.14	00:56:22.916	0.88293	0.88362			6
2025.11.14	00:56:23.259	0.88331	0.88371			6
2025.11.14	00:56:23.562		0.88369			4
2025.11.14	00:56:25.416		0.88370			4
2025.11.14	00:56:29.173		0.88372			4
2025.11.14	00:56:30.448		0.88373			4
2025.11.14	00:56:31.186		0.88372			4
2025.11.14	00:56:31.746		0.88373			4
2025.11.14	00:56:32.154		0.88372			4
2025.11.14	00:56:33.431		0.88374			4
2025.11.14	00:56:34.378		0.88377			4
2025.11.14	00:56:36.417	0.88330	0.88378			6
2025.11.14	00:56:40.497		0.88373			4
2025.11.14	00:56:41.683		0.88374			4
2025.11.14	00:56:42.122		0.88375			4
2025.11.14	00:56:43.635		0.88374			4
2025.11.14	00:56:44.787		0.88376			4
2025.11.14	00:56:45.098	0.88331	0.88373			6
2025.11.14	00:56:45.410		0.88374			4
2025.11.14	00:56:46.268		0.88373			4
2025.11.14	00:56:47.277	0.88330	0.88374			6
2025.11.14	00:56:47.842		0.88377			4
2025.11.14	00:56:49.353	0.88333				2
2025.11.14	00:56:50.393	0.88340	0.88379			6
2025.11.14	00:56:50.699		0.88378			4
2025.11.14	00:56:51.018		0.88385			4
2025.11.14	00:56:51.320		0.88379			4
2025.11.14	00:56:51.627		0.88383			4
2025.11.14	00:56:51.941		0.88380			4
2025.11.14	00:56:52.438	0.88344	0.88397			6
2025.11.14	00:56:52.755		0.88376			4
2025.11.14	00:56:53.126		0.88380			4
2025.11.14	00:56:53.565		0.88377			4
2025.11.14	00:56:53.878		0.88381			4
2025.11.14	00:56:54.199	0.88346	0.88378			6
2025.11.14	00:56:55.818		0.88376			4
2025.11.14	00:56:56.259	0.88339	0.88378			6
2025.11.14	00:56:56.568		0.88377			4
2025.11.14	00:56:58.330		0.88376			4
2025.11.14	00:56:58.637		0.88378			4
2025.11.14	00:56:59.164		0.88379			4
2025.11.14	00:56:59.479	0.88351	0.88387			6
2025.11.14	00:57:00.011	0.88352				2
2025.11.14	00:57:11.135		0.88390			4
2025.11.14	00:57:14.862	0.88358	0.88384			6
2025.11.14	00:57:18.390	0.88356				2
2025.11.14	00:57:19.450		0.88389			4
2025.11.14	00:57:32.367		0.88385			4
2025.11.14	00:57:48.743	0.88357				2
2025.11.14	00:57:52.067	0.88365	0.88388			6
2025.11.14	00:57:57.512	0.88364				2
2025.11.14	00:58:00.206	0.88364				2
2025.11.14	00:58:01.453	0.88366				2
2025.11.14	00:58:15.053	0.88367				2
2025.11.14	00:58:20.164	0.88365				2
2025.11.14	00:58:36.156	0.88358	0.88383			6
2025.11.14	00:58:37.185	0.88360				2
2025.11.14	00:58:45.662	0.88359				2
2025.11.14	00:58:50.321	0.88364	0.88387			6
2025.11.14	00:59:00.388	0.88364				2
2025.11.14	00:59:01.690	0.88369	0.88413			6
2025.11.14	00:59:02.386		0.88412			4
2025.11.14	00:59:03.279	0.88368	0.88413			6
2025.11.14	00:59:04.378	0.88373	0.88406			6
2025.11.14	00:59:05.589	0.88375	0.88407			6
2025.11.14	00:59:07.709	0.88373				2
2025.11.14	00:59:08.406	0.88374				2
2025.11.14	00:59:08.932	0.88375	0.88406			6
2025.11.14	00:59:16.893	0.88370	0.88411			6
2025.11.14	00:59:18.601	0.88369				2
2025.11.14	00:59:19.595		0.88413			4
2025.11.14	00:59:19.940	0.88368				2
2025.11.14	00:59:23.402	0.88367	0.88414			6
2025.11.14	00:59:23.729	0.88368	0.88413			6
2025.11.14	00:59:26.757	0.88369	0.88411			6
2025.11.14	00:59:28.185	0.88370				2
2025.11.14	00:59:28.973	0.88369	0.88402			6
2025.11.14	00:59:29.705	0.88364	0.88396			6
2025.11.14	00:59:35.271		0.88397			4
2025.11.14	00:59:35.579		0.88396			4
2025.11.14	00:59:36.085		0.88395			4
2025.11.14	00:59:37.649		0.88397			4
2025.11.14	00:59:40.664		0.88395			4
2025.11.14	00:59:44.309		0.88396			4
2025.11.14	00:59:46.127	0.88363	0.88395			6
2025.11.14	00:59:48.171		0.88394			4
2025.11.14	00:59:51.717		0.88393			4
2025.11.14	00:59:52.443	0.88364	0.88394			6
2025.11.14	00:59:55.404	0.88373	0.88416			6
2025.11.14	00:59:55.762		0.88415			4
2025.11.14	00:59:56.699	0.88372	0.88416			6
2025.11.14	00:59:58.147	0.88373	0.88414			6
2025.11.14	00:59:58.886		0.88415			4
2025.11.14	01:00:00.271	0.88372	0.88420			6
2025.11.14	01:00:00.581	0.88367	0.88414			6
2025.11.14	01:00:00.900		0.88418			4
2025.11.14	01:00:01.204	0.88364	0.88385			6
2025.11.14	01:00:01.520	0.88345	0.88373			6
2025.11.14	01:00:01.829	0.88343	0.88381			6
2025.11.14	01:00:02.139	0.88287	0.88348			6
2025.11.14	01:00:02.446	0.88300	0.88335			6
2025.11.14	01:00:02.761	0.88268	0.88367			6
2025.11.14	01:00:03.081		0.88368			4
2025.11.14	01:00:03.398	0.88276	0.88375			6
2025.11.14	01:00:03.704	0.88282	0.88348			6
2025.11.14	01:00:04.045	0.88300	0.88343			6
2025.11.14	01:00:04.349	0.88301	0.88342			6
2025.11.14	01:00:04.651	0.88285	0.88337			6
2025.11.14	01:00:05.000	0.88276	0.88335			6
2025.11.14	01:00:05.304	0.88300	0.88342			6
2025.11.14	01:00:05.651	0.88282	0.88336			6
2025.11.14	01:00:05.955	0.88280	0.88340			6
2025.11.14	01:00:06.256	0.88282	0.88341			6
2025.11.14	01:00:06.605	0.88279	0.88340			6
2025.11.14	01:00:06.908	0.88290	0.88330			6
2025.11.14	01:00:07.257	0.88284	0.88326			6
2025.11.14	01:00:07.559	0.88286	0.88323			6
2025.11.14	01:00:07.871	0.88289	0.88320			6
2025.11.14	01:00:08.326	0.88300	0.88360			6
2025.11.14	01:00:08.639	0.88304				2
2025.11.14	01:00:09.170	0.88305	0.88354			6
2025.11.14	01:00:10.220	0.88310	0.88346			6
2025.11.14	01:00:10.595		0.88345			4
2025.11.14	01:00:11.469	0.88309	0.88348			6
2025.11.14	01:00:11.823	0.88310	0.88347			6
2025.11.14	01:00:12.213	0.88313	0.88348			6
2025.11.14	01:00:12.518	0.88317	0.88356			6
2025.11.14	01:00:13.302		0.88354			4
2025.11.14	01:00:13.692		0.88352			4
2025.11.14	01:00:14.399		0.88356			4
2025.11.14	01:00:15.293	0.88319	0.88364			6
2025.11.14	01:00:15.652	0.88333	0.88360			6
2025.11.14	01:00:15.954	0.88325	0.88366			6
2025.11.14	01:00:16.727	0.88324	0.88368			6
2025.11.14	01:00:17.039		0.88366			4
2025.11.14	01:00:18.459	0.88323	0.88365			6
2025.11.14	01:00:18.790	0.88324				2
2025.11.14	01:00:19.297	0.88321	0.88360			6
2025.11.14	01:00:19.598	0.88326	0.88361			6
2025.11.14	01:00:19.921		0.88355			4
2025.11.14	01:00:20.596		0.88351			4
2025.11.14	01:00:21.054	0.88302	0.88339			6
2025.11.14	01:00:21.361	0.88304				2
2025.11.14	01:00:21.678	0.88302	0.88341			6
2025.11.14	01:00:22.362	0.88333	0.88356			6
2025.11.14	01:00:23.115	0.88328	0.88366			6
2025.11.14	01:00:23.951	0.88324				2
2025.11.14	01:00:24.280	0.88323				2
2025.11.14	01:00:24.607	0.88322				2
2025.11.14	01:00:24.999	0.88323	0.88361			6
2025.11.14	01:00:25.343		0.88362			4
2025.11.14	01:00:25.646	0.88324				2
2025.11.14	01:00:26.034	0.88328				2
2025.11.14	01:00:26.339	0.88330	0.88366			6
2025.11.14	01:00:26.723	0.88332	0.88358			6
2025.11.14	01:00:27.038	0.88333	0.88357			6
2025.11.14	01:00:27.344	0.88324	0.88349			6
2025.11.14	01:00:27.659	0.88325	0.88347			6
2025.11.14	01:00:28.296		0.88348			4
2025.11.14	01:00:28.604		0.88347			4
2025.11.14	01:00:30.463	0.88326				2
2025.11.14	01:00:31.476	0.88328				2
2025.11.14	01:00:32.167	0.88327				2
2025.11.14	01:00:33.350		0.88343			4
2025.11.14	01:00:33.842	0.88328				2
2025.11.14	01:00:35.272	0.88326				2
2025.11.14	01:00:36.374		0.88342			4
2025.11.14	01:00:38.294	0.88334	0.88343			6
2025.11.14	01:00:38.624	0.88332				2
2025.11.14	01:00:39.657	0.88333				2
2025.11.14	01:00:40.130	0.88334				2
2025.11.14	01:00:40.476	0.88330				2
2025.11.14	01:00:41.196	0.88333				2
2025.11.14	01:00:42.016	0.88338				2
2025.11.14	01:00:42.341	0.88329				2
2025.11.14	01:00:43.182	0.88330				2
2025.11.14	01:00:43.543	0.88335	0.88344			6
2025.11.14	01:00:43.859		0.88343			4
2025.11.14	01:00:44.374		0.88357			4
2025.11.14	01:00:44.698		0.88353			4
2025.11.14	01:00:45.321	0.88324	0.88347			6
2025.11.14	01:00:46.989	0.88325	0.88348			6
2025.11.14	01:00:47.308	0.88324	0.88347			6
2025.11.14	01:00:48.166	0.88339	0.88353			6
2025.11.14	01:00:48.478	0.88336				2
2025.11.14	01:00:48.851	0.88337				2
2025.11.14	01:00:50.450	0.88339				2
2025.11.14	01:00:50.843	0.88340				2
2025.11.14	01:00:51.219	0.88341	0.88352			6
2025.11.14	01:00:52.919	0.88342				2
2025.11.14	01:00:53.448	0.88341				2
2025.11.14	01:00:54.444	0.88342				2
2025.11.14	01:00:55.824	0.88344				2
2025.11.14	01:00:56.394	0.88345				2
2025.11.14	01:00:58.132	0.88347				2
2025.11.14	01:00:59.838	0.88339				2
2025.11.14	01:01:00.217	0.88340				2
2025.11.14	01:01:00.542	0.88343				2
2025.11.14	01:01:01.024	0.88344				2
2025.11.14	01:01:01.709	0.88343				2
2025.11.14	01:01:02.018	0.88344	0.88356			6
2025.11.14	01:01:02.397	0.88341				2
2025.11.14	01:01:03.242	0.88347	0.88361			6
2025.11.14	01:01:03.564	0.88351	0.88366			6
2025.11.14	01:01:05.549		0.88364			4
2025.11.14	01:01:05.853	0.88349	0.88363			6
2025.11.14	01:01:06.283	0.88348	0.88362			6
2025.11.14	01:01:06.741		0.88360			4
2025.11.14	01:01:08.893	0.88342	0.88355			6
2025.11.14	01:01:09.195	0.88341				2
2025.11.14	01:01:10.079	0.88343				2
2025.11.14	01:01:11.979	0.88341	0.88354			6
2025.11.14	01:01:12.343		0.88355			4
2025.11.14	01:01:12.658	0.88342	0.88352			6
2025.11.14	01:01:14.324		0.88353			4
2025.11.14	01:01:16.069	0.88345	0.88358			6
2025.11.14	01:01:18.690	0.88344	0.88356			6
2025.11.14	01:01:19.561	0.88341				2
2025.11.14	01:01:22.386	0.88342	0.88355			6
2025.11.14	01:01:22.698		0.88356			4
2025.11.14	01:01:23.062	0.88337	0.88352			6
2025.11.14	01:01:26.726		0.88353			4
2025.11.14	01:01:28.421	0.88339				2
2025.11.14	01:01:30.231		0.88354			4
2025.11.14	01:01:32.225	0.88337	0.88352			6
2025.11.14	01:01:33.197	0.88336	0.88351			6
2025.11.14	01:01:34.732	0.88337	0.88353			6
2025.11.14	01:01:35.594	0.88338				2
2025.11.14	01:01:36.116		0.88351			4
2025.11.14	01:01:38.482		0.88352			4
2025.11.14	01:01:38.790		0.88351			4
2025.11.14	01:01:39.450	0.88343	0.88358			6
2025.11.14	01:01:40.181		0.88359			4
2025.11.14	01:01:41.066	0.88342	0.88358			6
2025.11.14	01:01:41.631		0.88357			4
2025.11.14	01:01:42.431	0.88343	0.88358			6
2025.11.14	01:01:42.836	0.88346	0.88360			6
2025.11.14	01:01:45.233		0.88359			4
2025.11.14	01:01:46.373		0.88360			4
2025.11.14	01:01:46.789	0.88352	0.88366			6
2025.11.14	01:01:49.190		0.88367			4
2025.11.14	01:01:49.903	0.88353				2
2025.11.14	01:01:50.317	0.88352	0.88366			6
2025.11.14	01:01:51.117	0.88358	0.88373			6
2025.11.14	01:01:51.467		0.88372			4
2025.11.14	01:01:52.106		0.88370			4
2025.11.14	01:01:54.548		0.88373			4
2025.11.14	01:01:55.346		0.88372			4
2025.11.14	01:01:56.447		0.88373			4
2025.11.14	01:01:56.759	0.88362				2
2025.11.14	01:01:57.373	0.88364	0.88376			6
2025.11.14	01:01:57.718	0.88365	0.88378			6
2025.11.14	01:01:58.053	0.88364	0.88377			6
2025.11.14	01:01:58.380	0.88369	0.88383			6
2025.11.14	01:01:59.201	0.88368				2
2025.11.14	01:02:00.292	0.88368				2
2025.11.14	01:02:00.691		0.88382			4
2025.11.14	01:02:04.496	0.88367	0.88381			6
2025.11.14	01:02:06.380	0.88366	0.88379			6
2025.11.14	01:02:07.940	0.88365	0.88378			6
2025.11.14	01:02:08.366	0.88364	0.88375			6
2025.11.14	01:02:08.873		0.88378			4
2025.11.14	01:02:10.731	0.88371	0.88381			6
2025.11.14	01:02:11.057	0.88365	0.88375			6
2025.11.14	01:02:11.359	0.88362	0.88372			6
2025.11.14	01:02:15.076		0.88371			4
2025.11.14	01:02:17.692	0.88363	0.88372			6
2025.11.14	01:02:18.068		0.88371			4
2025.11.14	01:02:18.383		0.88372			4
2025.11.14	01:02:18.866		0.88373			4
2025.11.14	01:02:19.588	0.88362				2
2025.11.14	01:02:20.357	0.88365	0.88378			6
2025.11.14	01:02:21.588	0.88363	0.88373			6
2025.11.14	01:02:22.039	0.88367	0.88380			6
2025.11.14	01:02:22.431	0.88365	0.88379			6
2025.11.14	01:02:22.742	0.88364	0.88376			6
2025.11.14	01:02:23.195		0.88377			4
2025.11.14	01:02:23.708	0.88365	0.88375			6
2025.11.14	01:02:24.146		0.88378			4
2025.11.14	01:02:24.489	0.88368	0.88381			6
2025.11.14	01:02:27.275	0.88367	0.88379			6
2025.11.14	01:02:30.372	0.88369	0.88381			6
2025.11.14	01:02:32.264	0.88370				2
2025.11.14	01:02:33.490	0.88372	0.88385			6
2025.11.14	01:02:34.101		0.88382			4
2025.11.14	01:02:35.583		0.88381			4
2025.11.14	01:02:35.910	0.88371				2
2025.11.14	01:02:36.231	0.88375	0.88388			6
2025.11.14	01:02:36.539	0.88376				2
2025.11.14	01:02:40.243	0.88378	0.88381			6
2025.11.14	01:02:41.167	0.88377	0.88380			6
2025.11.14	01:02:41.498	0.88378	0.88381			6
2025.11.14	01:02:42.420	0.88379	0.88382			6
2025.11.14	01:02:43.658	0.88376	0.88386			6
2025.11.14	01:02:45.377	0.88377	0.88387			6
2025.11.14	01:02:49.421	0.88384	0.88394			6
2025.11.14	01:02:50.302	0.88383	0.88393			6
2025.11.14	01:02:51.222	0.88381	0.88391			6
2025.11.14	01:02:53.335	0.88383				2
2025.11.14	01:02:56.287	0.88384	0.88390			6
2025.11.14	01:03:00.182	0.88384				2
2025.11.14	01:03:01.418	0.88383				2
2025.11.14	01:03:03.473	0.88384	0.88389			6
2025.11.14	01:03:03.787	0.88385	0.88390			6
2025.11.14	01:03:05.346	0.88384				2
2025.11.14	01:03:06.831	0.88383				2
2025.11.14	01:03:07.530	0.88384				2
2025.11.14	01:03:09.238	0.88382				2
2025.11.14	01:03:09.627	0.88385				2
2025.11.14	01:03:10.753	0.88380	0.88388			6
2025.11.14	01:03:11.059	0.88381				2
2025.11.14	01:03:11.615	0.88382	0.88389			6
2025.11.14	01:03:12.381	0.88383				2
2025.11.14	01:03:12.780	0.88381	0.88388			6
2025.11.14	01:03:13.353		0.88387			4
2025.11.14	01:03:13.667	0.88382				2
2025.11.14	01:03:14.843	0.88383				2
2025.11.14	01:03:15.376	0.88381				2
2025.11.14	01:03:19.582		0.88386			4
2025.11.14	01:03:20.331	0.88380				2
2025.11.14	01:03:20.915	0.88378	0.88385			6
2025.11.14	01:03:22.780	0.88376				2
2025.11.14	01:03:25.915	0.88381				2
2025.11.14	01:03:26.592	0.88382				2
2025.11.14	01:03:27.116	0.88381				2
2025.11.14	01:03:30.341	0.88376				2
2025.11.14	01:03:33.500		0.88384			4
2025.11.14	01:03:33.878	0.88377				2
2025.11.14	01:03:41.757	0.88376				2
2025.11.14	01:03:43.166	0.88377	0.88385			6
2025.11.14	01:03:44.666	0.88378				2
2025.11.14	01:03:51.222	0.88377				2
2025.11.14	01:03:52.835		0.88386			4
2025.11.14	01:04:00.395	0.88378				2
2025.11.14	01:04:00.727	0.88377				2
2025.11.14	01:04:02.030	0.88378				2
2025.11.14	01:04:05.355	0.88377				2
2025.11.14	01:04:06.832	0.88378				2
2025.11.14	01:04:08.437	0.88377				2
2025.11.14	01:04:09.932	0.88379				2
2025.11.14	01:04:10.758	0.88380				2
2025.11.14	01:04:11.332	0.88381				2
2025.11.14	01:04:14.226	0.88382	0.88387			6
2025.11.14	01:04:14.582		0.88388			4
2025.11.14	01:04:16.717	0.88377	0.88387			6
2025.11.14	01:04:18.494		0.88386			4
2025.11.14	01:04:22.716	0.88376				2
2025.11.14	01:04:24.531	0.88377				2
2025.11.14	01:04:26.754	0.88379				2
2025.11.14	01:04:27.769	0.88377				2
2025.11.14	01:04:28.499	0.88378				2
2025.11.14	01:04:29.816	0.88379				2
2025.11.14	01:04:32.759	0.88382	0.88387			6
2025.11.14	01:04:33.129	0.88381				2
2025.11.14	01:04:35.014	0.88378	0.88386			6
2025.11.14	01:04:35.440	0.88381	0.88390			6
2025.11.14	01:04:36.376	0.88380	0.88388			6
2025.11.14	01:04:36.678	0.88379				2
2025.11.14	01:04:37.654		0.88387			4
2025.11.14	01:04:37.963	0.88377				2
2025.11.14	01:04:41.056		0.88386			4
2025.11.14	01:04:48.192	0.88378				2
2025.11.14	01:04:49.889	0.88379				2
2025.11.14	01:04:50.190		0.88382			4
2025.11.14	01:04:53.139	0.88380				2
2025.11.14	01:04:54.048	0.88378	0.88384			6
2025.11.14	01:04:55.348	0.88377				2
2025.11.14	01:04:56.433	0.88378				2
2025.11.14	01:05:00.353	0.88377	0.88383			6
2025.11.14	01:05:00.679	0.88373	0.88382			6
2025.11.14	01:05:03.470	0.88374				2
2025.11.14	01:05:14.299		0.88381			4
2025.11.14	01:05:14.630	0.88375				2
2025.11.14	01:05:15.293		0.88382			4
2025.11.14	01:05:16.627		0.88381			4
2025.11.14	01:05:26.032	0.88374				2
2025.11.14	01:05:27.017	0.88363	0.88369			6
2025.11.14	01:05:27.320		0.88368			4
2025.11.14	01:05:28.091	0.88359	0.88365			6
2025.11.14	01:05:28.417	0.88357	0.88366			6
2025.11.14	01:05:28.725	0.88358				2
2025.11.14	01:05:29.550	0.88359				2
2025.11.14	01:05:31.196		0.88368			4
2025.11.14	01:05:31.498	0.88361				2
2025.11.14	01:05:36.231	0.88362				2
2025.11.14	01:05:41.331	0.88361				2
2025.11.14	01:05:49.131	0.88362				2
2025.11.14	01:05:51.831	0.88361				2
2025.11.14	01:05:53.550		0.88369			4
2025.11.14	01:05:55.344	0.88362				2
2025.11.14	01:05:59.208		0.88368			4
2025.11.14	01:05:59.587	0.88361				2
2025.11.14	01:06:00.319	0.88360				2
2025.11.14	01:06:02.632	0.88358	0.88363			6
2025.11.14	01:06:13.693		0.88364			4
2025.11.14	01:06:22.833		0.88365			4
2025.11.14	01:06:23.599	0.88360	0.88367			6
2025.11.14	01:06:23.920	0.88361				2
2025.11.14	01:06:24.347	0.88364	0.88370			6
2025.11.14	01:06:24.780	0.88365	0.88371			6
2025.11.14	01:06:25.269	0.88367	0.88375			6
2025.11.14	01:06:25.580	0.88368				2
2025.11.14	01:06:26.452	0.88367				2
2025.11.14	01:06:28.131		0.88374			4
2025.11.14	01:06:31.392	0.88366	0.88373			6
2025.11.14	01:06:35.785	0.88367				2
2025.11.14	01:06:36.089	0.88368	0.88375			6
2025.11.14	01:06:37.110	0.88364	0.88373			6
2025.11.14	01:06:37.416		0.88372			4
2025.11.14	01:06:38.302	0.88366	0.88373			6
2025.11.14	01:06:38.697	0.88365	0.88374			6
2025.11.14	01:06:39.456		0.88373			4
2025.11.14	01:06:40.069	0.88371	0.88379			6
2025.11.14	01:06:41.473		0.88380			4
2025.11.14	01:06:45.361		0.88379			4
2025.11.14	01:06:47.330		0.88380			4
2025.11.14	01:06:47.638		0.88378			4
2025.11.14	01:06:59.931		0.88379			4
2025.11.14	01:07:00.351	0.88371				2
2025.11.14	01:07:11.408	0.88370				2
2025.11.14	01:07:15.661		0.88378			4
2025.11.14	01:07:17.931		0.88379			4
2025.11.14	01:07:20.030		0.88378			4
2025.11.14	01:07:22.004	0.88371	0.88379			6
2025.11.14	01:07:23.103	0.88372				2
2025.11.14	01:07:25.131		0.88380			4
2025.11.14	01:07:25.439	0.88377	0.88381			6
2025.11.14	01:07:36.087	0.88375				2
2025.11.14	01:07:36.398	0.88374	0.88380			6
2025.11.14	01:07:36.811		0.88381			4
2025.11.14	01:07:37.203	0.88375	0.88380			6
2025.11.14	01:07:39.429	0.88374				2
2025.11.14	01:07:41.030		0.88381			4
2025.11.14	01:07:41.832	0.88373	0.88380			6
2025.11.14	01:07:45.380	0.88374				2
2025.11.14	01:07:52.732	0.88373				2
2025.11.14	01:07:55.384	0.88374				2
2025.11.14	01:08:00.640	0.88374				2
2025.11.14	01:08:02.330		0.88379			4
2025.11.14	01:08:04.131		0.88380			4
2025.11.14	01:08:08.085	0.88375				2
2025.11.14	01:08:17.666	0.88378	0.88384			6
2025.11.14	01:08:22.605		0.88383			4
2025.11.14	01:08:30.179		0.88380			4
2025.11.14	01:08:30.495		0.88381			4
2025.11.14	01:08:30.801		0.88380			4
2025.11.14	01:08:31.620		0.88381			4
2025.11.14	01:08:32.807		0.88382			4
2025.11.14	01:08:33.721	0.88379	0.88383			6
2025.11.14	01:08:35.335	0.88381	0.88384			6
2025.11.14	01:08:35.638		0.88383			4
2025.11.14	01:08:36.556	0.88380	0.88382			6
2025.11.14	01:08:41.331		0.88383			4
2025.11.14	01:08:42.626	0.88381				2
2025.11.14	01:08:46.150		0.88382			4
2025.11.14	01:08:47.173		0.88385			4
2025.11.14	01:08:51.241		0.88386			4
2025.11.14	01:08:51.558	0.88380	0.88385			6
2025.11.14	01:08:56.324	0.88379				2
2025.11.14	01:09:01.508	0.88379				2
2025.11.14	01:09:04.552	0.88380	0.88383			6
2025.11.14	01:09:06.269		0.88386			4
2025.11.14	01:09:06.578	0.88379	0.88383			6
2025.11.14	01:09:06.912	0.88383	0.88384			6
2025.11.14	01:09:07.404	0.88380	0.88383			6
2025.11.14	01:09:07.759		0.88385			4
2025.11.14	01:09:09.039		0.88384			4
2025.11.14	01:09:10.020		0.88385			4
2025.11.14	01:09:16.291	0.88382				2
2025.11.14	01:09:16.598	0.88384				2
2025.11.14	01:09:17.619	0.88381				2
2025.11.14	01:09:21.477		0.88384			4
2025.11.14	01:09:23.440		0.88387			4
2025.11.14	01:09:23.747		0.88385			4
2025.11.14	01:09:25.280		0.88384			4
2025.11.14	01:09:26.065	0.88382	0.88383			6
2025.11.14	01:09:26.816		0.88384			4
2025.11.14	01:09:27.784	0.88381				2
2025.11.14	01:09:28.853		0.88382			4
2025.11.14	01:09:30.232		0.88385			4
2025.11.14	01:09:33.641	0.88382				2
2025.11.14	01:09:36.193	0.88381				2
2025.11.14	01:09:38.282	0.88380				2
2025.11.14	01:09:39.341	0.88382	0.88389			6
2025.11.14	01:09:39.656		0.88386			4
2025.11.14	01:09:40.259		0.88385			4
2025.11.14	01:09:50.759	0.88379				2
2025.11.14	01:09:51.313	0.88381				2
2025.11.14	01:09:52.131	0.88380				2
2025.11.14	01:09:53.072		0.88384			4
2025.11.14	01:09:54.831	0.88379				2
2025.11.14	01:09:56.021	0.88378	0.88383			6
2025.11.14	01:09:56.332	0.88377				2
2025.11.14	01:09:58.133	0.88378				2
2025.11.14	01:09:58.608	0.88379				2
2025.11.14	01:10:00.203	0.88381				2
2025.11.14	01:10:01.250	0.88382				2
2025.11.14	01:10:01.574	0.88384	0.88387			6
2025.11.14	01:10:01.880	0.88386				2
2025.11.14	01:10:02.183		0.88389			4
2025.11.14	01:10:05.459	0.88385	0.88390			6
2025.11.14	01:10:12.529	0.88389	0.88391			6
2025.11.14	01:10:13.525	0.88390				2
2025.11.14	01:10:14.799		0.88394			4
2025.11.14	01:10:15.135	0.88392	0.88395			6
2025.11.14	01:10:15.438	0.88393	0.88397			6
2025.11.14	01:10:16.767		0.88398			4
2025.11.14	01:10:17.279		0.88399			4
2025.11.14	01:10:20.328	0.88411	0.88416			6
2025.11.14	01:10:20.638	0.88409	0.88414			6
2025.11.14	01:10:21.893	0.88411	0.88415			6
2025.11.14	01:10:22.693	0.88410	0.88416			6
2025.11.14	01:10:22.999	0.88416	0.88421			6
2025.11.14	01:10:23.318	0.88417	0.88423			6
2025.11.14	01:10:23.624		0.88421			4
2025.11.14	01:10:24.447		0.88422			4
2025.11.14	01:10:25.302	0.88419	0.88424			6
2025.11.14	01:10:29.303	0.88421	0.88427			6
2025.11.14	01:10:29.618	0.88425	0.88430			6
2025.11.14	01:10:29.922	0.88428	0.88432			6
2025.11.14	01:10:30.278		0.88431			4
2025.11.14	01:10:30.883	0.88423	0.88428			6
2025.11.14	01:10:31.204	0.88424	0.88429			6
2025.11.14	01:10:31.510	0.88430	0.88435			6
2025.11.14	01:10:32.666	0.88431	0.88437			6
2025.11.14	01:10:33.162	0.88430	0.88435			6
2025.11.14	01:10:33.524	0.88438	0.88445			6
2025.11.14	01:10:34.509	0.88436	0.88443			6
2025.11.14	01:10:36.080	0.88437	0.88440			6
2025.11.14	01:10:36.410	0.88436				2
2025.11.14	01:10:37.302		0.88442			4
2025.11.14	01:10:37.618		0.88443			4
2025.11.14	01:10:38.190	0.88438				2
2025.11.14	01:10:40.238	0.88436	0.88442			6
2025.11.14	01:10:40.546	0.88440	0.88444			6
2025.11.14	01:10:40.860	0.88438				2
2025.11.14	01:10:41.169	0.88436	0.88441			6
2025.11.14	01:10:41.472	0.88435				2
2025.11.14	01:10:42.789	0.88428	0.88433			6
2025.11.14	01:10:43.306	0.88429				2
2025.11.14	01:10:43.808	0.88430				2
2025.11.14	01:10:45.748	0.88421	0.88425			6
2025.11.14	01:10:46.393	0.88422	0.88426			6
2025.11.14	01:10:46.863	0.88423				2
2025.11.14	01:10:47.302		0.88427			4
2025.11.14	01:10:48.299	0.88422				2
2025.11.14	01:10:49.226	0.88424	0.88428			6
2025.11.14	01:10:50.651	0.88425	0.88429			6
2025.11.14	01:10:52.680	0.88427	0.88432			6
2025.11.14	01:10:54.836		0.88431			4
2025.11.14	01:10:55.664	0.88433	0.88439			6
2025.11.14	01:10:56.005	0.88441	0.88446			6
2025.11.14	01:10:56.320	0.88444	0.88450			6
2025.11.14	01:10:56.621		0.88449			4
2025.11.14	01:10:57.633	0.88443	0.88447			6
2025.11.14	01:10:57.963		0.88446			4
2025.11.14	01:11:00.231	0.88443				2
2025.11.14	01:11:00.582	0.88434	0.88439			6
2025.11.14	01:11:01.406	0.88431	0.88436			6
2025.11.14	01:11:01.708	0.88432				2
2025.11.14	01:11:02.078	0.88433	0.88435			6
2025.11.14	01:11:02.383	0.88431				2
2025.11.14	01:11:03.264		0.88434			4
2025.11.14	01:11:04.322	0.88434	0.88438			6
2025.11.14	01:11:04.674	0.88427	0.88431			6
2025.11.14	01:11:05.001	0.88432	0.88436			6
2025.11.14	01:11:05.363	0.88433	0.88438			6
2025.11.14	01:11:06.231		0.88439			4
2025.11.14	01:11:07.372	0.88431	0.88435			6
2025.11.14	01:11:07.677		0.88434			4
2025.11.14	01:11:09.387	0.88433	0.88436			6
2025.11.14	01:11:09.763		0.88437			4
2025.11.14	01:11:11.914		0.88436			4
2025.11.14	01:11:12.221		0.88437			4
2025.11.14	01:11:12.539		0.88436			4
2025.11.14	01:11:13.372		0.88437			4
2025.11.14	01:11:16.897		0.88439			4
2025.11.14	01:11:20.781		0.88438			4
2025.11.14	01:11:21.839	0.88434				2
2025.11.14	01:11:22.765	0.88435	0.88440			6
2025.11.14	01:11:23.994	0.88437	0.88443			6
2025.11.14	01:11:26.849	0.88439				2
2025.11.14	01:11:27.158	0.88444	0.88449			6
2025.11.14	01:11:27.569	0.88445				2
2025.11.14	01:11:29.031		0.88450			4
2025.11.14	01:11:29.339		0.88449			4
2025.11.14	01:11:29.985		0.88448			4
2025.11.14	01:11:31.042	0.88444				2
2025.11.14	01:11:32.154		0.88449			4
2025.11.14	01:11:35.303	0.88443				2
2025.11.14	01:11:36.042	0.88444				2
2025.11.14	01:11:36.483	0.88443				2
2025.11.14	01:11:36.822		0.88448			4
2025.11.14	01:11:37.528	0.88442				2
2025.11.14	01:11:37.838	0.88443				2
2025.11.14	01:11:38.399	0.88444				2
2025.11.14	01:11:38.989		0.88449			4
2025.11.14	01:11:39.307		0.88448			4
2025.11.14	01:11:41.953	0.88442				2
2025.11.14	01:11:43.731		0.88447			4
2025.11.14	01:11:44.840	0.88443				2
2025.11.14	01:11:46.573		0.88449			4
2025.11.14	01:11:48.350	0.88444				2
2025.11.14	01:11:50.631		0.88448			4
2025.11.14	01:11:52.378		0.88449			4
2025.11.14	01:11:54.409		0.88450			4
2025.11.14	01:11:56.180	0.88443	0.88446			6
2025.11.14	01:11:58.070	0.88442				2
2025.11.14	01:12:00.615	0.88440				2
2025.11.14	01:12:00.935		0.88445			4
2025.11.14	01:12:01.921		0.88446			4
2025.11.14	01:12:02.224	0.88441	0.88445			6
2025.11.14	01:12:02.579	0.88442	0.88447			6
2025.11.14	01:12:03.020		0.88446			4
2025.11.14	01:12:03.549		0.88448			4
2025.11.14	01:12:06.375	0.88443	0.88447			6
2025.11.14	01:12:06.679	0.88441	0.88448			6
2025.11.14	01:12:07.998		0.88447			4
2025.11.14	01:12:08.696	0.88442	0.88446			6
2025.11.14	01:12:10.783	0.88444	0.88448			6
2025.11.14	01:12:11.099	0.88443	0.88447			6
2025.11.14	01:12:11.560	0.88442	0.88446			6
2025.11.14	01:12:12.056		0.88447			4
2025.11.14	01:12:17.567	0.88444	0.88450			6
2025.11.14	01:12:17.880	0.88445				2
2025.11.14	01:12:18.312	0.88444	0.88451			6
2025.11.14	01:12:20.659	0.88443				2
2025.11.14	01:12:21.025	0.88446	0.88453			6
2025.11.14	01:12:23.179	0.88447				2
2025.11.14	01:12:27.618	0.88452	0.88459			6
2025.11.14	01:12:28.011	0.88455	0.88460			6
2025.11.14	01:12:28.341	0.88458	0.88467			6
2025.11.14	01:12:29.121	0.88459	0.88466			6
2025.11.14	01:12:30.086		0.88467			4
2025.11.14	01:12:31.302		0.88466			4
2025.11.14	01:12:31.606		0.88465			4
2025.11.14	01:12:32.713	0.88456	0.88460			6
2025.11.14	01:12:33.222	0.88455	0.88459			6
2025.11.14	01:12:33.582		0.88460			4
2025.11.14	01:12:34.251		0.88459			4
2025.11.14	01:12:36.139	0.88451	0.88456			6
2025.11.14	01:12:36.444	0.88447	0.88451			6
2025.11.14	01:12:37.880	0.88442	0.88446			6
2025.11.14	01:12:38.918		0.88447			4
2025.11.14	01:12:39.222	0.88439	0.88444			6
2025.11.14	01:12:40.509	0.88438				2
2025.11.14	01:12:41.362		0.88443			4
2025.11.14	01:12:42.286		0.88444			4
2025.11.14	01:12:45.605		0.88443			4
2025.11.14	01:12:48.379		0.88442			4
2025.11.14	01:12:49.385		0.88443			4
2025.11.14	01:12:51.538	0.88437				2
2025.11.14	01:12:53.749	0.88438				2
2025.11.14	01:12:56.563	0.88439				2
2025.11.14	01:12:57.856	0.88441	0.88445			6
2025.11.14	01:13:00.352	0.88441				2
2025.11.14	01:13:00.672		0.88446			4
2025.11.14	01:13:01.162	0.88440	0.88445			6
2025.11.14	01:13:04.947	0.88439	0.88444			6
2025.11.14	01:13:05.928		0.88445			4
2025.11.14	01:13:06.985		0.88444			4
2025.11.14	01:13:07.308	0.88443	0.88447			6
2025.11.14	01:13:10.163	0.88442				2
2025.11.14	01:13:12.347	0.88444	0.88449			6
2025.11.14	01:13:12.660		0.88450			4
2025.11.14	01:13:13.197	0.88445				2
2025.11.14	01:13:22.225	0.88443	0.88448			6
2025.11.14	01:13:23.708	0.88441	0.88445			6
2025.11.14	01:13:24.961	0.88440	0.88444			6
2025.11.14	01:13:27.804	0.88439	0.88443			6
2025.11.14	01:13:31.335		0.88442			4
2025.11.14	01:13:31.730	0.88438				2
2025.11.14	01:13:33.526		0.88443			4
2025.11.14	01:13:34.440	0.88436	0.88440			6
2025.11.14	01:13:34.886	0.88438	0.88442			6
2025.11.14	01:13:35.931	0.88437				2
2025.11.14	01:13:36.240		0.88443			4
2025.11.14	01:13:36.542	0.88439				2
2025.11.14	01:13:45.681	0.88440				2
2025.11.14	01:14:00.609	0.88440				2
2025.11.14	01:14:01.435	0.88434	0.88437			6
2025.11.14	01:14:01.740	0.88428	0.88432			6
2025.11.14	01:14:03.617		0.88431			4
2025.11.14	01:14:04.714		0.88432			4
2025.11.14	01:14:10.973		0.88433			4
2025.11.14	01:14:11.464		0.88432			4
2025.11.14	01:14:12.346	0.88429				2
2025.11.14	01:14:13.945		0.88433			4
2025.11.14	01:14:14.394	0.88430	0.88434			6
2025.11.14	01:14:17.701	0.88434	0.88441			6
2025.11.14	01:14:18.019	0.88433	0.88439			6
2025.11.14	01:14:18.964	0.88441	0.88444			6
2025.11.14	01:14:19.600		0.88446			4
2025.11.14	01:14:19.942	0.88442	0.88447			6
2025.11.14	01:14:20.279	0.88443				2
2025.11.14	01:14:23.032		0.88448			4
2025.11.14	01:14:30.303	0.88444				2
2025.11.14	01:14:31.550	0.88446	0.88449			6
2025.11.14	01:14:32.748	0.88444	0.88448			6
2025.11.14	01:14:33.186		0.88447			4
2025.11.14	01:14:33.496		0.88448			4
2025.11.14	01:14:35.611	0.88443				2
2025.11.14	01:14:36.016	0.88444				2
2025.11.14	01:14:37.313		0.88449			4
2025.11.14	01:14:39.513		0.88448			4
2025.11.14	01:14:40.194		0.88449			4
2025.11.14	01:14:41.119		0.88448			4
2025.11.14	01:14:41.470	0.88443				2
2025.11.14	01:14:50.991	0.88445	0.88449			6
2025.11.14	01:14:52.015	0.88449	0.88453			6
2025.11.14	01:14:52.653	0.88450	0.88455			6
2025.11.14	01:14:54.109		0.88454			4
2025.11.14	01:14:55.609		0.88455			4
2025.11.14	01:14:57.830		0.88456			4
2025.11.14	01:15:00.315	0.88450				2
2025.11.14	01:15:00.680	0.88448				2
2025.11.14	01:15:02.465		0.88455			4
2025.11.14	01:15:09.015	0.88455	0.88460			6
2025.11.14	01:15:10.118	0.88456	0.88461			6
2025.11.14	01:15:10.577		0.88460			4
2025.11.14	01:15:10.878		0.88459			4
2025.11.14	01:15:11.282		0.88460			4
2025.11.14	01:15:11.921	0.88451	0.88458			6
2025.11.14	01:15:12.238		0.88457			4
2025.11.14	01:15:14.302	0.88450	0.88456			6
2025.11.14	01:15:15.252		0.88455			4
2025.11.14	01:15:17.279		0.88456			4
2025.11.14	01:15:18.344		0.88455			4
2025.11.14	01:15:20.299	0.88449				2
2025.11.14	01:15:20.684	0.88451	0.88456			6
2025.11.14	01:15:21.001	0.88447	0.88452			6
2025.11.14	01:15:21.568		0.88451			4
2025.11.14	01:15:26.102		0.88452			4
2025.11.14	01:15:26.479		0.88451			4
2025.11.14	01:15:29.154	0.88446				2
2025.11.14	01:15:30.702		0.88449			4
2025.11.14	01:15:31.110	0.88447	0.88450			6
2025.11.14	01:15:35.445	0.88445	0.88449			6
2025.11.14	01:15:35.760	0.88449	0.88454			6
2025.11.14	01:15:37.431	0.88450				2
2025.11.14	01:15:38.786	0.88449				2
2025.11.14	01:15:41.511	0.88452	0.88456			6
2025.11.14	01:15:41.838		0.88455			4
2025.11.14	01:15:43.295	0.88451	0.88457			6
2025.11.14	01:15:45.809	0.88448	0.88454			6
2025.11.14	01:15:48.232		0.88453			4
2025.11.14	01:15:51.231	0.88449				2
2025.11.14	01:15:56.151	0.88448	0.88454			6
2025.11.14	01:15:56.727	0.88447	0.88452			6
2025.11.14	01:16:00.003	0.88447				2
2025.11.14	01:16:02.177	0.88448	0.88454			6
2025.11.14	01:16:03.438		0.88453			4
2025.11.14	01:16:04.738		0.88454			4
2025.11.14	01:16:06.736		0.88453			4
2025.11.14	01:16:07.432		0.88454			4
2025.11.14	01:16:09.873		0.88453			4
2025.11.14	01:16:11.594	0.88447	0.88450			6
2025.11.14	01:16:11.898		0.88451			4
2025.11.14	01:16:13.559	0.88448	0.88452			6
2025.11.14	01:16:14.785	0.88447				2
2025.11.14	01:16:15.136	0.88448				2
2025.11.14	01:16:16.347	0.88446				2
2025.11.14	01:16:19.150	0.88449	0.88454			6
2025.11.14	01:16:20.339	0.88450	0.88453			6
2025.11.14	01:16:20.647		0.88455			4
2025.11.14	01:16:20.960	0.88451				2
2025.11.14	01:16:21.265	0.88450				2
2025.11.14	01:16:21.591	0.88451				2
2025.11.14	01:16:25.621	0.88450	0.88454			6
2025.11.14	01:16:26.237	0.88449				2
2025.11.14	01:16:26.761	0.88450				2
2025.11.14	01:16:31.260	0.88449				2
2025.11.14	01:16:31.723	0.88450	0.88455			6
2025.11.14	01:16:34.210		0.88454			4
2025.11.14	01:16:36.036		0.88455			4
2025.11.14	01:16:39.817		0.88454			4
2025.11.14	01:16:40.181	0.88451	0.88455			6
2025.11.14	01:16:41.537	0.88449	0.88456			6
2025.11.14	01:16:41.839	0.88454	0.88458			6
2025.11.14	01:16:42.551	0.88456	0.88460			6
2025.11.14	01:16:44.351	0.88453	0.88459			6
2025.11.14	01:16:44.854	0.88452	0.88455			6
2025.11.14	01:16:45.161		0.88456			4
2025.11.14	01:16:45.477		0.88457			4
2025.11.14	01:16:45.964		0.88458			4
2025.11.14	01:16:46.345	0.88451	0.88455			6
2025.11.14	01:16:46.677	0.88453	0.88456			6
2025.11.14	01:16:49.407		0.88455			4
2025.11.14	01:16:51.806	0.88449	0.88452			6
2025.11.14	01:16:52.640	0.88448				2
2025.11.14	01:16:53.484	0.88449	0.88453			6
2025.11.14	01:16:54.118	0.88450	0.88454			6
2025.11.14	01:16:55.586		0.88455			4
2025.11.14	01:16:56.241	0.88448	0.88454			6
2025.11.14	01:16:56.767		0.88453			4
2025.11.14	01:17:00.512	0.88448				2
2025.11.14	01:17:01.738	0.88447				2
2025.11.14	01:17:06.496	0.88446	0.88449			6
2025.11.14	01:17:06.831	0.88445	0.88450			6
2025.11.14	01:17:09.231		0.88449			4
2025.11.14	01:17:11.627	0.88444				2
2025.11.14	01:17:11.937		0.88448			4
2025.11.14	01:17:12.392		0.88449			4
2025.11.14	01:17:16.996	0.88445				2
2025.11.14	01:17:17.298		0.88450			4
2025.11.14	01:17:17.749		0.88451			4
2025.11.14	01:17:19.536	0.88446				2
2025.11.14	01:17:20.373	0.88447				2
2025.11.14	01:17:21.645	0.88448	0.88452			6
2025.11.14	01:17:21.972	0.88446	0.88451			6
2025.11.14	01:17:23.946	0.88447				2
2025.11.14	01:17:26.630		0.88452			4
2025.11.14	01:17:28.660	0.88448				2
2025.11.14	01:17:29.592	0.88450	0.88457			6
2025.11.14	01:17:29.899	0.88451				2
2025.11.14	01:17:32.590	0.88450	0.88458			6
2025.11.14	01:17:35.930	0.88451	0.88457			6
2025.11.14	01:17:41.331	0.88452				2
2025.11.14	01:17:41.640	0.88451				2
2025.11.14	01:17:43.706		0.88458			4
2025.11.14	01:17:45.379		0.88457			4
2025.11.14	01:17:45.680	0.88450	0.88456			6
2025.11.14	01:17:55.957	0.88449	0.88455			6
2025.11.14	01:17:56.772	0.88450	0.88456			6
2025.11.14	01:17:58.473		0.88457			4
2025.11.14	01:17:59.631		0.88456			4
2025.11.14	01:18:00.460	0.88450	0.88455			6
2025.11.14	01:18:00.762	0.88449				2
2025.11.14	01:18:01.101	0.88450	0.88454			6
2025.11.14	01:18:04.039		0.88455			4
2025.11.14	01:18:05.486	0.88452	0.88456			6
2025.11.14	01:18:05.847		0.88457			4
2025.11.14	01:18:09.873	0.88451	0.88455			6
2025.11.14	01:18:10.871		0.88457			4
2025.11.14	01:18:11.531	0.88453				2
2025.11.14	01:18:16.489	0.88451				2
2025.11.14	01:18:21.400	0.88452	0.88458			6
2025.11.14	01:18:21.709	0.88451				2
2025.11.14	01:18:22.568		0.88457			4
2025.11.14	01:18:24.698		0.88456			4
2025.11.14	01:18:27.263		0.88455			4
2025.11.14	01:18:27.582		0.88456			4
2025.11.14	01:18:32.331		0.88455			4
2025.11.14	01:18:35.432		0.88456			4
2025.11.14	01:18:36.492		0.88454			4
2025.11.14	01:18:37.253		0.88456			4
2025.11.14	01:18:39.135		0.88454			4
2025.11.14	01:18:42.553		0.88455			4
2025.11.14	01:18:44.998		0.88454			4
2025.11.14	01:18:45.733		0.88455			4
2025.11.14	01:18:47.789	0.88452				2
2025.11.14	01:18:50.023	0.88450	0.88454			6
2025.11.14	01:18:52.967	0.88449				2
2025.11.14	01:18:54.033	0.88450	0.88455			6
2025.11.14	01:18:54.387	0.88449	0.88452			6
2025.11.14	01:18:54.702	0.88446				2
2025.11.14	01:18:59.135		0.88450			4
2025.11.14	01:19:00.418	0.88448				2
2025.11.14	01:19:00.742	0.88446	0.88449			6
2025.11.14	01:19:01.108	0.88448	0.88450			6
2025.11.14	01:19:01.420		0.88452			4
2025.11.14	01:19:01.814	0.88449	0.88453			6
2025.11.14	01:19:02.344	0.88450				2
2025.11.14	01:19:03.442	0.88449				2
2025.11.14	01:19:05.018	0.88447				2
2025.11.14	01:19:07.286	0.88446	0.88450			6
2025.11.14	01:19:07.675	0.88445	0.88448			6
2025.11.14	01:19:10.749	0.88444				2
2025.11.14	01:19:12.896	0.88445				2
2025.11.14	01:19:14.119		0.88449			4
2025.11.14	01:19:14.469	0.88446				2
2025.11.14	01:19:18.168		0.88450			4
2025.11.14	01:19:18.707	0.88447	0.88454			6
2025.11.14	01:19:19.018		0.88452			4
2025.11.14	01:19:23.017		0.88451			4
2025.11.14	01:19:26.968		0.88452			4
2025.11.14	01:19:31.557		0.88453			4
2025.11.14	01:19:32.169	0.88448				2
2025.11.14	01:19:34.782	0.88445	0.88451			6
2025.11.14	01:19:35.131		0.88450			4
2025.11.14	01:19:36.303	0.88444	0.88449			6
2025.11.14	01:19:36.619	0.88441	0.88447			6
2025.11.14	01:19:38.759		0.88448			4
2025.11.14	01:19:39.597		0.88447			4
2025.11.14	01:19:40.194	0.88437	0.88441			6
2025.11.14	01:19:46.928		0.88442			4
2025.11.14	01:19:47.930		0.88441			4
2025.11.14	01:19:49.746	0.88440	0.88444			6
2025.11.14	01:19:50.068	0.88438				2
2025.11.14	01:19:51.163	0.88440				2
2025.11.14	01:19:51.716	0.88438				2
2025.11.14	01:19:52.317	0.88444	0.88451			6
2025.11.14	01:19:55.939	0.88454	0.88459			6
2025.11.14	01:19:57.349		0.88458			4
2025.11.14	01:19:59.446	0.88452	0.88457			6
2025.11.14	01:20:00.265	0.88451	0.88456			6
2025.11.14	01:20:00.598		0.88457			4
2025.11.14	01:20:00.958	0.88452	0.88456			6
2025.11.14	01:20:02.333	0.88451				2
2025.11.14	01:20:02.861		0.88455			4
2025.11.14	01:20:04.307	0.88448	0.88454			6
2025.11.14	01:20:04.619	0.88450	0.88455			6
2025.11.14	01:20:05.231	0.88451				2
2025.11.14	01:20:06.716	0.88450				2
2025.11.14	01:20:07.426	0.88449				2
2025.11.14	01:20:08.641	0.88450	0.88454			6
2025.11.14	01:20:10.338		0.88455			4
2025.11.14	01:20:11.945		0.88454			4
2025.11.14	01:20:15.888	0.88449				2
2025.11.14	01:20:16.198		0.88453			4
2025.11.14	01:20:16.556		0.88454			4
2025.11.14	01:20:21.054		0.88453			4
2025.11.14	01:20:21.390		0.88454			4
2025.11.14	01:20:27.539		0.88455			4
2025.11.14	01:20:28.186	0.88450	0.88454			6
2025.11.14	01:20:29.061	0.88449	0.88453			6
2025.11.14	01:20:30.359	0.88448				2
2025.11.14	01:20:31.070	0.88451				2
2025.11.14	01:20:31.371		0.88455			4
2025.11.14	01:20:31.912		0.88453			4
2025.11.14	01:20:34.675	0.88452	0.88454			6
2025.11.14	01:20:36.866	0.88453				2
2025.11.14	01:20:40.111		0.88455			4
2025.11.14	01:20:46.987	0.88452				2
2025.11.14	01:20:53.534	0.88451				2
2025.11.14	01:20:54.235	0.88453	0.88456			6
2025.11.14	01:20:55.110	0.88452	0.88455			6
2025.11.14	01:20:55.543	0.88456	0.88457			6
2025.11.14	01:20:56.677		0.88459			4
2025.11.14	01:21:00.230	0.88456				2
2025.11.14	01:21:07.598		0.88458			4
2025.11.14	01:21:16.053	0.88457				2
2025.11.14	01:21:16.892	0.88456				2
2025.11.14	01:21:17.201	0.88458	0.88459			6
2025.11.14	01:21:28.525	0.88459	0.88460			6
2025.11.14	01:21:28.839		0.88461			4
2025.11.14	01:21:31.029		0.88460			4
2025.11.14	01:21:33.966		0.88461			4
2025.11.14	01:21:38.729		0.88460			4
2025.11.14	01:21:40.551		0.88461			4
2025.11.14	01:21:45.966		0.88462			4
2025.11.14	01:21:47.688		0.88461			4
2025.11.14	01:21:54.980		0.88463			4
2025.11.14	01:21:56.135	0.88460				2
2025.11.14	01:21:57.747	0.88465	0.88468			6
2025.11.14	01:21:58.702	0.88466				2
2025.11.14	01:22:00.354	0.88466	0.88467			6
2025.11.14	01:22:00.661	0.88465	0.88466			6
2025.11.14	01:22:01.502		0.88468			4
2025.11.14	01:22:02.529	0.88464	0.88465			6
2025.11.14	01:22:03.442	0.88463	0.88464			6
2025.11.14	01:22:05.712		0.88467			4
2025.11.14	01:22:06.685	0.88460	0.88465			6
2025.11.14	01:22:06.994		0.88464			4
2025.11.14	01:22:07.798		0.88463			4
2025.11.14	01:22:08.826	0.88461				2
2025.11.14	01:22:09.831	0.88465	0.88467			6
2025.11.14	01:22:12.531		0.88466			4
2025.11.14	01:22:14.000	0.88463				2
2025.11.14	01:22:14.378	0.88462				2
2025.11.14	01:22:15.472		0.88467			4
2025.11.14	01:22:17.245		0.88466			4
2025.11.14	01:22:18.500		0.88467			4
2025.11.14	01:22:20.779	0.88463				2
2025.11.14	01:22:21.102	0.88464	0.88468			6
2025.11.14	01:22:22.276	0.88460	0.88466			6
2025.11.14	01:22:22.581	0.88461	0.88467			6
2025.11.14	01:22:25.811	0.88460	0.88465			6
2025.11.14	01:22:31.138	0.88463	0.88467			6
2025.11.14	01:22:32.494		0.88466			4
2025.11.14	01:22:35.873		0.88467			4
2025.11.14	01:22:37.459		0.88466			4
2025.11.14	01:22:38.041		0.88467			4
2025.11.14	01:22:38.947	0.88461	0.88466			6
2025.11.14	01:22:45.159	0.88463				2
2025.11.14	01:22:45.562	0.88462				2
2025.11.14	01:22:47.730	0.88467	0.88472			6
2025.11.14	01:22:48.041	0.88468	0.88471			6
2025.11.14	01:22:48.779	0.88467	0.88470			6
2025.11.14	01:22:50.291	0.88466				2
2025.11.14	01:22:50.613	0.88467	0.88471			6
2025.11.14	01:22:52.112	0.88464	0.88468			6
2025.11.14	01:22:52.723		0.88467			4
2025.11.14	01:22:53.973		0.88468			4
2025.11.14	01:22:55.242	0.88462	0.88467			6
2025.11.14	01:22:55.559	0.88467	0.88471			6
2025.11.14	01:22:55.888	0.88469	0.88473			6
2025.11.14	01:22:56.347		0.88470			4
2025.11.14	01:22:56.706		0.88471			4
2025.11.14	01:22:57.143	0.88468	0.88470			6
2025.11.14	01:22:57.878		0.88473			4
2025.11.14	01:22:58.347	0.88469				2
2025.11.14	01:22:59.816		0.88474			4
2025.11.14	01:23:00.169	0.88469				2
2025.11.14	01:23:00.478		0.88473			4
2025.11.14	01:23:00.899		0.88472			4
2025.11.14	01:23:01.251		0.88473			4
2025.11.14	01:23:02.046	0.88470	0.88474			6
2025.11.14	01:23:02.724	0.88469				2
2025.11.14	01:23:03.322	0.88471				2
2025.11.14	01:23:04.337	0.88472	0.88478			6
2025.11.14	01:23:04.999	0.88475	0.88480			6
2025.11.14	01:23:05.371		0.88481			4
2025.11.14	01:23:05.697	0.88476				2
2025.11.14	01:23:06.349	0.88475				2
2025.11.14	01:23:06.951	0.88477	0.88482			6
2025.11.14	01:23:07.864	0.88475	0.88479			6
2025.11.14	01:23:08.179	0.88478	0.88483			6
2025.11.14	01:23:08.523	0.88476	0.88484			6
2025.11.14	01:23:08.848	0.88475				2
2025.11.14	01:23:09.380	0.88476				2
2025.11.14	01:23:09.690		0.88483			4
2025.11.14	01:23:10.353		0.88484			4
2025.11.14	01:23:11.303	0.88477				2
2025.11.14	01:23:11.651	0.88478				2
2025.11.14	01:23:11.956	0.88480	0.88483			6
2025.11.14	01:23:12.556	0.88484	0.88486			6
2025.11.14	01:23:12.858		0.88487			4
2025.11.14	01:23:14.348		0.88486			4
2025.11.14	01:23:14.795	0.88482	0.88485			6
2025.11.14	01:23:15.697	0.88483				2
2025.11.14	01:23:17.443	0.88486	0.88488			6
2025.11.14	01:23:18.832		0.88487			4
2025.11.14	01:23:20.678	0.88483	0.88485			6
2025.11.14	01:23:22.898	0.88484	0.88486			6
2025.11.14	01:23:26.081		0.88487			4
2025.11.14	01:23:28.025	0.88482	0.88484			6
2025.11.14	01:23:28.338	0.88480	0.88481			6
2025.11.14	01:23:29.392	0.88482	0.88483			6
2025.11.14	01:23:35.803	0.88481	0.88482			6
2025.11.14	01:23:39.410	0.88480				2
2025.11.14	01:23:42.907		0.88481			4
2025.11.14	01:23:43.441	0.88479				2
2025.11.14	01:23:45.243	0.88480				2
2025.11.14	01:23:45.553	0.88476	0.88477			6
2025.11.14	01:23:46.183	0.88470	0.88475			6
2025.11.14	01:23:47.560	0.88468	0.88472			6
2025.11.14	01:23:48.158		0.88471			4
2025.11.14	01:23:56.859	0.88467				2
2025.11.14	01:23:57.163	0.88466				2
2025.11.14	01:23:57.502	0.88463	0.88469			6
2025.11.14	01:23:59.130	0.88465				2
2025.11.14	01:24:00.343	0.88465				2
2025.11.14	01:24:00.872	0.88463				2
2025.11.14	01:24:02.757		0.88468			4
2025.11.14	01:24:03.203	0.88471	0.88474			6
2025.11.14	01:24:03.817		0.88473			4
2025.11.14	01:24:04.212	0.88470	0.88472			6
2025.11.14	01:24:05.564		0.88471			4
2025.11.14	01:24:06.202	0.88474	0.88479			6
2025.11.14	01:24:06.509	0.88475	0.88480			6
2025.11.14	01:24:10.316	0.88476	0.88483			6
2025.11.14	01:24:11.052	0.88477				2
2025.11.14	01:24:11.360		0.88484			4
2025.11.14	01:24:11.742		0.88483			4
2025.11.14	01:24:12.407		0.88481			4
2025.11.14	01:24:13.591		0.88480			4
2025.11.14	01:24:14.350		0.88479			4
2025.11.14	01:24:14.661		0.88480			4
2025.11.14	01:24:17.575	0.88478	0.88484			6
2025.11.14	01:24:21.573	0.88479	0.88483			6
2025.11.14	01:24:27.556	0.88475	0.88480			6
2025.11.14	01:24:31.386	0.88476				2
2025.11.14	01:24:32.979	0.88475				2
2025.11.14	01:24:33.774	0.88470	0.88475			6
2025.11.14	01:24:35.200	0.88471				2
2025.11.14	01:24:35.572	0.88466	0.88471			6
2025.11.14	01:24:36.232	0.88465				2
2025.11.14	01:24:36.617	0.88466				2
2025.11.14	01:24:36.980		0.88472			4
2025.11.14	01:24:38.087	0.88467	0.88471			6
2025.11.14	01:24:40.236		0.88470			4
2025.11.14	01:24:41.627		0.88471			4
2025.11.14	01:24:50.892		0.88470			4
2025.11.14	01:24:52.567		0.88471			4
2025.11.14	01:24:53.006	0.88464	0.88469			6
2025.11.14	01:24:53.317	0.88465	0.88470			6
2025.11.14	01:24:53.636	0.88464	0.88471			6
2025.11.14	01:24:55.026	0.88465				2
2025.11.14	01:24:55.392	0.88464	0.88469			6
2025.11.14	01:24:55.698	0.88465	0.88471			6
2025.11.14	01:24:56.922	0.88464				2
2025.11.14	01:24:57.713		0.88470			4
2025.11.14	01:24:59.036	0.88466				2
2025.11.14	01:24:59.353	0.88467	0.88471			6
2025.11.14	01:24:59.797	0.88465				2
2025.11.14	01:25:00.102	0.88465				2
2025.11.14	01:25:00.598	0.88466				2
2025.11.14	01:25:01.714	0.88467				2
2025.11.14	01:25:03.183	0.88465				2
2025.11.14	01:25:04.156		0.88470			4
2025.11.14	01:25:06.348	0.88464				2
2025.11.14	01:25:09.241	0.88465				2
2025.11.14	01:25:11.031	0.88464				2
2025.11.14	01:25:12.919	0.88465				2
2025.11.14	01:25:19.548	0.88463				2
2025.11.14	01:25:19.864	0.88465	0.88469			6
2025.11.14	01:25:21.372	0.88462	0.88466			6
2025.11.14	01:25:21.680		0.88465			4
2025.11.14	01:25:22.010		0.88466			4
2025.11.14	01:25:22.346	0.88460	0.88465			6
2025.11.14	01:25:26.493	0.88461				2
2025.11.14	01:25:33.721	0.88459	0.88464			6
2025.11.14	01:25:34.031		0.88462			4
2025.11.14	01:25:41.814	0.88458	0.88461			6
2025.11.14	01:25:42.199	0.88453	0.88457			6
2025.11.14	01:25:42.518	0.88452				2
2025.11.14	01:25:43.589		0.88456			4
2025.11.14	01:25:44.487		0.88457			4
2025.11.14	01:25:45.367	0.88453	0.88456			6
2025.11.14	01:25:46.854	0.88454				2
2025.11.14	01:25:51.838		0.88457			4
2025.11.14	01:25:52.154		0.88460			4
2025.11.14	01:25:53.638	0.88455				2
2025.11.14	01:25:53.978	0.88453				2
2025.11.14	01:25:54.351	0.88454				2
2025.11.14	01:25:57.262	0.88455				2
2025.11.14	01:26:00.448	0.88453				2
2025.11.14	01:26:06.438	0.88455	0.88463			6
2025.11.14	01:26:06.741	0.88456				2
2025.11.14	01:26:07.063	0.88455				2
2025.11.14	01:26:07.665	0.88456				2
2025.11.14	01:26:08.880		0.88462			4
2025.11.14	01:26:09.473	0.88457				2
2025.11.14	01:26:10.397	0.88455	0.88460			6
2025.11.14	01:26:11.507		0.88459			4
2025.11.14	01:26:17.893	0.88454				2
2025.11.14	01:26:19.032	0.88452				2
2025.11.14	01:26:21.872	0.88454	0.88458			6
2025.11.14	01:26:22.359		0.88459			4
2025.11.14	01:26:28.839	0.88452				2
2025.11.14	01:26:29.151	0.88454				2
2025.11.14	01:26:30.163	0.88452				2
2025.11.14	01:26:30.597	0.88453				2
2025.11.14	01:26:31.130	0.88452				2
2025.11.14	01:26:31.903	0.88454	0.88461			6
2025.11.14	01:26:33.467		0.88460			4
2025.11.14	01:26:39.518		0.88461			4
2025.11.14	01:26:47.454	0.88456	0.88460			6
2025.11.14	01:26:52.937	0.88454	0.88459			6
2025.11.14	01:27:00.639	0.88454				2
2025.11.14	01:27:19.262	0.88450	0.88454			6
2025.11.14	01:27:21.289	0.88447	0.88453			6
2025.11.14	01:27:22.509	0.88448				2
2025.11.14	01:27:43.576		0.88454			4
2025.11.14	01:27:44.008		0.88453			4
2025.11.14	01:27:46.503	0.88449	0.88454			6
2025.11.14	01:27:47.274	0.88446	0.88452			6
2025.11.14	01:27:49.332		0.88451			4
2025.11.14	01:27:53.330	0.88445				2
2025.11.14	01:27:54.029	0.88446				2
2025.11.14	01:27:54.353	0.88445				2
2025.11.14	01:28:00.003	0.88448	0.88453			6
2025.11.14	01:28:04.567	0.88447				2
2025.11.14	01:28:07.235	0.88448				2
2025.11.14	01:28:07.617	0.88447				2
2025.11.14	01:28:10.693		0.88451			4
2025.11.14	01:28:14.330	0.88446				2
2025.11.14	01:28:32.054		0.88452			4
2025.11.14	01:28:33.933	0.88447				2
2025.11.14	01:28:59.606	0.88446				2
2025.11.14	01:29:00.583	0.88446				2
2025.11.14	01:29:01.430	0.88447				2
2025.11.14	01:29:04.598	0.88440	0.88447			6
2025.11.14	01:29:04.899		0.88448			4
2025.11.14	01:29:05.202		0.88447			4
2025.11.14	01:29:06.337	0.88441				2
2025.11.14	01:29:07.292		0.88448			4
2025.11.14	01:29:10.508	0.88440				2
2025.11.14	01:29:10.897	0.88441				2
2025.11.14	01:29:12.348	0.88442				2
2025.11.14	01:29:15.514	0.88443				2
2025.11.14	01:29:18.909	0.88441				2
2025.11.14	01:29:35.376	0.88444	0.88449			6
2025.11.14	01:29:43.307	0.88443				2
2025.11.14	01:29:44.429	0.88446	0.88453			6
2025.11.14	01:29:45.398	0.88447				2
2025.11.14	01:29:45.699	0.88446				2
2025.11.14	01:29:46.169	0.88454	0.88458			6
2025.11.14	01:29:46.493	0.88455	0.88459			6
2025.11.14	01:29:48.106	0.88449	0.88456			6
2025.11.14	01:29:50.519	0.88451				2
2025.11.14	01:29:53.903	0.88452	0.88455			6
2025.11.14	01:30:00.418	0.88452				2
2025.11.14	01:30:03.246	0.88453				2
2025.11.14	01:30:03.575	0.88454	0.88456			6
2025.11.14	01:30:03.925	0.88453	0.88455			6
2025.11.14	01:30:04.227	0.88454				2
2025.11.14	01:30:06.706	0.88452	0.88456			6
2025.11.14	01:30:09.747	0.88459	0.88463			6
2025.11.14	01:30:10.912	0.88457	0.88461			6
2025.11.14	01:30:14.239	0.88458				2
2025.11.14	01:30:15.293	0.88457				2
2025.11.14	01:30:16.952	0.88458	0.88460			6
2025.11.14	01:30:20.313	0.88457				2
2025.11.14	01:30:20.619	0.88455	0.88458			6
2025.11.14	01:30:21.629		0.88459			4
2025.11.14	01:30:23.374	0.88456				2
2025.11.14	01:30:24.532		0.88458			4
2025.11.14	01:30:25.328	0.88455				2
2025.11.14	01:30:26.657	0.88457	0.88461			6
2025.11.14	01:30:31.264	0.88456				2
2025.11.14	01:30:31.565	0.88457				2
2025.11.14	01:30:34.623	0.88463	0.88466			6
2025.11.14	01:30:35.296	0.88462	0.88465			6
2025.11.14	01:30:39.048	0.88463	0.88467			6
2025.11.14	01:30:42.439		0.88466			4
2025.11.14	01:30:42.973	0.88459	0.88463			6
2025.11.14	01:30:43.343	0.88462	0.88465			6
2025.11.14	01:30:45.094	0.88461	0.88462			6
2025.11.14	01:30:46.538	0.88463	0.88466			6
2025.11.14	01:30:47.241	0.88462	0.88467			6
2025.11.14	01:30:47.559	0.88463				2
2025.11.14	01:30:48.162	0.88461	0.88465			6
2025.11.14	01:30:49.957	0.88460	0.88464			6
2025.11.14	01:30:50.441	0.88461				2
2025.11.14	01:30:54.222	0.88460				2
2025.11.14	01:30:57.844	0.88458	0.88462			6
2025.11.14	01:30:58.154		0.88461			4
2025.11.14	01:31:00.362	0.88458	0.88460			6
2025.11.14	01:31:00.689	0.88453	0.88457			6
2025.11.14	01:31:01.008		0.88455			4
2025.11.14	01:31:02.283		0.88456			4
2025.11.14	01:31:03.411	0.88450	0.88454			6
2025.11.14	01:31:04.262	0.88451				2
2025.11.14	01:31:04.962	0.88449				2
2025.11.14	01:31:05.381	0.88448				2
2025.11.14	01:31:05.965	0.88450				2
2025.11.14	01:31:06.672		0.88455			4
2025.11.14	01:31:07.451		0.88454			4
2025.11.14	01:31:10.356		0.88455			4
2025.11.14	01:31:10.822		0.88454			4
2025.11.14	01:31:11.601	0.88451				2
2025.11.14	01:31:11.922		0.88455			4
2025.11.14	01:31:13.361		0.88454			4
2025.11.14	01:31:28.714		0.88453			4
2025.11.14	01:31:30.449		0.88454			4
2025.11.14	01:31:36.077	0.88448	0.88451			6
2025.11.14	01:31:36.384	0.88449	0.88452			6
2025.11.14	01:31:36.743		0.88453			4
2025.11.14	01:31:38.677		0.88452			4
2025.11.14	01:31:45.493	0.88447	0.88449			6
2025.11.14	01:31:46.784	0.88445				2
2025.11.14	01:31:47.108	0.88443	0.88446			6
2025.11.14	01:31:47.743	0.88442				2
2025.11.14	01:31:49.853		0.88445			4
2025.11.14	01:31:50.417		0.88446			4
2025.11.14	01:31:50.981		0.88447			4
2025.11.14	01:31:57.054	0.88441				2
2025.11.14	01:31:58.131	0.88440	0.88446			6
2025.11.14	01:31:59.153		0.88444			4
2025.11.14	01:32:00.274	0.88440				2
2025.11.14	01:32:05.423	0.88439	0.88443			6
2025.11.14	01:32:06.576		0.88444			4
2025.11.14	01:32:07.601		0.88443			4
2025.11.14	01:32:07.927		0.88444			4
2025.11.14	01:32:10.221		0.88445			4
2025.11.14	01:32:11.198	0.88438	0.88443			6
2025.11.14	01:32:11.519	0.88435	0.88441			6
2025.11.14	01:32:11.838	0.88436				2
2025.11.14	01:32:16.346	0.88429	0.88434			6
2025.11.14	01:32:17.958	0.88428				2
2025.11.14	01:32:19.302	0.88429				2
2025.11.14	01:32:19.900	0.88430				2
2025.11.14	01:32:23.591	0.88427	0.88432			6
2025.11.14	01:32:24.522	0.88420	0.88425			6
2025.11.14	01:32:25.192	0.88421	0.88427			6
2025.11.14	01:32:25.658	0.88420	0.88426			6
2025.11.14	01:32:26.836	0.88421				2
2025.11.14	01:32:29.879	0.88426	0.88430			6
2025.11.14	01:32:30.916	0.88427	0.88431			6
2025.11.14	01:32:35.344	0.88426	0.88430			6
2025.11.14	01:32:35.890	0.88427				2
2025.11.14	01:32:36.283		0.88432			4
2025.11.14	01:32:36.708	0.88426	0.88429			6
2025.11.14	01:32:37.057	0.88427	0.88431			6
2025.11.14	01:32:37.400	0.88425	0.88429			6
2025.11.14	01:32:40.741	0.88423	0.88428			6
2025.11.14	01:32:44.908		0.88427			4
2025.11.14	01:32:45.376	0.88426	0.88429			6
2025.11.14	01:32:47.750		0.88430			4
2025.11.14	01:32:56.826	0.88427	0.88432			6
2025.11.14	01:32:57.657	0.88428				2
2025.11.14	01:32:58.350		0.88433			4
2025.11.14	01:33:00.070	0.88428	0.88432			6
2025.11.14	01:33:01.456		0.88433			4
2025.11.14	01:33:06.691	0.88427	0.88432			6
2025.11.14	01:33:15.506	0.88426	0.88431			6
2025.11.14	01:33:21.331	0.88427				2
2025.11.14	01:33:22.679	0.88426	0.88430			6
2025.11.14	01:33:30.730		0.88429			4
2025.11.14	01:33:35.432	0.88427				2
2025.11.14	01:33:49.544	0.88428				2
2025.11.14	01:33:50.542	0.88427				2
2025.11.14	01:34:00.038	0.88427	0.88431			6
2025.11.14	01:34:01.420	0.88426	0.88429			6
2025.11.14	01:34:06.466		0.88430			4
2025.11.14	01:34:08.690	0.88422	0.88424			6
2025.11.14	01:34:08.999	0.88421				2
2025.11.14	01:34:10.579	0.88420				2
2025.11.14	01:34:23.132	0.88421				2
2025.11.14	01:34:30.687	0.88422	0.88425			6
2025.11.14	01:34:31.000	0.88420	0.88423			6
2025.11.14	01:34:31.341	0.88419				2
2025.11.14	01:34:32.722	0.88420				2
2025.11.14	01:34:37.013	0.88417	0.88421			6
2025.11.14	01:34:38.308	0.88416				2
2025.11.14	01:34:39.318	0.88418				2
2025.11.14	01:34:41.196	0.88417				2
2025.11.14	01:34:44.332	0.88416	0.88419			6
2025.11.14	01:34:44.639	0.88414	0.88418			6
2025.11.14	01:34:44.948	0.88415				2
2025.11.14	01:34:45.262	0.88414				2
2025.11.14	01:34:46.163	0.88413	0.88417			6
2025.11.14	01:34:47.044	0.88415	0.88418			6
2025.11.14	01:34:47.644	0.88413	0.88417			6
2025.11.14	01:34:53.661	0.88412				2
2025.11.14	01:34:55.283	0.88413				2
2025.11.14	01:34:57.875	0.88414				2
2025.11.14	01:35:00.312	0.88414				2
2025.11.14	01:35:02.378	0.88412				2
2025.11.14	01:35:07.676	0.88413	0.88415			6
2025.11.14	01:35:12.479	0.88414	0.88416			6
2025.11.14	01:35:13.871		0.88417			4
2025.11.14	01:35:14.312	0.88409	0.88413			6
2025.11.14	01:35:15.413	0.88408	0.88412			6
2025.11.14	01:35:17.945	0.88407	0.88410			6
2025.11.14	01:35:18.338	0.88406	0.88411			6
2025.11.14	01:35:18.640	0.88409				2
2025.11.14	01:35:18.984	0.88407				2
2025.11.14	01:35:19.768		0.88410			4
2025.11.14	01:35:20.734	0.88406				2
2025.11.14	01:35:21.194	0.88407	0.88411			6
2025.11.14	01:35:22.301		0.88409			4
2025.11.14	01:35:24.064	0.88406				2
2025.11.14	01:35:26.007		0.88408			4
2025.11.14	01:35:26.337		0.88409			4
2025.11.14	01:35:28.182	0.88405	0.88408			6
2025.11.14	01:35:28.499	0.88407	0.88409			6
2025.11.14	01:35:28.892		0.88410			4
2025.11.14	01:35:29.657		0.88409			4
2025.11.14	01:35:30.123	0.88409	0.88410			6
