<DATE>	<TIME>	<BID>	<ASK>	<LAST>	<VOLUME>	<FLAGS>
2025.12.24	00:03:31.296	0.87264	0.87396			6
2025.12.24	00:03:40.964	0.87217	0.87349			6
2025.12.24	00:04:00.082	0.87217				2
2025.12.24	00:04:41.048		0.87349			4
2025.12.24	00:04:51.966	0.87264	0.87396			6
2025.12.24	00:05:00.071	0.87264				2
2025.12.24	00:05:00.376	0.87217	0.87349			6
2025.12.24	00:05:00.683	0.87199	0.87416			6
2025.12.24	00:05:08.004	0.87218	0.87277			6
2025.12.24	00:05:08.317	0.87207	0.87268			6
2025.12.24	00:05:10.184	0.87218	0.87279			6
2025.12.24	00:05:11.123		0.87283			4
2025.12.24	00:05:11.731	0.87209	0.87272			6
2025.12.24	00:05:12.031	0.87208	0.87269			6
2025.12.24	00:05:13.284	0.87209	0.87272			6
2025.12.24	00:05:14.828	0.87210	0.87276			6
2025.12.24	00:05:18.542	0.87209	0.87281			6
2025.12.24	00:05:18.844	0.87211	0.87278			6
2025.12.24	00:05:23.176	0.87218	0.87283			6
2025.12.24	00:05:23.477	0.87211	0.87276			6
2025.12.24	00:05:24.083	0.87218	0.87283			6
2025.12.24	00:05:27.482	0.87219	0.87279			6
2025.12.24	00:05:30.892	0.87225	0.87283			6
2025.12.24	00:05:31.196	0.87217	0.87290			6
2025.12.24	00:05:32.109		0.87292			4
2025.12.24	00:05:32.420		0.87293			4
2025.12.24	00:05:32.724		0.87292			4
2025.12.24	00:05:38.255	0.87218	0.87296			6
2025.12.24	00:05:38.566	0.87225	0.87302			6
2025.12.24	00:05:39.189	0.87220	0.87299			6
2025.12.24	00:05:39.497	0.87223	0.87301			6
2025.12.24	00:05:40.114	0.87222	0.87297			6
2025.12.24	00:05:42.910	0.87223	0.87296			6
2025.12.24	00:05:43.213		0.87297			4
2025.12.24	00:05:43.529	0.87222	0.87295			6
2025.12.24	00:05:44.769	0.87225	0.87298			6
2025.12.24	00:05:46.604	0.87222	0.87295			6
2025.12.24	00:05:48.766		0.87298			4
2025.12.24	00:05:49.392		0.87299			4
2025.12.24	00:05:49.707	0.87227	0.87298			6
2025.12.24	00:05:50.327	0.87225	0.87295			6
2025.12.24	00:05:54.639	0.87226	0.87299			6
2025.12.24	00:05:55.254	0.87227	0.87300			6
2025.12.24	00:05:55.566	0.87225	0.87297			6
2025.12.24	00:05:56.192	0.87226	0.87299			6
2025.12.24	00:05:56.506	0.87225	0.87296			6
2025.12.24	00:05:59.289	0.87188	0.87407			6
2025.12.24	00:06:00.314	0.87188	0.87412			6
2025.12.24	00:06:22.346		0.87410			4
2025.12.24	00:06:23.992	0.87225	0.87293			6
2025.12.24	00:06:26.152	0.87226	0.87297			6
2025.12.24	00:06:29.544		0.87296			4
2025.12.24	00:06:30.151	0.87188	0.87411			6
2025.12.24	00:06:46.342		0.87410			4
2025.12.24	00:07:10.536	0.87188				2
2025.12.24	00:07:11.499	0.87228	0.87302			6
2025.12.24	00:07:11.810		0.87303			4
2025.12.24	00:07:12.127	0.87229	0.87304			6
2025.12.24	00:07:12.437	0.87228	0.87302			6
2025.12.24	00:07:13.981		0.87300			4
2025.12.24	00:07:44.099	0.87231	0.87302			6
2025.12.24	00:07:44.402	0.87233	0.87303			6
2025.12.24	00:07:44.735		0.87302			4
2025.12.24	00:07:45.036	0.87232	0.87303			6
2025.12.24	00:07:45.338	0.87234	0.87305			6
2025.12.24	00:07:45.956		0.87306			4
2025.12.24	00:07:46.582	0.87192	0.87328			6
2025.12.24	00:08:09.561	0.87192				2
2025.12.24	00:08:22.710	0.87199	0.87316			6
2025.12.24	00:08:36.113	0.87245	0.87352			6
2025.12.24	00:08:37.045	0.87228	0.87335			6
2025.12.24	00:08:41.784	0.87250	0.87357			6
2025.12.24	00:08:43.644	0.87228	0.87335			6
2025.12.24	00:08:44.594	0.87186	0.87410			6
2025.12.24	00:08:51.826	0.87220	0.87333			6
2025.12.24	00:08:53.108	0.87231	0.87344			6
2025.12.24	00:08:54.991	0.87219	0.87332			6
2025.12.24	00:08:56.247	0.87221	0.87334			6
2025.12.24	00:08:56.872	0.87222	0.87335			6
2025.12.24	00:08:57.498	0.87223	0.87336			6
2025.12.24	00:08:59.035	0.87226	0.87339			6
2025.12.24	00:09:00.288	0.87299	0.87396			6
2025.12.24	00:09:00.592	0.87297	0.87393			6
2025.12.24	00:09:00.916	0.87294	0.87392			6
2025.12.24	00:09:01.219	0.87235	0.87333			6
2025.12.24	00:09:02.149	0.87295	0.87392			6
2025.12.24	00:09:02.475	0.87236	0.87333			6
2025.12.24	00:09:03.077	0.87235				2
2025.12.24	00:09:03.410	0.87291	0.87390			6
2025.12.24	00:09:03.728	0.87293	0.87391			6
2025.12.24	00:09:04.051	0.87291	0.87390			6
2025.12.24	00:09:04.357	0.87234	0.87333			6
2025.12.24	00:09:06.563	0.87293	0.87390			6
2025.12.24	00:09:07.192	0.87236	0.87333			6
2025.12.24	00:09:07.496	0.87296	0.87392			6
2025.12.24	00:09:08.124	0.87186	0.87410			6
2025.12.24	00:09:14.148	0.87251	0.87364			6
2025.12.24	00:09:15.071	0.87220	0.87333			6
2025.12.24	00:09:15.700	0.87252	0.87365			6
2025.12.24	00:09:16.629	0.87186	0.87410			6
2025.12.24	00:10:00.377	0.87249	0.87412			6
2025.12.24	00:10:02.690	0.87250				2
2025.12.24	00:10:11.958	0.87273	0.87371			6
2025.12.24	00:10:12.600	0.87242	0.87340			6
2025.12.24	00:10:12.924	0.87273	0.87371			6
2025.12.24	00:10:13.225	0.87272	0.87370			6
2025.12.24	00:10:13.862	0.87242	0.87340			6
2025.12.24	00:10:15.781	0.87272	0.87370			6
2025.12.24	00:10:16.107	0.87273	0.87371			6
2025.12.24	00:10:16.407	0.87274				2
2025.12.24	00:10:17.064	0.87243	0.87340			6
2025.12.24	00:10:20.220	0.87275	0.87372			6
2025.12.24	00:10:20.522	0.87243	0.87340			6
2025.12.24	00:10:20.825	0.87274	0.87371			6
2025.12.24	00:10:21.146	0.87243	0.87340			6
2025.12.24	00:10:21.775	0.87274	0.87371			6
2025.12.24	00:10:22.079	0.87275	0.87372			6
2025.12.24	00:10:22.728	0.87243	0.87340			6
2025.12.24	00:10:23.033	0.87275	0.87371			6
2025.12.24	00:10:23.333	0.87244	0.87340			6
2025.12.24	00:10:24.291	0.87276	0.87372			6
2025.12.24	00:10:24.614	0.87244	0.87340			6
2025.12.24	00:10:24.916	0.87276	0.87372			6
2025.12.24	00:10:25.867	0.87244	0.87340			6
2025.12.24	00:10:27.103	0.87287	0.87372			6
2025.12.24	00:10:27.726	0.87255	0.87340			6
2025.12.24	00:10:28.652	0.87286	0.87371			6
2025.12.24	00:10:29.585	0.87255	0.87340			6
2025.12.24	00:10:36.182	0.87286	0.87371			6
2025.12.24	00:10:36.504	0.87255	0.87340			6
2025.12.24	00:10:40.619	0.87284	0.87369			6
2025.12.24	00:10:40.947	0.87283	0.87368			6
2025.12.24	00:10:41.271	0.87279				2
2025.12.24	00:10:43.763	0.87251	0.87340			6
2025.12.24	00:10:44.712	0.87280	0.87369			6
2025.12.24	00:10:45.365	0.87251	0.87340			6
2025.12.24	00:10:45.690	0.87279	0.87368			6
2025.12.24	00:10:46.966	0.87251	0.87340			6
2025.12.24	00:10:47.270	0.87278	0.87367			6
2025.12.24	00:10:48.546	0.87251	0.87340			6
2025.12.24	00:10:49.176	0.87276	0.87365			6
2025.12.24	00:10:49.780	0.87251	0.87340			6
2025.12.24	00:10:52.609	0.87276	0.87365			6
2025.12.24	00:10:53.543	0.87251	0.87340			6
2025.12.24	00:10:59.181	0.87275	0.87364			6
2025.12.24	00:11:00.134	0.87251	0.87340			6
2025.12.24	00:11:01.417	0.87275	0.87364			6
2025.12.24	00:11:01.739	0.87280	0.87369			6
2025.12.24	00:11:02.994	0.87251	0.87340			6
2025.12.24	00:11:05.504		0.87438			4
2025.12.24	00:11:06.424		0.87340			4
2025.12.24	00:11:07.362		0.87438			4
2025.12.24	00:11:08.709		0.87437			4
2025.12.24	00:11:11.588		0.87438			4
2025.12.24	00:11:12.697		0.87340			4
2025.12.24	00:11:13.638		0.87438			4
2025.12.24	00:11:18.889		0.87340			4
2025.12.24	00:11:19.835	0.87259	0.87410			6
2025.12.24	00:11:25.156	0.87287	0.87376			6
2025.12.24	00:11:25.477	0.87288	0.87377			6
2025.12.24	00:11:26.111	0.87259	0.87395			6
2025.12.24	00:11:26.710	0.87260				2
2025.12.24	00:11:27.409	0.87259				2
2025.12.24	00:11:28.345	0.87258				2
2025.12.24	00:11:28.881	0.87259				2
2025.12.24	00:11:31.457	0.87264	0.87356			6
2025.12.24	00:11:32.069	0.87265	0.87357			6
2025.12.24	00:11:32.372	0.87259	0.87395			6
2025.12.24	00:12:02.361	0.87259				2
2025.12.24	00:12:06.477		0.87393			4
2025.12.24	00:12:07.410		0.87400			4
2025.12.24	00:12:08.707	0.87258				2
2025.12.24	00:12:09.229		0.87393			4
2025.12.24	00:12:20.413	0.87256				2
2025.12.24	00:12:21.870	0.87255				2
2025.12.24	00:12:22.810	0.87256				2
2025.12.24	00:12:23.678	0.87255				2
2025.12.24	00:12:25.808	0.87256				2
2025.12.24	00:12:29.943	0.87255				2
2025.12.24	00:12:30.257	0.87256				2
2025.12.24	00:12:32.213	0.87255				2
2025.12.24	00:12:35.214	0.87256				2
2025.12.24	00:12:38.627	0.87255				2
2025.12.24	00:12:39.376	0.87256				2
2025.12.24	00:12:39.881	0.87255				2
2025.12.24	00:12:41.377	0.87256				2
2025.12.24	00:12:41.887	0.87255				2
2025.12.24	00:12:42.688	0.87256				2
2025.12.24	00:12:43.911	0.87255				2
2025.12.24	00:12:45.666	0.87256				2
2025.12.24	00:12:46.313	0.87255				2
2025.12.24	00:12:46.701	0.87256				2
2025.12.24	00:12:47.200		0.87398			4
2025.12.24	00:12:47.747	0.87257				2
2025.12.24	00:12:48.251	0.87256				2
2025.12.24	00:12:48.608	0.87255	0.87393			6
2025.12.24	00:12:49.183	0.87256				2
2025.12.24	00:12:50.229	0.87255				2
2025.12.24	00:12:51.377	0.87256				2
2025.12.24	00:12:51.763	0.87255				2
2025.12.24	00:12:53.989	0.87256				2
2025.12.24	00:12:57.209	0.87255				2
2025.12.24	00:13:01.180	0.87256				2
2025.12.24	00:13:01.680	0.87255				2
2025.12.24	00:13:02.409	0.87256				2
2025.12.24	00:13:03.378	0.87255				2
2025.12.24	00:13:05.107	0.87256				2
2025.12.24	00:13:05.439	0.87255				2
2025.12.24	00:13:06.375	0.87256				2
2025.12.24	00:13:06.996	0.87255				2
2025.12.24	00:13:07.509	0.87256				2
2025.12.24	00:13:07.995	0.87255				2
2025.12.24	00:13:09.437	0.87256				2
2025.12.24	00:13:10.509	0.87255				2
2025.12.24	00:13:15.608		0.87382			4
2025.12.24	00:13:15.938		0.87395			4
2025.12.24	00:13:17.772		0.87396			4
2025.12.24	00:13:18.300		0.87397			4
2025.12.24	00:13:18.657	0.87258	0.87389			6
2025.12.24	00:13:26.269		0.87386			4
2025.12.24	00:13:27.257	0.87257	0.87389			6
2025.12.24	00:13:27.568	0.87258	0.87393			6
2025.12.24	00:13:28.619		0.87388			4
2025.12.24	00:13:30.137		0.87386			4
2025.12.24	00:13:30.606	0.87257	0.87388			6
2025.12.24	00:13:31.632	0.87258				2
2025.12.24	00:13:32.378	0.87257				2
2025.12.24	00:13:33.393		0.87393			4
2025.12.24	00:13:34.072	0.87258	0.87394			6
2025.12.24	00:13:36.379		0.87392			4
2025.12.24	00:13:36.913		0.87393			4
2025.12.24	00:13:37.413		0.87392			4
2025.12.24	00:13:39.308		0.87393			4
2025.12.24	00:13:40.882		0.87392			4
2025.12.24	00:13:41.263		0.87393			4
2025.12.24	00:13:42.410		0.87394			4
2025.12.24	00:13:43.509		0.87389			4
2025.12.24	00:13:45.910	0.87257				2
2025.12.24	00:13:54.064	0.87258				2
2025.12.24	00:13:54.966		0.87392			4
2025.12.24	00:14:00.011	0.87258				2
2025.12.24	00:14:01.379		0.87393			4
2025.12.24	00:14:01.914		0.87392			4
2025.12.24	00:14:03.908	0.87259	0.87391			6
2025.12.24	00:14:04.511	0.87258	0.87393			6
2025.12.24	00:14:04.969	0.87257	0.87392			6
2025.12.24	00:14:14.180	0.87258				2
2025.12.24	00:14:17.792	0.87257				2
2025.12.24	00:14:19.078	0.87258				2
2025.12.24	00:14:20.014	0.87257				2
2025.12.24	00:14:20.317	0.87258				2
2025.12.24	00:14:21.242	0.87257				2
2025.12.24	00:14:22.796	0.87258				2
2025.12.24	00:14:23.233	0.87257				2
2025.12.24	00:14:26.743	0.87258				2
2025.12.24	00:14:27.559	0.87257				2
2025.12.24	00:14:28.069	0.87258				2
2025.12.24	00:14:28.564	0.87257				2
2025.12.24	00:14:31.022	0.87258				2
2025.12.24	00:14:32.324	0.87257				2
2025.12.24	00:14:42.705	0.87258				2
2025.12.24	00:14:43.230	0.87254	0.87394			6
2025.12.24	00:14:44.214	0.87257	0.87387			6
2025.12.24	00:14:45.095	0.87258				2
2025.12.24	00:14:50.258	0.87257	0.87386			6
2025.12.24	00:15:00.213	0.87255	0.87366			6
2025.12.24	00:15:00.826	0.87253	0.87367			6
2025.12.24	00:15:01.215		0.87349			4
2025.12.24	00:15:10.714	0.87251	0.87366			6
2025.12.24	00:15:15.214	0.87234	0.87342			6
2025.12.24	00:15:15.521	0.87236	0.87350			6
2025.12.24	00:15:16.503		0.87346			4
2025.12.24	00:15:16.837	0.87235				2
2025.12.24	00:15:17.215	0.87236				2
2025.12.24	00:15:17.778	0.87235				2
2025.12.24	00:15:18.218	0.87236				2
2025.12.24	00:15:19.135	0.87235				2
2025.12.24	00:15:20.218	0.87236				2
2025.12.24	00:15:21.130	0.87235				2
2025.12.24	00:15:22.409	0.87233	0.87340			6
2025.12.24	00:15:23.254	0.87234				2
2025.12.24	00:15:24.778	0.87235				2
2025.12.24	00:15:25.260	0.87234				2
2025.12.24	00:15:27.143	0.87228	0.87321			6
2025.12.24	00:15:27.804	0.87233	0.87337			6
2025.12.24	00:15:30.048	0.87235				2
2025.12.24	00:15:31.485	0.87236				2
2025.12.24	00:15:34.763	0.87218	0.87310			6
2025.12.24	00:15:36.966	0.87219	0.87306			6
2025.12.24	00:15:50.277	0.87232				2
2025.12.24	00:15:51.756	0.87233				2
2025.12.24	00:15:52.739	0.87232				2
2025.12.24	00:15:53.407	0.87233				2
2025.12.24	00:15:53.922	0.87232				2
2025.12.24	00:15:54.756	0.87233				2
2025.12.24	00:15:55.378	0.87232				2
2025.12.24	00:15:56.739	0.87233				2
2025.12.24	00:15:57.377	0.87232				2
2025.12.24	00:15:58.770	0.87233				2
2025.12.24	00:15:59.381	0.87232				2
2025.12.24	00:16:00.216	0.87232				2
2025.12.24	00:16:00.741	0.87233				2
2025.12.24	00:16:01.382	0.87232				2
2025.12.24	00:16:02.774	0.87233				2
2025.12.24	00:16:03.538	0.87232				2
2025.12.24	00:16:04.129	0.87233				2
2025.12.24	00:16:04.508	0.87232				2
2025.12.24	00:16:08.256	0.87233				2
2025.12.24	00:16:08.764	0.87217				2
2025.12.24	00:16:09.325	0.87216				2
2025.12.24	00:16:09.974	0.87217				2
2025.12.24	00:16:10.428	0.87216				2
2025.12.24	00:16:12.674	0.87218				2
2025.12.24	00:16:13.377	0.87217				2
2025.12.24	00:16:13.968	0.87218				2
2025.12.24	00:16:14.777	0.87217				2
2025.12.24	00:16:17.176	0.87218				2
2025.12.24	00:16:17.811	0.87217				2
2025.12.24	00:16:19.903	0.87218				2
2025.12.24	00:16:22.773	0.87217				2
2025.12.24	00:16:24.730	0.87218				2
2025.12.24	00:16:35.192	0.87217				2
2025.12.24	00:16:37.220	0.87218	0.87306			6
2025.12.24	00:16:41.177	0.87225	0.87318			6
2025.12.24	00:16:41.488	0.87226				2
2025.12.24	00:16:45.497	0.87219	0.87311			6
2025.12.24	00:16:49.208	0.87218				2
2025.12.24	00:17:01.316	0.87218				2
2025.12.24	00:17:05.050	0.87220	0.87306			6
2025.12.24	00:17:12.828	0.87219				2
2025.12.24	00:17:13.236	0.87218				2
2025.12.24	00:17:15.904	0.87217				2
2025.12.24	00:17:22.063	0.87218				2
2025.12.24	00:17:26.875	0.87219				2
2025.12.24	00:17:27.243	0.87217				2
2025.12.24	00:17:28.383	0.87218				2
2025.12.24	00:17:59.104	0.87219				2
2025.12.24	00:18:02.093	0.87219				2
2025.12.24	00:18:03.990	0.87220				2
2025.12.24	00:18:05.054	0.87221	0.87306			6
2025.12.24	00:18:10.796	0.87219				2
2025.12.24	00:18:57.608	0.87220				2
2025.12.24	00:19:01.118	0.87220				2
2025.12.24	00:19:05.708		0.87306			4
2025.12.24	00:19:06.181	0.87219				2
2025.12.24	00:19:11.184	0.87208				2
2025.12.24	00:19:12.094	0.87209				2
2025.12.24	00:19:13.601	0.87210				2
2025.12.24	00:19:13.905	0.87212				2
2025.12.24	00:19:14.274	0.87215				2
2025.12.24	00:19:19.208	0.87214				2
2025.12.24	00:19:20.077	0.87217				2
2025.12.24	00:19:26.106	0.87213				2
2025.12.24	00:19:27.152	0.87214				2
2025.12.24	00:19:28.151	0.87213				2
2025.12.24	00:19:29.148	0.87212				2
2025.12.24	00:19:30.096	0.87216				2
2025.12.24	00:19:31.695	0.87215				2
2025.12.24	00:19:33.708	0.87216				2
2025.12.24	00:19:34.155	0.87217				2
2025.12.24	00:19:36.848	0.87214				2
2025.12.24	00:19:37.158	0.87216				2
2025.12.24	00:19:38.157	0.87215				2
2025.12.24	00:19:39.162	0.87205				2
2025.12.24	00:19:40.093	0.87211				2
2025.12.24	00:19:42.162	0.87215				2
2025.12.24	00:19:43.159	0.87217				2
2025.12.24	00:19:43.503	0.87191	0.87264			6
2025.12.24	00:19:44.840		0.87265			4
2025.12.24	00:19:46.059	0.87195				2
2025.12.24	00:19:47.450	0.87198				2
2025.12.24	00:19:48.799		0.87264			4
2025.12.24	00:19:49.352	0.87174	0.87266			6
2025.12.24	00:19:49.692	0.87204				2
2025.12.24	00:19:50.381	0.87194	0.87265			6
2025.12.24	00:19:51.010	0.87204				2
2025.12.24	00:19:55.511	0.87207				2
2025.12.24	00:20:01.423	0.87207				2
2025.12.24	00:20:04.573		0.87266			4
2025.12.24	00:20:23.410		0.87265			4
2025.12.24	00:20:44.329	0.87216				2
2025.12.24	00:20:45.381	0.87212	0.87267			6
2025.12.24	00:20:46.008		0.87266			4
2025.12.24	00:20:47.425		0.87272			4
2025.12.24	00:20:47.832	0.87201	0.87266			6
2025.12.24	00:20:48.571	0.87189				2
2025.12.24	00:20:49.090	0.87193	0.87260			6
2025.12.24	00:20:50.129	0.87196	0.87261			6
2025.12.24	00:20:50.816	0.87174				2
2025.12.24	00:20:51.128	0.87187				2
2025.12.24	00:20:51.477	0.87193				2
2025.12.24	00:20:52.093	0.87196	0.87262			6
2025.12.24	00:20:52.483	0.87174				2
2025.12.24	00:20:53.133	0.87196	0.87263			6
2025.12.24	00:20:55.109		0.87261			4
2025.12.24	00:20:55.766	0.87195	0.87257			6
2025.12.24	00:20:56.078	0.87189	0.87258			6
2025.12.24	00:20:56.402	0.87193				2
2025.12.24	00:20:56.716	0.87175				2
2025.12.24	00:20:57.017	0.87191	0.87260			6
2025.12.24	00:20:57.482		0.87261			4
2025.12.24	00:20:58.140	0.87198	0.87263			6
2025.12.24	00:20:58.655	0.87202				2
2025.12.24	00:21:01.102	0.87205	0.87264			6
2025.12.24	00:21:07.510	0.87208	0.87265			6
2025.12.24	00:21:08.112	0.87209				2
2025.12.24	00:21:11.237	0.87203	0.87264			6
2025.12.24	00:21:11.749	0.87192	0.87263			6
2025.12.24	00:21:14.814	0.87200	0.87264			6
2025.12.24	00:21:17.416	0.87203				2
2025.12.24	00:21:17.922	0.87207	0.87265			6
2025.12.24	00:21:25.509		0.87266			4
2025.12.24	00:21:35.234	0.87220	0.87306			6
2025.12.24	00:21:37.370	0.87222				2
2025.12.24	00:21:40.274	0.87214				2
2025.12.24	00:21:41.102	0.87220	0.87318			6
2025.12.24	00:21:41.417	0.87221	0.87306			6
2025.12.24	00:21:42.126	0.87223	0.87307			6
2025.12.24	00:21:46.104		0.87306			4
2025.12.24	00:21:52.644	0.87222				2
2025.12.24	00:21:53.091	0.87224				2
2025.12.24	00:21:55.933	0.87208				2
2025.12.24	00:21:56.937	0.87207	0.87318			6
2025.12.24	00:21:57.238	0.87206	0.87306			6
2025.12.24	00:21:57.540	0.87207				2
2025.12.24	00:21:57.933	0.87214				2
2025.12.24	00:21:58.411	0.87213				2
2025.12.24	00:21:58.936	0.87215				2
2025.12.24	00:22:00.249	0.87215				2
2025.12.24	00:22:03.353	0.87214				2
2025.12.24	00:22:07.169	0.87208				2
2025.12.24	00:22:07.580	0.87209				2
2025.12.24	00:22:10.252	0.87206	0.87266			6
2025.12.24	00:22:13.940		0.87265			4
2025.12.24	00:22:15.410	0.87210	0.87266			6
2025.12.24	00:22:17.603	0.87211	0.87267			6
2025.12.24	00:22:21.470	0.87214				2
2025.12.24	00:22:26.710		0.87266			4
2025.12.24	00:22:27.921		0.87306			4
2025.12.24	00:22:30.404	0.87215				2
2025.12.24	00:22:31.507	0.87216				2
2025.12.24	00:22:38.043	0.87214				2
2025.12.24	00:22:42.927		0.87271			4
2025.12.24	00:22:46.367		0.87306			4
2025.12.24	00:22:51.022	0.87215				2
2025.12.24	00:22:56.507	0.87212				2
2025.12.24	00:22:57.338	0.87213				2
2025.12.24	00:23:07.917	0.87213				2
2025.12.24	00:23:36.514	0.87215				2
2025.12.24	00:23:37.807	0.87216				2
2025.12.24	00:23:40.330	0.87214				2
2025.12.24	00:23:44.693	0.87215				2
2025.12.24	00:23:48.008	0.87214	0.87306			6
2025.12.24	00:23:48.505	0.87215				2
2025.12.24	00:23:52.709	0.87214				2
2025.12.24	00:23:54.781	0.87213				2
2025.12.24	00:23:58.244	0.87214				2
2025.12.24	00:24:03.983	0.87213				2
2025.12.24	00:24:05.189	0.87209	0.87267			6
2025.12.24	00:24:08.192		0.87306			4
2025.12.24	00:24:50.308	0.87212				2
2025.12.24	00:24:51.791	0.87213				2
2025.12.24	00:25:00.360	0.87213				2
2025.12.24	00:25:08.530		0.87306			4
2025.12.24	00:25:25.457	0.87214				2
2025.12.24	00:25:30.535	0.87205				2
2025.12.24	00:25:31.478	0.87214				2
2025.12.24	00:25:39.077		0.87268			4
2025.12.24	00:25:41.037	0.87218	0.87306			6
2025.12.24	00:25:49.239	0.87217				2
2025.12.24	00:25:54.160	0.87218				2
2025.12.24	00:26:00.607	0.87217				2
2025.12.24	00:26:09.780	0.87218				2
2025.12.24	00:26:16.809	0.87217				2
2025.12.24	00:26:20.981	0.87218				2
2025.12.24	00:26:41.702		0.87306			4
2025.12.24	00:26:47.217	0.87216				2
2025.12.24	00:27:04.348	0.87216				2
2025.12.24	00:27:07.127	0.87215				2
2025.12.24	00:27:12.403	0.87212	0.87297			6
2025.12.24	00:27:12.722	0.87217	0.87304			6
2025.12.24	00:27:13.025	0.87215	0.87289			6
2025.12.24	00:27:13.636		0.87304			4
2025.12.24	00:27:15.853	0.87216	0.87306			6
2025.12.24	00:27:54.482	0.87215				2
2025.12.24	00:28:02.095	0.87215				2
2025.12.24	00:28:15.937		0.87268			4
2025.12.24	00:28:19.988		0.87306			4
2025.12.24	00:29:08.342	0.87215				2
2025.12.24	00:29:20.981		0.87306			4
2025.12.24	00:29:25.333		0.87268			4
2025.12.24	00:29:39.414	0.87216	0.87306			6
2025.12.24	00:29:42.924	0.87215	0.87268			6
2025.12.24	00:29:53.583		0.87269			4
2025.12.24	00:30:00.303	0.87215				2
2025.12.24	00:30:04.988		0.87268			4
2025.12.24	00:30:08.721		0.87269			4
2025.12.24	00:30:09.021	0.87217	0.87306			6
2025.12.24	00:30:13.207		0.87336			4
2025.12.24	00:30:15.510	0.87216				2
2025.12.24	00:30:18.126	0.87215	0.87267			6
2025.12.24	00:30:20.982	0.87216	0.87336			6
2025.12.24	00:30:28.382	0.87217				2
2025.12.24	00:30:31.229	0.87210				2
2025.12.24	00:30:32.494	0.87211				2
2025.12.24	00:30:38.142		0.87306			4
2025.12.24	00:30:39.810	0.87197	0.87263			6
2025.12.24	00:30:44.673	0.87211	0.87306			6
2025.12.24	00:30:49.207	0.87212				2
2025.12.24	00:30:58.208	0.87213				2
2025.12.24	00:31:00.536	0.87213				2
2025.12.24	00:31:01.054	0.87214				2
2025.12.24	00:31:23.310	0.87197	0.87262			6
2025.12.24	00:31:23.795		0.87263			4
2025.12.24	00:31:32.110		0.87262			4
2025.12.24	00:31:39.619		0.87260			4
2025.12.24	00:31:42.691		0.87259			4
2025.12.24	00:31:48.494		0.87261			4
2025.12.24	00:32:00.007	0.87197				2
2025.12.24	00:32:19.810		0.87262			4
2025.12.24	00:32:43.325		0.87259			4
2025.12.24	00:33:02.092	0.87197				2
2025.12.24	00:33:03.008		0.87258			4
2025.12.24	00:33:57.541	0.87203	0.87260			6
2025.12.24	00:34:00.191	0.87204				2
2025.12.24	00:34:07.509	0.87203				2
2025.12.24	00:34:25.815	0.87218	0.87269			6
2025.12.24	00:34:31.840	0.87219	0.87268			6
2025.12.24	00:34:38.343	0.87220	0.87267			6
2025.12.24	00:34:42.482	0.87221				2
2025.12.24	00:34:44.708	0.87220				2
2025.12.24	00:35:03.477	0.87220				2
2025.12.24	00:35:15.314	0.87223	0.87314			6
2025.12.24	00:35:15.682		0.87313			4
2025.12.24	00:35:16.535	0.87225	0.87309			6
2025.12.24	00:35:17.413		0.87306			4
2025.12.24	00:35:18.192	0.87227	0.87321			6
2025.12.24	00:35:20.972	0.87226	0.87306			6
2025.12.24	00:35:22.810	0.87225				2
2025.12.24	00:35:23.445	0.87220				2
2025.12.24	00:35:29.629	0.87219	0.87268			6
2025.12.24	00:35:30.908		0.87269			4
2025.12.24	00:35:34.208		0.87268			4
2025.12.24	00:35:50.489	0.87220				2
2025.12.24	00:35:53.448		0.87267			4
2025.12.24	00:36:00.611	0.87220				2
2025.12.24	00:36:23.558	0.87219				2
2025.12.24	00:36:25.258	0.87220	0.87266			6
2025.12.24	00:36:27.282	0.87219	0.87267			6
2025.12.24	00:36:44.108		0.87268			4
2025.12.24	00:36:49.255		0.87267			4
2025.12.24	00:36:51.311		0.87268			4
2025.12.24	00:36:57.557	0.87228	0.87306			6
2025.12.24	00:37:02.541	0.87228				2
2025.12.24	00:37:24.008	0.87229				2
2025.12.24	00:37:26.339	0.87228				2
2025.12.24	00:37:27.479	0.87229				2
2025.12.24	00:37:35.268	0.87228				2
2025.12.24	00:37:38.107	0.87229				2
2025.12.24	00:37:40.534	0.87228				2
2025.12.24	00:37:52.807	0.87229				2
2025.12.24	00:37:58.246		0.87306			4
2025.12.24	00:37:58.659	0.87228				2
2025.12.24	00:38:01.208	0.87229				2
2025.12.24	00:38:04.323		0.87312			4
2025.12.24	00:38:08.606	0.87228	0.87307			6
2025.12.24	00:38:14.410	0.87229				2
2025.12.24	00:38:40.272	0.87231	0.87313			6
2025.12.24	00:38:56.707	0.87232				2
2025.12.24	00:39:05.572	0.87232				2
2025.12.24	00:39:27.422		0.87314			4
2025.12.24	00:39:28.622	0.87234	0.87313			6
2025.12.24	00:39:30.192	0.87235				2
2025.12.24	00:39:33.302	0.87234				2
2025.12.24	00:39:35.377	0.87235				2
2025.12.24	00:39:38.266	0.87236				2
2025.12.24	00:39:41.724	0.87237	0.87315			6
2025.12.24	00:39:42.483	0.87238	0.87313			6
2025.12.24	00:39:58.631	0.87239				2
2025.12.24	00:40:02.094	0.87239				2
2025.12.24	00:40:18.907	0.87238				2
2025.12.24	00:40:27.487		0.87316			4
2025.12.24	00:40:39.235		0.87317			4
2025.12.24	00:40:40.977	0.87241				2
2025.12.24	00:40:41.299	0.87242				2
2025.12.24	00:40:42.562		0.87321			4
2025.12.24	00:40:48.871	0.87243				2
2025.12.24	00:41:00.007	0.87242				2
2025.12.24	00:41:01.514	0.87244				2
2025.12.24	00:41:03.436	0.87246				2
2025.12.24	00:41:07.052	0.87245				2
2025.12.24	00:41:12.563		0.87313			4
2025.12.24	00:41:23.877		0.87314			4
2025.12.24	00:41:27.567		0.87313			4
2025.12.24	00:41:51.739		0.87316			4
2025.12.24	00:41:52.054		0.87313			4
2025.12.24	00:42:00.536	0.87245				2
2025.12.24	00:42:38.141	0.87251	0.87334			6
2025.12.24	00:42:38.535		0.87329			4
2025.12.24	00:42:41.776	0.87250				2
2025.12.24	00:42:42.995		0.87328			4
2025.12.24	00:42:47.113	0.87251	0.87329			6
2025.12.24	00:42:48.387	0.87249	0.87321			6
2025.12.24	00:42:49.549	0.87248	0.87316			6
2025.12.24	00:42:52.127		0.87314			4
2025.12.24	00:42:52.570		0.87316			4
2025.12.24	00:42:53.000	0.87247	0.87317			6
2025.12.24	00:42:53.695		0.87316			4
2025.12.24	00:42:59.920		0.87317			4
2025.12.24	00:43:00.907	0.87247				2
2025.12.24	00:43:02.551	0.87246	0.87318			6
2025.12.24	00:43:07.423		0.87316			4
2025.12.24	00:43:07.980	0.87241	0.87314			6
2025.12.24	00:43:10.534		0.87313			4
2025.12.24	00:43:15.009	0.87242				2
2025.12.24	00:43:48.341		0.87314			4
2025.12.24	00:43:56.618		0.87313			4
2025.12.24	00:44:02.844	0.87242				2
2025.12.24	00:44:17.410		0.87315			4
2025.12.24	00:44:27.427		0.87314			4
2025.12.24	00:44:27.913		0.87315			4
2025.12.24	00:44:34.214	0.87244				2
2025.12.24	00:44:44.435	0.87240	0.87313			6
2025.12.24	00:44:53.467	0.87239				2
2025.12.24	00:45:03.010	0.87240	0.87300			6
2025.12.24	00:45:03.317	0.87246	0.87307			6
2025.12.24	00:45:04.245	0.87240	0.87301			6
2025.12.24	00:45:06.433	0.87239	0.87313			6
2025.12.24	00:45:06.782	0.87238				2
2025.12.24	00:45:11.801	0.87250	0.87301			6
2025.12.24	00:45:14.628	0.87251				2
2025.12.24	00:45:17.420	0.87250				2
2025.12.24	00:45:19.704	0.87251				2
2025.12.24	00:45:23.767	0.87253				2
2025.12.24	00:45:28.441	0.87245				2
2025.12.24	00:45:29.850	0.87246				2
2025.12.24	00:45:30.365	0.87247				2
2025.12.24	00:45:55.810	0.87246				2
2025.12.24	00:46:01.013	0.87246				2
2025.12.24	00:46:17.707		0.87301			4
2025.12.24	00:46:19.509	0.87247				2
2025.12.24	00:46:28.210	0.87248				2
2025.12.24	00:46:29.538	0.87251	0.87306			6
2025.12.24	00:46:30.059		0.87301			4
2025.12.24	00:46:42.221	0.87254				2
2025.12.24	00:46:42.554	0.87255				2
2025.12.24	00:46:48.007	0.87256				2
2025.12.24	00:47:00.038	0.87256				2
2025.12.24	00:47:03.189		0.87292			4
2025.12.24	00:47:03.810	0.87263	0.87300			6
2025.12.24	00:47:05.694	0.87257	0.87294			6
2025.12.24	00:47:06.624	0.87255	0.87301			6
2025.12.24	00:47:55.474	0.87248				2
2025.12.24	00:47:56.109	0.87247				2
2025.12.24	00:47:56.583	0.87248				2
2025.12.24	00:47:56.963	0.87249				2
2025.12.24	00:47:58.025	0.87248				2
2025.12.24	00:47:59.324	0.87249				2
2025.12.24	00:48:00.744	0.87250				2
2025.12.24	00:48:06.976		0.87301			4
2025.12.24	00:48:41.782	0.87256				2
2025.12.24	00:48:42.191		0.87305			4
2025.12.24	00:48:49.015	0.87255				2
2025.12.24	00:49:01.540	0.87255				2
2025.12.24	00:49:44.818		0.87305			4
2025.12.24	00:50:03.495	0.87255	0.87302			6
2025.12.24	00:50:05.710	0.87254				2
2025.12.24	00:50:26.492	0.87253	0.87291			6
2025.12.24	00:50:27.424	0.87252	0.87290			6
2025.12.24	00:50:27.868		0.87279			4
2025.12.24	00:50:59.107	0.87251				2
2025.12.24	00:51:00.535	0.87251				2
2025.12.24	00:51:10.459	0.87252	0.87301			6
2025.12.24	00:51:17.424	0.87253				2
2025.12.24	00:51:27.425	0.87246				2
2025.12.24	00:51:30.274	0.87252				2
2025.12.24	00:51:33.009	0.87253				2
2025.12.24	00:51:49.306		0.87305			4
2025.12.24	00:51:53.723	0.87254	0.87303			6
2025.12.24	00:51:58.433	0.87259	0.87305			6
2025.12.24	00:51:59.568	0.87260				2
2025.12.24	00:52:00.020	0.87260	0.87303			6
2025.12.24	00:52:01.776	0.87261				2
2025.12.24	00:52:17.417		0.87304			4
2025.12.24	00:52:20.421	0.87264	0.87308			6
2025.12.24	00:52:20.831	0.87263	0.87310			6
2025.12.24	00:52:24.002	0.87264	0.87309			6
2025.12.24	00:52:24.321	0.87265				2
2025.12.24	00:52:27.414		0.87308			4
2025.12.24	00:52:34.982	0.87264				2
2025.12.24	00:52:39.334	0.87263	0.87307			6
2025.12.24	00:52:40.079	0.87262				2
2025.12.24	00:52:43.593		0.87306			4
2025.12.24	00:52:45.914		0.87307			4
2025.12.24	00:52:47.425		0.87306			4
2025.12.24	00:52:48.765	0.87263				2
2025.12.24	00:52:55.089		0.87309			4
2025.12.24	00:52:58.768	0.87262				2
2025.12.24	00:52:59.901		0.87306			4
2025.12.24	00:53:03.748	0.87262				2
2025.12.24	00:53:08.504	0.87261				2
2025.12.24	00:53:15.596	0.87256	0.87305			6
2025.12.24	00:53:16.129		0.87286			4
2025.12.24	00:53:21.399	0.87255				2
2025.12.24	00:53:36.119	0.87254				2
2025.12.24	00:53:39.167	0.87251				2
2025.12.24	00:53:44.171		0.87279			4
2025.12.24	00:53:47.148	0.87250				2
2025.12.24	00:54:01.771	0.87250				2
2025.12.24	00:54:14.332	0.87251	0.87283			6
2025.12.24	00:54:23.279	0.87252				2
2025.12.24	00:54:28.808	0.87253				2
2025.12.24	00:54:45.552		0.87288			4
2025.12.24	00:54:50.213	0.87252				2
2025.12.24	00:54:51.231		0.87286			4
2025.12.24	00:54:53.314		0.87281			4
2025.12.24	00:54:54.174	0.87253				2
2025.12.24	00:55:01.113	0.87253				2
2025.12.24	00:55:02.418	0.87252	0.87284			6
2025.12.24	00:56:02.530	0.87252	0.87284			6
2025.12.24	00:56:03.412		0.87282			4
2025.12.24	00:56:04.448		0.87283			4
2025.12.24	00:56:11.446		0.87284			4
2025.12.24	00:56:22.508	0.87253				2
2025.12.24	00:56:26.439		0.87283			4
2025.12.24	00:56:27.471	0.87252				2
2025.12.24	00:56:32.436		0.87284			4
2025.12.24	00:56:41.232	0.87254	0.87286			6
2025.12.24	00:56:41.547	0.87253				2
2025.12.24	00:56:44.925	0.87254				2
2025.12.24	00:56:50.981	0.87252	0.87284			6
2025.12.24	00:57:02.093	0.87252				2
2025.12.24	00:57:18.493		0.87286			4
2025.12.24	00:57:22.313		0.87284			4
2025.12.24	00:57:36.561	0.87253	0.87294			6
2025.12.24	00:57:44.397	0.87254				2
2025.12.24	00:57:47.076	0.87255				2
2025.12.24	00:57:49.315	0.87261	0.87298			6
2025.12.24	00:57:49.890		0.87300			4
2025.12.24	00:57:50.348	0.87262				2
2025.12.24	00:57:51.489	0.87261				2
2025.12.24	00:57:55.460		0.87301			4
2025.12.24	00:57:56.476	0.87259	0.87295			6
2025.12.24	00:57:59.394		0.87296			4
2025.12.24	00:58:00.420	0.87259	0.87297			6
2025.12.24	00:58:01.528		0.87296			4
2025.12.24	00:58:03.113		0.87305			4
2025.12.24	00:58:05.841	0.87264	0.87306			6
2025.12.24	00:58:09.428	0.87263	0.87303			6
2025.12.24	00:58:10.077	0.87262				2
2025.12.24	00:58:10.711	0.87261				2
2025.12.24	00:58:13.519	0.87259	0.87298			6
2025.12.24	00:58:14.018		0.87299			4
2025.12.24	00:58:24.524	0.87260	0.87297			6
2025.12.24	00:58:25.418	0.87259				2
2025.12.24	00:58:27.439		0.87298			4
2025.12.24	00:58:30.537	0.87260				2
2025.12.24	00:58:39.939		0.87297			4
2025.12.24	00:58:50.393	0.87262	0.87300			6
2025.12.24	00:58:50.810	0.87263	0.87303			6
2025.12.24	00:58:58.216	0.87265				2
2025.12.24	00:59:00.390	0.87266				2
2025.12.24	00:59:03.526	0.87265				2
2025.12.24	00:59:10.150		0.87305			4
2025.12.24	00:59:17.787	0.87264	0.87300			6
2025.12.24	00:59:24.310	0.87263				2
2025.12.24	00:59:25.193		0.87298			4
2025.12.24	00:59:25.952	0.87264				2
2025.12.24	00:59:26.562	0.87263				2
2025.12.24	00:59:27.200	0.87260	0.87299			6
2025.12.24	00:59:27.682		0.87295			4
2025.12.24	00:59:28.792	0.87261				2
2025.12.24	00:59:30.538		0.87298			4
2025.12.24	00:59:30.971		0.87303			4
2025.12.24	00:59:32.969		0.87300			4
2025.12.24	00:59:33.664	0.87260	0.87299			6
2025.12.24	00:59:36.249	0.87261				2
2025.12.24	00:59:39.744	0.87260	0.87297			6
2025.12.24	00:59:46.960	0.87261				2
2025.12.24	00:59:54.127	0.87262				2
2025.12.24	00:59:54.466		0.87300			4
2025.12.24	00:59:56.407		0.87302			4
2025.12.24	00:59:59.836		0.87300			4
2025.12.24	01:00:00.309	0.87264	0.87318			6
2025.12.24	01:00:00.621		0.87306			4
2025.12.24	01:00:00.971		0.87313			4
2025.12.24	01:00:01.291		0.87303			4
2025.12.24	01:00:01.693	0.87263	0.87298			6
2025.12.24	01:00:02.053	0.87266	0.87301			6
2025.12.24	01:00:02.406	0.87261	0.87294			6
2025.12.24	01:00:03.389	0.87240	0.87341			6
2025.12.24	01:00:03.690	0.87231	0.87332			6
2025.12.24	01:00:04.007	0.87246	0.87347			6
2025.12.24	01:00:04.317	0.87232	0.87321			6
2025.12.24	01:00:04.627		0.87319			4
2025.12.24	01:00:04.948	0.87236	0.87320			6
2025.12.24	01:00:05.251	0.87238	0.87324			6
2025.12.24	01:00:05.577	0.87239	0.87319			6
2025.12.24	01:00:06.210	0.87241	0.87321			6
2025.12.24	01:00:06.529	0.87240				2
2025.12.24	01:00:06.834	0.87241				2
2025.12.24	01:00:07.157	0.87254	0.87290			6
2025.12.24	01:00:07.500	0.87256				2
2025.12.24	01:00:08.876		0.87291			4
2025.12.24	01:00:10.170		0.87294			4
2025.12.24	01:00:10.478	0.87257				2
2025.12.24	01:00:12.183	0.87256	0.87290			6
2025.12.24	01:00:13.288	0.87257				2
2025.12.24	01:00:15.246	0.87258				2
2025.12.24	01:00:19.010	0.87260				2
2025.12.24	01:00:19.801	0.87261				2
2025.12.24	01:00:20.287		0.87291			4
2025.12.24	01:00:20.634	0.87259	0.87294			6
2025.12.24	01:00:20.939		0.87290			4
2025.12.24	01:00:26.334	0.87260				2
2025.12.24	01:00:26.685	0.87259				2
2025.12.24	01:00:30.030	0.87261	0.87291			6
2025.12.24	01:00:30.366		0.87296			4
2025.12.24	01:00:31.304		0.87297			4
2025.12.24	01:00:31.969	0.87259	0.87294			6
2025.12.24	01:00:32.280		0.87297			4
2025.12.24	01:00:33.014	0.87257				2
2025.12.24	01:00:33.680	0.87256				2
2025.12.24	01:00:34.295		0.87292			4
2025.12.24	01:00:35.646	0.87258				2
2025.12.24	01:00:40.439		0.87297			4
2025.12.24	01:00:40.750	0.87257				2
2025.12.24	01:00:41.053	0.87256				2
2025.12.24	01:00:42.096	0.87258				2
2025.12.24	01:00:45.841	0.87257				2
2025.12.24	01:00:46.277	0.87258				2
2025.12.24	01:00:46.957	0.87257				2
2025.12.24	01:00:48.328	0.87258	0.87292			6
2025.12.24	01:00:49.257	0.87260				2
2025.12.24	01:00:49.921	0.87259	0.87297			6
2025.12.24	01:00:53.369	0.87261	0.87295			6
2025.12.24	01:00:53.673	0.87259				2
2025.12.24	01:00:53.976	0.87262				2
2025.12.24	01:00:54.278	0.87261				2
2025.12.24	01:00:54.582	0.87260				2
2025.12.24	01:01:00.308	0.87260	0.87292			6
2025.12.24	01:01:00.619	0.87262	0.87294			6
2025.12.24	01:01:01.817	0.87261	0.87293			6
2025.12.24	01:01:02.121	0.87257	0.87291			6
2025.12.24	01:01:02.439	0.87258				2
2025.12.24	01:01:02.760	0.87260	0.87294			6
2025.12.24	01:01:03.065		0.87290			4
2025.12.24	01:01:03.381	0.87259	0.87286			6
2025.12.24	01:01:03.697	0.87261	0.87285			6
2025.12.24	01:01:05.555	0.87262	0.87286			6
2025.12.24	01:01:06.303	0.87260				2
2025.12.24	01:01:07.076	0.87262				2
2025.12.24	01:01:08.097	0.87263				2
2025.12.24	01:01:08.423	0.87261	0.87284			6
2025.12.24	01:01:08.755	0.87262				2
2025.12.24	01:01:09.472		0.87287			4
2025.12.24	01:01:09.855	0.87260	0.87284			6
2025.12.24	01:01:11.070		0.87283			4
2025.12.24	01:01:12.379		0.87285			4
2025.12.24	01:01:13.277	0.87262				2
2025.12.24	01:01:13.691		0.87286			4
2025.12.24	01:01:15.268	0.87263	0.87290			6
2025.12.24	01:01:16.825		0.87288			4
2025.12.24	01:01:18.659	0.87262				2
2025.12.24	01:01:18.974		0.87286			4
2025.12.24	01:01:20.298	0.87261	0.87289			6
2025.12.24	01:01:20.608		0.87287			4
2025.12.24	01:01:21.671		0.87285			4
2025.12.24	01:01:22.980	0.87260				2
2025.12.24	01:01:24.505	0.87259	0.87288			6
2025.12.24	01:01:25.479	0.87260				2
2025.12.24	01:01:28.069		0.87287			4
2025.12.24	01:01:28.438		0.87289			4
2025.12.24	01:01:29.440		0.87290			4
2025.12.24	01:01:29.755	0.87262	0.87285			6
2025.12.24	01:01:30.101		0.87289			4
2025.12.24	01:01:30.800	0.87264				2
2025.12.24	01:01:31.481	0.87262	0.87292			6
2025.12.24	01:01:37.397	0.87261				2
2025.12.24	01:01:40.060	0.87266	0.87280			6
2025.12.24	01:01:40.436	0.87264				2
2025.12.24	01:01:42.470	0.87265	0.87281			6
2025.12.24	01:01:42.958	0.87267	0.87283			6
2025.12.24	01:01:43.611	0.87266	0.87282			6
2025.12.24	01:01:44.520	0.87267				2
2025.12.24	01:01:45.864		0.87283			4
2025.12.24	01:01:46.604		0.87284			4
2025.12.24	01:01:48.339	0.87266	0.87282			6
2025.12.24	01:01:48.671	0.87267				2
2025.12.24	01:01:51.471	0.87266	0.87281			6
2025.12.24	01:01:52.409	0.87265	0.87282			6
2025.12.24	01:01:56.503		0.87281			4
2025.12.24	01:01:58.035	0.87263	0.87282			6
2025.12.24	01:01:59.515	0.87265	0.87280			6
2025.12.24	01:02:00.535	0.87265				2
2025.12.24	01:02:02.082	0.87263				2
2025.12.24	01:02:03.833		0.87279			4
2025.12.24	01:02:05.409		0.87278			4
2025.12.24	01:02:06.267		0.87279			4
2025.12.24	01:02:08.160	0.87265	0.87281			6
2025.12.24	01:02:12.443	0.87264	0.87280			6
2025.12.24	01:02:13.053	0.87265	0.87282			6
2025.12.24	01:02:15.381	0.87270	0.87284			6
2025.12.24	01:02:21.487	0.87273	0.87287			6
2025.12.24	01:02:21.908	0.87274				2
2025.12.24	01:02:24.540	0.87275	0.87289			6
2025.12.24	01:02:27.263	0.87278				2
2025.12.24	01:02:27.911	0.87276	0.87290			6
2025.12.24	01:02:28.628		0.87289			4
2025.12.24	01:02:29.443	0.87277				2
2025.12.24	01:02:31.440	0.87276				2
2025.12.24	01:02:34.255	0.87273	0.87287			6
2025.12.24	01:02:34.560	0.87271				2
2025.12.24	01:02:39.693		0.87286			4
2025.12.24	01:02:40.000	0.87270				2
2025.12.24	01:02:40.698	0.87269	0.87284			6
2025.12.24	01:02:41.377	0.87272	0.87286			6
2025.12.24	01:02:45.043	0.87269	0.87283			6
2025.12.24	01:02:48.487	0.87270	0.87282			6
2025.12.24	01:02:52.808	0.87269				2
2025.12.24	01:02:53.674		0.87283			4
2025.12.24	01:02:54.756	0.87270	0.87282			6
2025.12.24	01:02:56.129	0.87269	0.87283			6
2025.12.24	01:02:57.276		0.87281			4
2025.12.24	01:02:57.687	0.87268				2
2025.12.24	01:03:01.167	0.87268				2
2025.12.24	01:03:03.378		0.87279			4
2025.12.24	01:03:08.562	0.87267				2
2025.12.24	01:03:09.076	0.87269	0.87280			6
2025.12.24	01:03:15.364	0.87270	0.87282			6
2025.12.24	01:03:18.852		0.87283			4
2025.12.24	01:03:22.542		0.87284			4
2025.12.24	01:03:24.310		0.87283			4
2025.12.24	01:03:28.808	0.87271				2
2025.12.24	01:03:30.411	0.87270				2
2025.12.24	01:03:33.009		0.87284			4
2025.12.24	01:03:36.421		0.87283			4
2025.12.24	01:03:39.941		0.87284			4
2025.12.24	01:03:40.377		0.87283			4
2025.12.24	01:03:43.208	0.87272	0.87285			6
2025.12.24	01:03:43.533	0.87274				2
2025.12.24	01:03:46.215	0.87272	0.87283			6
2025.12.24	01:03:47.243	0.87268	0.87279			6
2025.12.24	01:03:47.862	0.87267	0.87275			6
2025.12.24	01:03:56.880	0.87265				2
2025.12.24	01:03:57.353	0.87264				2
2025.12.24	01:03:58.033	0.87262	0.87273			6
2025.12.24	01:04:00.533	0.87262				2
2025.12.24	01:04:02.220	0.87263	0.87272			6
2025.12.24	01:04:03.927	0.87262				2
2025.12.24	01:04:05.472	0.87261	0.87273			6
2025.12.24	01:04:13.850	0.87269	0.87270			6
2025.12.24	01:04:14.772	0.87268	0.87269			6
2025.12.24	01:04:15.076	0.87271	0.87272			6
2025.12.24	01:04:15.394	0.87272	0.87273			6
2025.12.24	01:04:16.014	0.87270	0.87271			6
2025.12.24	01:04:17.542	0.87265	0.87275			6
2025.12.24	01:04:18.908	0.87264				2
2025.12.24	01:04:33.309	0.87265				2
2025.12.24	01:04:37.082	0.87271	0.87272			6
2025.12.24	01:04:38.643	0.87270	0.87271			6
2025.12.24	01:04:40.473	0.87265	0.87275			6
2025.12.24	01:04:41.108		0.87274			4
2025.12.24	01:04:52.112	0.87264	0.87275			6
2025.12.24	01:04:55.877	0.87265				2
2025.12.24	01:04:59.676		0.87276			4
2025.12.24	01:05:00.365	0.87267	0.87279			6
2025.12.24	01:05:00.843	0.87268	0.87278			6
2025.12.24	01:05:02.408		0.87277			4
2025.12.24	01:05:06.464	0.87264	0.87275			6
2025.12.24	01:05:10.742		0.87273			4
2025.12.24	01:05:13.927	0.87263				2
2025.12.24	01:05:16.508		0.87272			4
2025.12.24	01:05:22.860		0.87273			4
2025.12.24	01:05:23.407	0.87264	0.87272			6
2025.12.24	01:05:27.909	0.87263				2
2025.12.24	01:05:33.047	0.87264				2
2025.12.24	01:05:36.702	0.87263				2
2025.12.24	01:06:00.650	0.87264	0.87271			6
2025.12.24	01:06:01.313	0.87263				2
2025.12.24	01:06:02.772	0.87265	0.87273			6
2025.12.24	01:06:16.025	0.87268	0.87276			6
2025.12.24	01:06:16.370	0.87269	0.87278			6
2025.12.24	01:06:19.982	0.87270	0.87277			6
2025.12.24	01:06:22.566	0.87275	0.87283			6
2025.12.24	01:06:22.878	0.87282	0.87290			6
2025.12.24	01:06:23.821	0.87278	0.87287			6
2025.12.24	01:06:27.010	0.87279				2
2025.12.24	01:06:30.392	0.87280				2
2025.12.24	01:06:32.267	0.87283	0.87289			6
2025.12.24	01:06:32.945	0.87277	0.87284			6
2025.12.24	01:06:36.607		0.87283			4
2025.12.24	01:06:37.033	0.87278	0.87284			6
2025.12.24	01:06:37.596	0.87276	0.87283			6
2025.12.24	01:06:37.924	0.87275	0.87282			6
2025.12.24	01:06:38.238		0.87281			4
2025.12.24	01:06:38.544	0.87274	0.87280			6
2025.12.24	01:06:56.912	0.87276	0.87283			6
2025.12.24	01:06:57.964	0.87277				2
2025.12.24	01:07:00.192	0.87277				2
2025.12.24	01:07:01.830	0.87275				2
2025.12.24	01:07:07.391	0.87274	0.87282			6
2025.12.24	01:07:09.209		0.87281			4
2025.12.24	01:07:12.608		0.87282			4
2025.12.24	01:07:15.382	0.87279	0.87285			6
2025.12.24	01:07:19.808		0.87286			4
2025.12.24	01:07:34.504	0.87277	0.87283			6
2025.12.24	01:07:34.999	0.87275				2
2025.12.24	01:07:44.710	0.87276				2
2025.12.24	01:07:45.212	0.87277	0.87284			6
2025.12.24	01:08:05.576	0.87276	0.87285			6
2025.12.24	01:08:06.925	0.87275	0.87284			6
2025.12.24	01:08:09.743	0.87274				2
2025.12.24	01:08:11.121	0.87277				2
2025.12.24	01:08:25.939		0.87285			4
2025.12.24	01:08:26.696	0.87275	0.87284			6
2025.12.24	01:08:37.509	0.87274				2
2025.12.24	01:08:42.517		0.87282			4
2025.12.24	01:08:51.307	0.87275				2
2025.12.24	01:08:54.119	0.87278	0.87285			6
2025.12.24	01:09:00.441	0.87278				2
2025.12.24	01:09:04.509	0.87277				2
2025.12.24	01:09:15.933	0.87279				2
2025.12.24	01:09:19.116	0.87277				2
2025.12.24	01:09:37.296	0.87278	0.87284			6
2025.12.24	01:09:50.408	0.87279				2
2025.12.24	01:09:54.783		0.87287			4
2025.12.24	01:09:59.387	0.87282	0.87290			6
2025.12.24	01:09:59.982	0.87283				2
2025.12.24	01:10:00.911	0.87283	0.87289			6
2025.12.24	01:10:01.417		0.87288			4
2025.12.24	01:10:03.178	0.87284	0.87289			6
2025.12.24	01:10:05.559	0.87282				2
2025.12.24	01:10:05.866	0.87284	0.87291			6
2025.12.24	01:10:07.065	0.87283				2
2025.12.24	01:10:15.396	0.87285				2
2025.12.24	01:10:32.898	0.87284	0.87292			6
2025.12.24	01:10:33.200		0.87293			4
2025.12.24	01:10:40.083	0.87285				2
2025.12.24	01:10:44.916		0.87292			4
2025.12.24	01:10:47.662		0.87293			4
2025.12.24	01:10:48.063		0.87292			4
2025.12.24	01:10:49.073	0.87284				2
2025.12.24	01:10:52.200	0.87283	0.87290			6
2025.12.24	01:10:53.778	0.87284	0.87291			6
2025.12.24	01:10:54.816	0.87283				2
2025.12.24	01:10:56.082	0.87279	0.87286			6
2025.12.24	01:10:58.279	0.87280				2
2025.12.24	01:11:00.537	0.87280				2
2025.12.24	01:11:02.378	0.87284	0.87291			6
2025.12.24	01:11:05.965	0.87285				2
2025.12.24	01:11:06.382	0.87281	0.87288			6
2025.12.24	01:11:08.344		0.87287			4
2025.12.24	01:11:15.244	0.87282				2
2025.12.24	01:11:15.909		0.87289			4
2025.12.24	01:11:16.534	0.87284				2
2025.12.24	01:11:24.951		0.87291			4
2025.12.24	01:11:25.258	0.87285				2
2025.12.24	01:11:42.640		0.87286			4
2025.12.24	01:11:43.774	0.87282	0.87285			6
2025.12.24	01:11:47.349	0.87284				2
2025.12.24	01:11:51.007	0.87283	0.87284			6
2025.12.24	01:11:57.600	0.87282				2
2025.12.24	01:11:59.531		0.87285			4
2025.12.24	01:12:00.430	0.87282	0.87284			6
2025.12.24	01:12:02.404	0.87283	0.87285			6
2025.12.24	01:12:04.138	0.87282	0.87284			6
2025.12.24	01:12:06.617	0.87283	0.87285			6
2025.12.24	01:12:08.335		0.87284			4
2025.12.24	01:12:10.528	0.87284	0.87285			6
2025.12.24	01:12:31.379	0.87283				2
2025.12.24	01:12:32.677	0.87284				2
2025.12.24	01:12:37.634	0.87282				2
2025.12.24	01:12:38.824		0.87284			4
2025.12.24	01:12:40.360		0.87285			4
2025.12.24	01:12:40.698	0.87283				2
2025.12.24	01:12:46.233	0.87282				2
2025.12.24	01:12:46.698	0.87283	0.87284			6
2025.12.24	01:12:53.946		0.87285			4
2025.12.24	01:13:00.569	0.87283				2
2025.12.24	01:13:14.382		0.87286			4
2025.12.24	01:13:15.366	0.87284				2
2025.12.24	01:13:20.004		0.87290			4
2025.12.24	01:13:20.328		0.87285			4
2025.12.24	01:13:22.057		0.87286			4
2025.12.24	01:13:32.580	0.87282	0.87285			6
2025.12.24	01:13:32.888		0.87284			4
2025.12.24	01:13:33.213		0.87285			4
2025.12.24	01:14:00.766	0.87282				2
2025.12.24	01:14:01.767		0.87286			4
2025.12.24	01:14:03.609	0.87283				2
2025.12.24	01:14:05.726		0.87285			4
2025.12.24	01:14:10.556	0.87282				2
2025.12.24	01:14:15.804		0.87286			4
2025.12.24	01:14:17.005		0.87285			4
2025.12.24	01:14:25.208	0.87283				2
2025.12.24	01:14:31.377		0.87286			4
2025.12.24	01:14:32.646	0.87282	0.87285			6
2025.12.24	01:14:38.890	0.87281				2
2025.12.24	01:14:44.018	0.87284	0.87286			6
2025.12.24	01:14:47.778	0.87282	0.87285			6
2025.12.24	01:14:50.921		0.87284			4
2025.12.24	01:14:55.466		0.87285			4
2025.12.24	01:14:57.089	0.87287	0.87289			6
2025.12.24	01:14:58.288	0.87286				2
2025.12.24	01:15:00.317	0.87286				2
2025.12.24	01:15:00.691		0.87288			4
2025.12.24	01:15:02.126	0.87285	0.87287			6
2025.12.24	01:15:02.535	0.87284	0.87288			6
2025.12.24	01:15:02.836	0.87285				2
2025.12.24	01:15:03.903	0.87284	0.87287			6
2025.12.24	01:15:05.046	0.87283				2
2025.12.24	01:15:05.469	0.87284				2
2025.12.24	01:15:06.514	0.87283				2
2025.12.24	01:15:07.213	0.87284				2
2025.12.24	01:15:08.056	0.87283				2
2025.12.24	01:15:09.908	0.87284				2
2025.12.24	01:15:11.205	0.87283				2
2025.12.24	01:15:12.108		0.87286			4
2025.12.24	01:15:12.430		0.87287			4
2025.12.24	01:15:13.521	0.87284				2
2025.12.24	01:15:14.238	0.87283				2
2025.12.24	01:15:14.593	0.87284				2
2025.12.24	01:15:20.364	0.87283				2
2025.12.24	01:15:20.825		0.87286			4
2025.12.24	01:15:21.164		0.87287			4
2025.12.24	01:15:32.759	0.87282				2
2025.12.24	01:15:45.301	0.87283				2
2025.12.24	01:15:46.353		0.87286			4
2025.12.24	01:15:49.391	0.87281	0.87285			6
2025.12.24	01:15:49.697	0.87280				2
2025.12.24	01:15:50.034	0.87282				2
2025.12.24	01:15:50.393	0.87281	0.87284			6
2025.12.24	01:15:50.698	0.87283				2
2025.12.24	01:16:02.134	0.87283	0.87285			6
2025.12.24	01:16:06.347		0.87286			4
2025.12.24	01:16:10.199	0.87285	0.87288			6
2025.12.24	01:16:10.929	0.87286				2
2025.12.24	01:16:11.867	0.87285				2
2025.12.24	01:16:14.315	0.87286				2
2025.12.24	01:16:22.636		0.87289			4
2025.12.24	01:16:24.716	0.87285				2
2025.12.24	01:16:25.252	0.87286				2
2025.12.24	01:16:31.055		0.87288			4
2025.12.24	01:16:39.074	0.87285				2
2025.12.24	01:16:39.863	0.87286				2
2025.12.24	01:16:48.407	0.87285				2
2025.12.24	01:16:49.447	0.87286				2
2025.12.24	01:16:50.559	0.87285				2
2025.12.24	01:16:51.136	0.87286				2
2025.12.24	01:16:53.685	0.87284	0.87287			6
2025.12.24	01:16:54.471		0.87288			4
2025.12.24	01:16:54.949	0.87285				2
2025.12.24	01:16:56.054	0.87284				2
2025.12.24	01:16:57.420		0.87287			4
2025.12.24	01:17:02.185	0.87284				2
2025.12.24	01:17:04.149	0.87283				2
2025.12.24	01:17:05.135	0.87284				2
2025.12.24	01:17:06.249		0.87288			4
2025.12.24	01:17:07.412		0.87287			4
2025.12.24	01:17:16.189	0.87283				2
2025.12.24	01:17:16.722		0.87286			4
2025.12.24	01:17:25.461	0.87281				2
2025.12.24	01:17:25.804	0.87282				2
2025.12.24	01:17:28.209	0.87283				2
2025.12.24	01:17:29.308	0.87282				2
2025.12.24	01:17:29.680	0.87281				2
2025.12.24	01:17:30.706	0.87283				2
2025.12.24	01:17:31.053		0.87287			4
2025.12.24	01:17:31.680	0.87285	0.87288			6
2025.12.24	01:17:34.965	0.87286				2
2025.12.24	01:17:54.789	0.87283	0.87286			6
2025.12.24	01:17:55.590	0.87284				2
2025.12.24	01:17:57.462		0.87287			4
2025.12.24	01:18:00.353	0.87284				2
2025.12.24	01:18:03.236		0.87286			4
2025.12.24	01:18:14.900	0.87285				2
2025.12.24	01:18:17.339	0.87286	0.87287			6
2025.12.24	01:18:17.647		0.87288			4
2025.12.24	01:18:33.460		0.87289			4
2025.12.24	01:18:33.783		0.87288			4
2025.12.24	01:18:37.983		0.87289			4
2025.12.24	01:18:38.357	0.87287				2
2025.12.24	01:18:38.670	0.87286				2
2025.12.24	01:18:38.993	0.87287				2
2025.12.24	01:18:39.863	0.87289	0.87290			6
2025.12.24	01:18:40.261	0.87290	0.87292			6
2025.12.24	01:18:40.807	0.87291	0.87293			6
2025.12.24	01:18:41.937		0.87292			4
2025.12.24	01:18:43.191		0.87293			4
2025.12.24	01:18:47.421	0.87290				2
2025.12.24	01:18:51.149		0.87292			4
2025.12.24	01:18:52.843	0.87289				2
2025.12.24	01:19:06.009	0.87289				2
2025.12.24	01:19:06.361	0.87287	0.87290			6
2025.12.24	01:19:11.707	0.87288				2
2025.12.24	01:19:25.048		0.87291			4
2025.12.24	01:19:27.368	0.87287				2
2025.12.24	01:19:29.474		0.87290			4
2025.12.24	01:19:31.599	0.87288				2
2025.12.24	01:19:39.715		0.87291			4
2025.12.24	01:19:49.070	0.87287				2
2025.12.24	01:19:55.273	0.87288				2
2025.12.24	01:19:58.837		0.87290			4
2025.12.24	01:20:00.448	0.87288				2
2025.12.24	01:20:03.888		0.87291			4
2025.12.24	01:20:04.611	0.87287	0.87290			6
2025.12.24	01:20:04.917	0.87288				2
2025.12.24	01:20:14.975	0.87287				2
2025.12.24	01:20:16.085	0.87288				2
2025.12.24	01:20:24.397	0.87287				2
2025.12.24	01:20:25.065	0.87288				2
2025.12.24	01:20:26.163		0.87292			4
2025.12.24	01:20:26.467	0.87290	0.87293			6
2025.12.24	01:20:26.778		0.87292			4
2025.12.24	01:20:27.937	0.87289				2
2025.12.24	01:20:44.490	0.87291	0.87293			6
2025.12.24	01:20:46.379	0.87292				2
2025.12.24	01:20:47.440	0.87291	0.87292			6
2025.12.24	01:20:50.455	0.87290	0.87293			6
2025.12.24	01:20:50.758	0.87291				2
2025.12.24	01:20:53.077	0.87290	0.87292			6
2025.12.24	01:20:57.176	0.87289				2
2025.12.24	01:20:59.116		0.87291			4
2025.12.24	01:21:00.908	0.87289				2
2025.12.24	01:21:07.461	0.87288				2
2025.12.24	01:21:59.690		0.87291			4
2025.12.24	01:22:00.013	0.87288				2
2025.12.24	01:22:03.865	0.87289				2
2025.12.24	01:22:05.716	0.87288				2
2025.12.24	01:22:07.977	0.87289				2
2025.12.24	01:22:10.548	0.87288	0.87290			6
2025.12.24	01:22:49.705	0.87285				2
2025.12.24	01:22:50.368	0.87286				2
2025.12.24	01:22:50.880	0.87285	0.87289			6
2025.12.24	01:22:51.838		0.87290			4
2025.12.24	01:22:56.675		0.87289			4
2025.12.24	01:23:00.022	0.87285				2
2025.12.24	01:23:58.412		0.87290			4
2025.12.24	01:23:59.377		0.87289			4
2025.12.24	01:24:00.312	0.87285				2
2025.12.24	01:24:06.478		0.87288			4
2025.12.24	01:24:07.165		0.87287			4
2025.12.24	01:24:11.053	0.87286				2
2025.12.24	01:24:11.359	0.87288	0.87289			6
2025.12.24	01:24:14.867	0.87286	0.87288			6
2025.12.24	01:24:16.437		0.87287			4
2025.12.24	01:24:21.556	0.87285				2
2025.12.24	01:24:23.592		0.87286			4
2025.12.24	01:24:31.735		0.87287			4
2025.12.24	01:24:33.007	0.87286				2
2025.12.24	01:24:37.020	0.87284	0.87286			6
2025.12.24	01:24:38.095		0.87285			4
2025.12.24	01:24:38.790	0.87283				2
2025.12.24	01:24:39.172		0.87286			4
2025.12.24	01:24:39.677		0.87285			4
2025.12.24	01:24:41.433	0.87280	0.87284			6
2025.12.24	01:24:41.739	0.87281				2
2025.12.24	01:25:02.094	0.87281				2
2025.12.24	01:25:03.007	0.87282				2
2025.12.24	01:25:03.436	0.87280				2
2025.12.24	01:25:04.810	0.87281				2
2025.12.24	01:25:06.688	0.87282				2
2025.12.24	01:25:13.986	0.87281				2
2025.12.24	01:25:15.393	0.87282				2
2025.12.24	01:25:16.408	0.87281				2
2025.12.24	01:25:19.675	0.87282				2
2025.12.24	01:25:38.704	0.87281				2
2025.12.24	01:25:41.676		0.87284			4
2025.12.24	01:25:44.075	0.87284	0.87286			6
2025.12.24	01:25:49.627	0.87285				2
2025.12.24	01:25:56.051	0.87284	0.87287			6
2025.12.24	01:25:56.367		0.87286			4
2025.12.24	01:25:56.696	0.87285				2
2025.12.24	01:25:57.182		0.87287			4
2025.12.24	01:25:59.257	0.87287	0.87289			6
2025.12.24	01:26:00.304	0.87287				2
2025.12.24	01:26:01.731	0.87288				2
2025.12.24	01:26:03.086	0.87283	0.87285			6
2025.12.24	01:26:04.430	0.87285	0.87286			6
2025.12.24	01:26:07.531	0.87286	0.87287			6
2025.12.24	01:26:11.536	0.87285	0.87286			6
2025.12.24	01:26:15.201	0.87284	0.87285			6
2025.12.24	01:26:20.536	0.87285	0.87286			6
2025.12.24	01:26:22.805	0.87286	0.87287			6
2025.12.24	01:26:35.115	0.87287	0.87288			6
2025.12.24	01:26:36.159	0.87286	0.87287			6
2025.12.24	01:26:44.450	0.87285	0.87286			6
2025.12.24	01:27:00.867	0.87286	0.87287			6
2025.12.24	01:27:02.588	0.87285	0.87286			6
2025.12.24	01:27:07.811	0.87286	0.87287			6
2025.12.24	01:27:16.030	0.87287	0.87288			6
2025.12.24	01:27:16.582	0.87286	0.87287			6
2025.12.24	01:27:17.681		0.87288			4
2025.12.24	01:27:30.332		0.87287			4
2025.12.24	01:27:31.300	0.87287	0.87289			6
2025.12.24	01:27:33.701	0.87288				2
2025.12.24	01:27:34.606	0.87287				2
2025.12.24	01:27:37.257	0.87288				2
2025.12.24	01:27:52.361	0.87293	0.87294			6
2025.12.24	01:27:52.662	0.87292	0.87293			6
2025.12.24	01:28:02.809	0.87292				2
2025.12.24	01:28:19.842	0.87293	0.87295			6
2025.12.24	01:28:21.123	0.87294				2
2025.12.24	01:28:21.587	0.87288	0.87291			6
2025.12.24	01:28:21.924		0.87290			4
2025.12.24	01:28:22.327	0.87287				2
2025.12.24	01:28:23.419	0.87288				2
2025.12.24	01:28:28.651	0.87287	0.87289			6
2025.12.24	01:28:35.333	0.87288	0.87290			6
2025.12.24	01:28:35.717	0.87289				2
2025.12.24	01:28:39.466	0.87290	0.87291			6
2025.12.24	01:28:46.646	0.87289	0.87290			6
2025.12.24	01:28:47.350	0.87290	0.87291			6
2025.12.24	01:28:48.676	0.87289	0.87290			6
2025.12.24	01:28:49.083	0.87290	0.87291			6
2025.12.24	01:29:00.055	0.87290				2
2025.12.24	01:29:01.755	0.87289	0.87290			6
2025.12.24	01:29:02.137	0.87290	0.87291			6
2025.12.24	01:29:02.976	0.87288	0.87289			6
2025.12.24	01:29:23.873		0.87290			4
2025.12.24	01:29:24.178	0.87289				2
2025.12.24	01:29:24.509	0.87290	0.87291			6
2025.12.24	01:29:31.813	0.87292	0.87293			6
2025.12.24	01:29:33.710	0.87291	0.87292			6
2025.12.24	01:29:39.658	0.87292	0.87293			6
2025.12.24	01:29:40.374	0.87291	0.87292			6
2025.12.24	01:29:41.440	0.87290	0.87291			6
2025.12.24	01:30:00.473	0.87290				2
2025.12.24	01:30:02.120	0.87291	0.87292			6
2025.12.24	01:30:02.434	0.87294	0.87295			6
2025.12.24	01:30:03.280	0.87295	0.87296			6
2025.12.24	01:30:06.104	0.87294	0.87295			6
2025.12.24	01:30:06.730		0.87296			4
2025.12.24	01:30:15.358	0.87295	0.87297			6
2025.12.24	01:30:15.675	0.87292	0.87295			6
2025.12.24	01:30:15.979	0.87293				2
2025.12.24	01:30:22.386		0.87294			4
2025.12.24	01:30:24.887	0.87292	0.87293			6
2025.12.24	01:30:25.407	0.87291	0.87292			6
2025.12.24	01:30:26.242	0.87290				2
2025.12.24	01:30:43.640	0.87287	0.87290			6
2025.12.24	01:30:49.947	0.87288	0.87291			6
2025.12.24	01:30:52.984	0.87289				2
2025.12.24	01:30:57.007	0.87291	0.87293			6
2025.12.24	01:30:57.318		0.87292			4
2025.12.24	01:30:59.240	0.87292	0.87293			6
2025.12.24	01:31:00.396	0.87292				2
2025.12.24	01:31:01.073		0.87294			4
2025.12.24	01:31:02.771		0.87293			4
2025.12.24	01:31:07.383	0.87293	0.87294			6
2025.12.24	01:31:16.210	0.87292				2
2025.12.24	01:31:21.961	0.87293				2
2025.12.24	01:31:23.396		0.87295			4
2025.12.24	01:31:23.808	0.87291	0.87294			6
2025.12.24	01:31:28.209	0.87296	0.87297			6
2025.12.24	01:31:30.405	0.87295	0.87296			6
2025.12.24	01:31:35.587	0.87294	0.87295			6
2025.12.24	01:31:37.183		0.87296			4
2025.12.24	01:31:37.498	0.87293	0.87295			6
2025.12.24	01:31:37.806		0.87294			4
2025.12.24	01:31:38.121	0.87292				2
2025.12.24	01:31:39.922		0.87295			4
2025.12.24	01:31:43.786		0.87294			4
2025.12.24	01:31:50.376		0.87293			4
2025.12.24	01:31:53.872	0.87293	0.87295			6
2025.12.24	01:31:54.177	0.87294				2
2025.12.24	01:31:55.473	0.87295	0.87296			6
2025.12.24	01:31:55.802	0.87294				2
2025.12.24	01:31:56.107		0.87295			4
2025.12.24	01:32:00.438	0.87290	0.87293			6
2025.12.24	01:32:00.742		0.87292			4
2025.12.24	01:32:05.007	0.87292	0.87295			6
2025.12.24	01:32:05.922	0.87291	0.87293			6
2025.12.24	01:32:06.236	0.87293	0.87295			6
2025.12.24	01:32:10.135	0.87294				2
2025.12.24	01:32:11.857	0.87293				2
2025.12.24	01:32:12.196	0.87294				2
2025.12.24	01:32:12.866	0.87293				2
2025.12.24	01:32:13.542	0.87294				2
2025.12.24	01:32:14.171		0.87296			4
2025.12.24	01:32:24.453		0.87295			4
2025.12.24	01:32:24.772	0.87295	0.87296			6
2025.12.24	01:32:25.508	0.87294	0.87295			6
2025.12.24	01:32:26.048	0.87293				2
2025.12.24	01:32:26.360	0.87294	0.87296			6
2025.12.24	01:32:26.673		0.87295			4
2025.12.24	01:32:26.978		0.87296			4
2025.12.24	01:32:27.407		0.87295			4
2025.12.24	01:32:28.009		0.87296			4
2025.12.24	01:32:28.407	0.87295				2
2025.12.24	01:32:28.720	0.87294	0.87295			6
2025.12.24	01:32:29.091		0.87296			4
2025.12.24	01:32:29.407		0.87295			4
2025.12.24	01:32:29.717	0.87295	0.87296			6
2025.12.24	01:32:30.027	0.87294	0.87295			6
2025.12.24	01:32:31.217	0.87296	0.87297			6
2025.12.24	01:32:31.593	0.87293	0.87295			6
2025.12.24	01:32:31.910	0.87295	0.87296			6
2025.12.24	01:32:33.226	0.87294	0.87295			6
2025.12.24	01:32:33.538	0.87295	0.87296			6
2025.12.24	01:32:37.840	0.87296	0.87297			6
2025.12.24	01:32:40.164	0.87295	0.87296			6
2025.12.24	01:32:40.488	0.87296	0.87297			6
2025.12.24	01:32:43.078	0.87295				2
2025.12.24	01:32:46.231		0.87296			4
2025.12.24	01:32:51.308		0.87297			4
2025.12.24	01:33:00.377	0.87293	0.87294			6
2025.12.24	01:33:00.700	0.87292				2
2025.12.24	01:33:02.282	0.87291				2
2025.12.24	01:33:04.922	0.87292				2
2025.12.24	01:33:05.227	0.87291				2
2025.12.24	01:33:07.122		0.87293			4
2025.12.24	01:33:07.469	0.87290	0.87294			6
2025.12.24	01:33:07.797		0.87293			4
2025.12.24	01:33:11.725	0.87292	0.87294			6
2025.12.24	01:33:21.103	0.87291				2
2025.12.24	01:33:37.942		0.87292			4
2025.12.24	01:33:50.425	0.87290	0.87291			6
2025.12.24	01:33:50.967		0.87292			4
2025.12.24	01:33:51.331		0.87291			4
2025.12.24	01:33:51.784		0.87292			4
2025.12.24	01:33:53.439		0.87291			4
2025.12.24	01:33:56.749	0.87291	0.87292			6
2025.12.24	01:34:01.273	0.87291				2
2025.12.24	01:34:06.040	0.87289	0.87290			6
2025.12.24	01:34:07.188		0.87291			4
2025.12.24	01:34:11.442	0.87290				2
2025.12.24	01:34:11.747		0.87292			4
2025.12.24	01:34:17.353		0.87291			4
2025.12.24	01:34:17.852		0.87292			4
2025.12.24	01:34:19.477		0.87291			4
2025.12.24	01:34:23.181		0.87292			4
2025.12.24	01:34:27.327		0.87291			4
2025.12.24	01:34:27.670	0.87291	0.87292			6
2025.12.24	01:34:28.873		0.87293			4
2025.12.24	01:34:31.139		0.87292			4
2025.12.24	01:34:32.266		0.87293			4
2025.12.24	01:34:46.767	0.87290	0.87292			6
2025.12.24	01:34:50.415		0.87293			4
2025.12.24	01:34:54.009		0.87291			4
2025.12.24	01:35:02.279	0.87290				2
2025.12.24	01:35:25.383	0.87291	0.87292			6
2025.12.24	01:35:28.811	0.87289	0.87291			6
2025.12.24	01:35:37.272	0.87290				2
2025.12.24	01:35:46.546	0.87292	0.87293			6
2025.12.24	01:35:50.405		0.87294			4
2025.12.24	01:35:54.388	0.87293	0.87295			6
2025.12.24	01:36:00.774	0.87293				2
2025.12.24	01:36:04.749		0.87294			4
2025.12.24	01:36:06.009	0.87294	0.87295			6
2025.12.24	01:36:07.481	0.87293	0.87294			6
2025.12.24	01:36:09.106	0.87294	0.87295			6
2025.12.24	01:36:10.038	0.87293	0.87294			6
2025.12.24	01:37:02.411	0.87293				2
2025.12.24	01:37:11.005		0.87294			4
2025.12.24	01:37:13.673	0.87294	0.87295			6
2025.12.24	01:37:26.747	0.87295	0.87296			6
2025.12.24	01:37:27.853	0.87291	0.87292			6
2025.12.24	01:37:35.834	0.87290	0.87291			6
2025.12.24	01:37:38.234	0.87291	0.87292			6
2025.12.24	01:37:47.461	0.87290	0.87291			6
2025.12.24	01:37:53.935	0.87291	0.87292			6
2025.12.24	01:38:00.360	0.87291				2
2025.12.24	01:38:11.903	0.87289	0.87291			6
2025.12.24	01:38:14.663		0.87290			4
2025.12.24	01:38:22.377	0.87288				2
2025.12.24	01:38:24.627	0.87292	0.87293			6
2025.12.24	01:38:29.216	0.87289	0.87290			6
2025.12.24	01:38:30.035	0.87287	0.87289			6
2025.12.24	01:38:34.182	0.87289	0.87290			6
2025.12.24	01:38:49.548	0.87288	0.87289			6
2025.12.24	01:38:49.929	0.87291	0.87292			6
2025.12.24	01:38:50.894	0.87290	0.87291			6
2025.12.24	01:38:51.200	0.87289	0.87290			6
2025.12.24	01:38:57.397	0.87288	0.87289			6
2025.12.24	01:38:57.839		0.87290			4
2025.12.24	01:38:59.143	0.87292	0.87293			6
2025.12.24	01:39:00.736	0.87291	0.87292			6
2025.12.24	01:39:03.220	0.87292	0.87293			6
2025.12.24	01:39:25.422	0.87291	0.87292			6
2025.12.24	01:39:41.407	0.87292	0.87293			6
2025.12.24	01:40:00.027	0.87292				2
2025.12.24	01:40:20.073	0.87291	0.87292			6
2025.12.24	01:40:22.073	0.87292	0.87293			6
2025.12.24	01:40:22.384	0.87291				2
2025.12.24	01:40:22.931	0.87290				2
2025.12.24	01:40:25.871	0.87292	0.87294			6
2025.12.24	01:40:57.048		0.87293			4
2025.12.24	01:40:57.811		0.87294			4
2025.12.24	01:41:00.065	0.87292				2
2025.12.24	01:41:06.716	0.87293				2
2025.12.24	01:41:07.218	0.87292				2
2025.12.24	01:41:28.241		0.87293			4
2025.12.24	01:41:29.354		0.87294			4
2025.12.24	01:41:37.416		0.87293			4
2025.12.24	01:42:00.801	0.87292				2
2025.12.24	01:42:01.318	0.87291				2
2025.12.24	01:42:01.899	0.87292				2
2025.12.24	01:42:23.778	0.87291	0.87292			6
2025.12.24	01:42:39.558	0.87288	0.87290			6
2025.12.24	01:42:48.726	0.87286	0.87288			6
2025.12.24	01:42:49.038	0.87287				2
2025.12.24	01:42:51.070		0.87289			4
2025.12.24	01:42:57.281		0.87288			4
2025.12.24	01:42:58.305	0.87286				2
2025.12.24	01:43:00.618	0.87286				2
2025.12.24	01:43:06.397	0.87287				2
2025.12.24	01:43:09.457	0.87286				2
2025.12.24	01:43:10.852	0.87289	0.87290			6
2025.12.24	01:43:12.691	0.87288	0.87289			6
2025.12.24	01:43:13.351	0.87289	0.87290			6
2025.12.24	01:43:20.320	0.87288	0.87289			6
2025.12.24	01:43:23.049	0.87287	0.87288			6
2025.12.24	01:43:23.352		0.87289			4
2025.12.24	01:43:24.440		0.87288			4
2025.12.24	01:43:28.791	0.87289	0.87290			6
2025.12.24	01:43:33.914	0.87288	0.87289			6
2025.12.24	01:43:36.776		0.87290			4
2025.12.24	01:43:49.509	0.87289				2
2025.12.24	01:44:00.380	0.87289				2
2025.12.24	01:44:02.475	0.87290	0.87291			6
2025.12.24	01:44:04.824	0.87291	0.87292			6
2025.12.24	01:44:10.393	0.87289	0.87290			6
2025.12.24	01:44:11.130	0.87288				2
2025.12.24	01:44:14.098	0.87287	0.87289			6
2025.12.24	01:44:28.982	0.87289	0.87290			6
2025.12.24	01:44:33.102	0.87288	0.87289			6
2025.12.24	01:44:37.793	0.87287	0.87288			6
2025.12.24	01:44:40.148		0.87289			4
2025.12.24	01:44:41.072		0.87288			4
2025.12.24	01:44:41.616		0.87289			4
2025.12.24	01:44:42.705		0.87288			4
2025.12.24	01:44:43.977		0.87289			4
2025.12.24	01:44:50.281		0.87288			4
2025.12.24	01:44:55.499		0.87289			4
2025.12.24	01:45:00.537	0.87287				2
2025.12.24	01:45:01.578	0.87288				2
2025.12.24	01:45:01.987	0.87287	0.87288			6
2025.12.24	01:45:05.144	0.87286	0.87287			6
2025.12.24	01:45:05.497		0.87289			4
2025.12.24	01:45:05.799	0.87287				2
2025.12.24	01:45:06.250	0.87288	0.87290			6
2025.12.24	01:45:08.983	0.87287	0.87288			6
2025.12.24	01:45:10.053	0.87288	0.87289			6
2025.12.24	01:45:17.289	0.87287	0.87288			6
2025.12.24	01:45:19.318		0.87289			4
2025.12.24	01:45:19.877		0.87288			4
2025.12.24	01:45:22.633	0.87286				2
2025.12.24	01:45:23.338	0.87287	0.87289			6
2025.12.24	01:45:32.127		0.87288			4
2025.12.24	01:45:32.612		0.87289			4
2025.12.24	01:45:40.519		0.87288			4
2025.12.24	01:45:40.837		0.87289			4
2025.12.24	01:45:47.758		0.87288			4
2025.12.24	01:45:49.768	0.87286	0.87289			6
2025.12.24	01:45:50.446	0.87287	0.87288			6
2025.12.24	01:45:54.930		0.87289			4
2025.12.24	01:45:55.318		0.87288			4
2025.12.24	01:46:00.189	0.87288	0.87289			6
2025.12.24	01:46:00.612	0.87287	0.87288			6
2025.12.24	01:46:07.329	0.87288	0.87289			6
2025.12.24	01:46:08.460	0.87287				2
2025.12.24	01:46:15.306	0.87288				2
2025.12.24	01:46:17.723		0.87290			4
2025.12.24	01:46:18.668		0.87289			4
2025.12.24	01:46:21.059		0.87290			4
2025.12.24	01:46:21.373	0.87289				2
2025.12.24	01:46:33.569	0.87290	0.87291			6
2025.12.24	01:46:45.573	0.87291	0.87292			6
2025.12.24	01:46:53.019	0.87290	0.87291			6
2025.12.24	01:46:53.327	0.87289	0.87290			6
2025.12.24	01:46:55.893	0.87288	0.87289			6
2025.12.24	01:46:56.777	0.87287				2
2025.12.24	01:46:57.776		0.87288			4
2025.12.24	01:47:00.612	0.87287				2
2025.12.24	01:47:00.963	0.87286				2
2025.12.24	01:47:03.305	0.87289	0.87290			6
2025.12.24	01:47:03.958	0.87287	0.87289			6
2025.12.24	01:47:10.911	0.87288				2
2025.12.24	01:47:16.429		0.87290			4
2025.12.24	01:47:18.170		0.87289			4
2025.12.24	01:47:18.497		0.87290			4
2025.12.24	01:47:21.682		0.87289			4
2025.12.24	01:47:31.198	0.87287				2
2025.12.24	01:47:41.271	0.87288				2
2025.12.24	01:47:58.351		0.87290			4
2025.12.24	01:47:59.931	0.87289				2
2025.12.24	01:48:00.561	0.87289				2
2025.12.24	01:48:01.553	0.87288				2
2025.12.24	01:48:23.381	0.87289				2
2025.12.24	01:48:24.065	0.87288				2
2025.12.24	01:48:28.217	0.87287				2
2025.12.24	01:48:28.526	0.87286	0.87288			6
2025.12.24	01:48:40.598		0.87289			4
2025.12.24	01:48:44.336	0.87287				2
2025.12.24	01:48:51.390		0.87288			4
2025.12.24	01:48:52.887		0.87289			4
2025.12.24	01:49:01.866	0.87287				2
2025.12.24	01:49:03.954		0.87288			4
2025.12.24	01:49:04.258		0.87289			4
2025.12.24	01:49:05.015		0.87288			4
2025.12.24	01:49:05.352		0.87289			4
2025.12.24	01:49:06.789		0.87288			4
2025.12.24	01:49:08.118		0.87289			4
2025.12.24	01:49:15.591		0.87288			4
2025.12.24	01:49:22.416	0.87286				2
2025.12.24	01:49:27.784	0.87287	0.87290			6
2025.12.24	01:49:32.636		0.87288			4
2025.12.24	01:49:32.938		0.87290			4
2025.12.24	01:49:40.834		0.87289			4
2025.12.24	01:49:54.126	0.87288	0.87290			6
2025.12.24	01:49:54.725		0.87291			4
2025.12.24	01:50:00.304	0.87287	0.87290			6
2025.12.24	01:50:19.314		0.87289			4
2025.12.24	01:50:21.718	0.87286	0.87288			6
2025.12.24	01:50:23.042	0.87287	0.87289			6
2025.12.24	01:50:23.559		0.87290			4
2025.12.24	01:50:24.178	0.87288				2
2025.12.24	01:50:27.592		0.87291			4
2025.12.24	01:50:35.471	0.87290				2
2025.12.24	01:51:00.523	0.87288				2
2025.12.24	01:51:06.939	0.87290				2
2025.12.24	01:51:27.690		0.87291			4
2025.12.24	01:52:03.476	0.87292	0.87293			6
2025.12.24	01:52:13.419	0.87291	0.87292			6
2025.12.24	01:52:14.281	0.87292	0.87293			6
2025.12.24	01:52:17.879	0.87293	0.87294			6
2025.12.24	01:52:24.009	0.87292	0.87293			6
2025.12.24	01:53:01.213	0.87292				2
2025.12.24	01:53:23.148		0.87294			4
2025.12.24	01:53:29.076	0.87294	0.87295			6
2025.12.24	01:53:30.585	0.87293				2
2025.12.24	01:53:31.298	0.87292	0.87293			6
2025.12.24	01:53:33.940	0.87291	0.87292			6
2025.12.24	01:54:00.400	0.87291				2
2025.12.24	01:54:00.726	0.87288	0.87291			6
2025.12.24	01:54:01.261	0.87289				2
2025.12.24	01:54:01.571		0.87290			4
2025.12.24	01:54:04.996	0.87287	0.87289			6
2025.12.24	01:54:07.660		0.87290			4
2025.12.24	01:54:11.162		0.87289			4
2025.12.24	01:54:25.086	0.87288				2
2025.12.24	01:54:25.403	0.87287				2
2025.12.24	01:54:27.211		0.87288			4
2025.12.24	01:54:28.221	0.87286	0.87289			6
2025.12.24	01:54:29.119	0.87290	0.87291			6
2025.12.24	01:54:34.109	0.87289				2
2025.12.24	01:54:37.504	0.87290				2
2025.12.24	01:54:47.517	0.87288				2
2025.12.24	01:54:49.345		0.87290			4
2025.12.24	01:54:50.404	0.87286	0.87288			6
2025.12.24	01:54:54.008	0.87285				2
2025.12.24	01:54:57.972	0.87286				2
2025.12.24	01:55:01.997	0.87286				2
2025.12.24	01:55:04.871	0.87285	0.87287			6
2025.12.24	01:55:13.586	0.87284	0.87285			6
2025.12.24	01:55:17.459		0.87286			4
2025.12.24	01:55:19.109		0.87285			4
2025.12.24	01:55:20.164	0.87283				2
2025.12.24	01:55:25.026		0.87284			4
2025.12.24	01:55:26.513		0.87285			4
2025.12.24	01:55:31.625		0.87284			4
2025.12.24	01:55:43.018	0.87284	0.87285			6
2025.12.24	01:55:47.482	0.87285	0.87286			6
2025.12.24	01:55:53.321	0.87283	0.87285			6
2025.12.24	01:56:00.047	0.87283				2
2025.12.24	01:56:12.678		0.87284			4
2025.12.24	01:56:14.947		0.87285			4
2025.12.24	01:56:20.152		0.87284			4
2025.12.24	01:56:20.935		0.87285			4
2025.12.24	01:56:21.283		0.87284			4
2025.12.24	01:56:22.319		0.87285			4
2025.12.24	01:56:22.631		0.87286			4
2025.12.24	01:56:23.152		0.87285			4
2025.12.24	01:56:55.952	0.87282				2
2025.12.24	01:57:01.512	0.87283				2
2025.12.24	01:57:10.529	0.87287	0.87288			6
2025.12.24	01:57:15.436	0.87288	0.87289			6
2025.12.24	01:57:16.497	0.87283	0.87285			6
2025.12.24	01:57:23.679	0.87286	0.87287			6
2025.12.24	01:57:24.012	0.87285	0.87286			6
2025.12.24	01:57:28.922		0.87287			4
2025.12.24	01:57:29.977		0.87286			4
2025.12.24	01:58:04.006	0.87285				2
2025.12.24	01:58:07.024	0.87283	0.87285			6
2025.12.24	01:58:49.860	0.87285	0.87286			6
2025.12.24	01:58:52.691		0.87287			4
2025.12.24	01:58:53.209		0.87286			4
2025.12.24	01:58:54.008		0.87287			4
2025.12.24	01:58:55.806		0.87286			4
2025.12.24	01:58:56.765		0.87287			4
2025.12.24	01:59:00.381	0.87285	0.87286			6
2025.12.24	01:59:00.683	0.87283	0.87285			6
2025.12.24	01:59:02.138	0.87286	0.87287			6
2025.12.24	01:59:32.625	0.87284	0.87285			6
2025.12.24	01:59:39.940	0.87283				2
2025.12.24	02:00:00.331	0.87283				2
2025.12.24	02:00:00.910		0.87284			4
2025.12.24	02:00:02.508	0.87286	0.87287			6
2025.12.24	02:00:07.919	0.87283	0.87284			6
2025.12.24	02:00:08.221	0.87282	0.87283			6
2025.12.24	02:00:17.742	0.87284	0.87285			6
2025.12.24	02:00:18.152	0.87286	0.87287			6
2025.12.24	02:00:25.157	0.87284	0.87285			6
2025.12.24	02:00:27.052	0.87286	0.87287			6
2025.12.24	02:00:28.153	0.87285	0.87286			6
2025.12.24	02:00:28.665	0.87287	0.87288			6
2025.12.24	02:00:28.993	0.87282	0.87283			6
2025.12.24	02:00:29.322		0.87284			4
2025.12.24	02:00:30.532		0.87283			4
2025.12.24	02:00:31.123		0.87284			4
2025.12.24	02:00:32.069	0.87284	0.87285			6
2025.12.24	02:00:39.640	0.87282	0.87283			6
2025.12.24	02:00:41.513	0.87283	0.87284			6
2025.12.24	02:00:43.782	0.87282	0.87283			6
2025.12.24	02:00:49.990	0.87283	0.87284			6
2025.12.24	02:00:51.228	0.87282	0.87283			6
2025.12.24	02:00:54.407	0.87283	0.87284			6
2025.12.24	02:01:00.007	0.87283				2
2025.12.24	02:01:00.351	0.87284	0.87285			6
2025.12.24	02:01:00.707	0.87280	0.87281			6
2025.12.24	02:01:01.020	0.87281	0.87282			6
2025.12.24	02:01:01.427	0.87280	0.87281			6
2025.12.24	02:01:01.797	0.87281	0.87282			6
2025.12.24	02:01:02.345	0.87282	0.87283			6
2025.12.24	02:01:02.661	0.87280				2
2025.12.24	02:01:04.292		0.87282			4
2025.12.24	02:01:04.842		0.87281			4
2025.12.24	02:01:06.767	0.87279				2
2025.12.24	02:01:07.407		0.87282			4
2025.12.24	02:01:07.847		0.87283			4
2025.12.24	02:01:08.158		0.87281			4
2025.12.24	02:01:13.177		0.87282			4
2025.12.24	02:01:14.129		0.87281			4
2025.12.24	02:01:17.863		0.87282			4
2025.12.24	02:01:20.015	0.87278	0.87280			6
2025.12.24	02:01:21.455		0.87281			4
2025.12.24	02:01:22.313		0.87282			4
2025.12.24	02:01:22.618	0.87282	0.87286			6
2025.12.24	02:01:23.015	0.87285	0.87288			6
2025.12.24	02:01:24.344	0.87284	0.87287			6
2025.12.24	02:01:26.261	0.87283	0.87286			6
2025.12.24	02:01:28.368	0.87291	0.87293			6
2025.12.24	02:01:30.402	0.87290				2
2025.12.24	02:01:31.870	0.87289	0.87291			6
2025.12.24	02:01:32.232		0.87292			4
2025.12.24	02:01:32.911	0.87290	0.87291			6
2025.12.24	02:01:34.582	0.87288	0.87290			6
2025.12.24	02:01:35.226	0.87287				2
2025.12.24	02:01:35.653	0.87288				2
2025.12.24	02:01:36.781	0.87287				2
2025.12.24	02:01:37.268	0.87290	0.87291			6
2025.12.24	02:01:37.801	0.87288	0.87292			6
2025.12.24	02:01:38.110	0.87297	0.87300			6
2025.12.24	02:01:38.417	0.87296	0.87299			6
2025.12.24	02:01:40.452	0.87295				2
2025.12.24	02:01:42.926	0.87294	0.87295			6
2025.12.24	02:01:43.237		0.87297			4
2025.12.24	02:01:43.858		0.87296			4
2025.12.24	02:01:45.823	0.87297	0.87299			6
2025.12.24	02:01:47.929		0.87300			4
2025.12.24	02:01:48.344	0.87295	0.87296			6
2025.12.24	02:01:48.659	0.87299	0.87301			6
2025.12.24	02:01:48.966	0.87298	0.87299			6
2025.12.24	02:01:50.610	0.87299	0.87301			6
2025.12.24	02:01:50.956		0.87300			4
2025.12.24	02:01:51.258		0.87301			4
2025.12.24	02:01:51.611		0.87300			4
2025.12.24	02:01:55.845	0.87300	0.87301			6
2025.12.24	02:01:57.690	0.87299	0.87300			6
2025.12.24	02:01:58.480	0.87294	0.87295			6
2025.12.24	02:02:00.270	0.87294				2
2025.12.24	02:02:02.071	0.87289	0.87291			6
2025.12.24	02:02:03.078		0.87290			4
2025.12.24	02:02:07.181		0.87291			4
2025.12.24	02:02:09.501		0.87290			4
2025.12.24	02:02:12.457	0.87293	0.87294			6
2025.12.24	02:02:16.087		0.87295			4
2025.12.24	02:02:16.409		0.87294			4
2025.12.24	02:02:18.067		0.87296			4
2025.12.24	02:02:19.786		0.87294			4
2025.12.24	02:02:22.323	0.87290	0.87291			6
2025.12.24	02:02:24.133	0.87289	0.87290			6
2025.12.24	02:02:29.663	0.87287	0.87289			6
2025.12.24	02:02:32.314		0.87288			4
2025.12.24	02:02:40.957	0.87289	0.87291			6
2025.12.24	02:02:47.422	0.87288	0.87289			6
2025.12.24	02:03:01.008	0.87288				2
2025.12.24	02:03:27.019	0.87286	0.87288			6
2025.12.24	02:03:29.900	0.87287				2
2025.12.24	02:03:30.230	0.87283	0.87285			6
2025.12.24	02:03:31.707		0.87284			4
2025.12.24	02:03:35.656		0.87285			4
2025.12.24	02:03:36.899		0.87284			4
2025.12.24	02:03:40.441	0.87282	0.87283			6
2025.12.24	02:03:46.891		0.87284			4
2025.12.24	02:03:47.372		0.87283			4
2025.12.24	02:03:52.334	0.87283	0.87284			6
2025.12.24	02:03:52.641	0.87281	0.87282			6
2025.12.24	02:04:00.630	0.87281				2
2025.12.24	02:04:02.295	0.87283	0.87284			6
2025.12.24	02:04:13.327	0.87279	0.87280			6
2025.12.24	02:04:13.639	0.87278	0.87281			6
2025.12.24	02:04:14.056	0.87279	0.87280			6
2025.12.24	02:04:17.691		0.87281			4
2025.12.24	02:04:18.034	0.87280				2
2025.12.24	02:04:50.825	0.87281	0.87282			6
2025.12.24	02:04:53.776	0.87280	0.87281			6
2025.12.24	02:04:57.426	0.87281	0.87282			6
2025.12.24	02:05:00.744	0.87281				2
2025.12.24	02:05:02.184	0.87280	0.87281			6
2025.12.24	02:05:06.471	0.87279				2
2025.12.24	02:05:11.291	0.87278				2
2025.12.24	02:05:13.458	0.87280				2
2025.12.24	02:05:15.670	0.87281	0.87282			6
2025.12.24	02:05:24.959	0.87282	0.87284			6
2025.12.24	02:05:25.572		0.87285			4
2025.12.24	02:05:26.132	0.87285	0.87286			6
2025.12.24	02:05:26.759	0.87284	0.87287			6
2025.12.24	02:05:27.078		0.87286			4
2025.12.24	02:05:28.786		0.87287			4
2025.12.24	02:05:29.427		0.87286			4
2025.12.24	02:05:38.803	0.87283	0.87285			6
2025.12.24	02:05:55.964	0.87282				2
2025.12.24	02:05:56.358		0.87284			4
2025.12.24	02:05:57.959		0.87285			4
2025.12.24	02:06:00.728	0.87282				2
2025.12.24	02:06:04.325	0.87283				2
2025.12.24	02:06:06.674	0.87282				2
2025.12.24	02:06:11.077	0.87283				2
2025.12.24	02:06:11.449	0.87281				2
2025.12.24	02:06:13.347	0.87282				2
2025.12.24	02:06:16.393	0.87283				2
2025.12.24	02:06:16.700	0.87284				2
2025.12.24	02:06:17.745	0.87285	0.87287			6
2025.12.24	02:06:19.306	0.87284				2
2025.12.24	02:06:20.250		0.87286			4
2025.12.24	02:06:23.348	0.87286	0.87287			6
2025.12.24	02:06:26.150	0.87287	0.87288			6
2025.12.24	02:06:43.697	0.87291	0.87292			6
2025.12.24	02:06:44.827	0.87293	0.87294			6
2025.12.24	02:06:47.242	0.87294	0.87295			6
2025.12.24	02:06:47.707	0.87293				2
2025.12.24	02:06:48.048		0.87294			4
2025.12.24	02:06:49.214	0.87295	0.87296			6
2025.12.24	02:06:50.139	0.87294	0.87295			6
2025.12.24	02:06:50.517	0.87296	0.87299			6
2025.12.24	02:06:50.819		0.87297			4
2025.12.24	02:06:53.029	0.87300	0.87301			6
2025.12.24	02:06:53.345	0.87299	0.87300			6
2025.12.24	02:06:54.114	0.87298				2
2025.12.24	02:06:55.363		0.87299			4
2025.12.24	02:06:56.122		0.87300			4
2025.12.24	02:06:58.006		0.87299			4
2025.12.24	02:07:00.131	0.87298				2
2025.12.24	02:07:00.657		0.87301			4
2025.12.24	02:07:11.868	0.87297	0.87298			6
2025.12.24	02:07:13.108		0.87300			4
2025.12.24	02:07:13.917		0.87298			4
2025.12.24	02:07:14.941		0.87300			4
2025.12.24	02:07:21.682	0.87296	0.87297			6
2025.12.24	02:07:24.662	0.87293	0.87295			6
2025.12.24	02:07:30.702		0.87294			4
2025.12.24	02:07:31.030	0.87295	0.87296			6
2025.12.24	02:07:31.339	0.87297	0.87299			6
2025.12.24	02:07:32.710	0.87296	0.87297			6
2025.12.24	02:07:34.195	0.87297	0.87298			6
2025.12.24	02:07:34.975	0.87296	0.87297			6
2025.12.24	02:07:44.169	0.87297	0.87298			6
2025.12.24	02:07:46.415	0.87296	0.87297			6
2025.12.24	02:07:49.357	0.87297	0.87298			6
2025.12.24	02:07:50.176	0.87296	0.87297			6
2025.12.24	02:07:57.927	0.87295	0.87296			6
2025.12.24	02:08:00.212	0.87295				2
2025.12.24	02:08:24.560	0.87296	0.87297			6
2025.12.24	02:08:26.264	0.87295	0.87296			6
2025.12.24	02:08:36.469	0.87294	0.87295			6
2025.12.24	02:08:40.628	0.87295	0.87296			6
2025.12.24	02:08:46.493	0.87296	0.87297			6
2025.12.24	02:08:51.756		0.87298			4
2025.12.24	02:08:52.771	0.87295	0.87296			6
2025.12.24	02:08:54.439	0.87294	0.87295			6
2025.12.24	02:09:00.416	0.87294				2
2025.12.24	02:09:08.243	0.87298	0.87299			6
2025.12.24	02:09:14.348		0.87300			4
2025.12.24	02:09:16.859		0.87299			4
2025.12.24	02:09:26.646	0.87296	0.87297			6
2025.12.24	02:09:30.883	0.87295	0.87296			6
2025.12.24	02:09:39.367	0.87294	0.87295			6
2025.12.24	02:10:00.411	0.87294				2
2025.12.24	02:10:08.445	0.87295	0.87296			6
2025.12.24	02:10:14.669	0.87298	0.87299			6
2025.12.24	02:10:15.041	0.87297	0.87298			6
2025.12.24	02:10:21.155	0.87298	0.87299			6
2025.12.24	02:10:37.094	0.87296	0.87297			6
2025.12.24	02:10:37.908	0.87295	0.87296			6
2025.12.24	02:11:00.431	0.87295				2
2025.12.24	02:11:02.800	0.87296	0.87297			6
2025.12.24	02:11:07.991	0.87295	0.87296			6
2025.12.24	02:11:12.941	0.87294				2
2025.12.24	02:11:20.434	0.87295	0.87297			6
2025.12.24	02:11:29.064	0.87296				2
2025.12.24	02:11:29.590	0.87293	0.87294			6
2025.12.24	02:11:29.995	0.87292				2
2025.12.24	02:11:30.804	0.87293				2
2025.12.24	02:11:31.454	0.87294	0.87295			6
2025.12.24	02:11:31.871	0.87293				2
2025.12.24	02:11:35.377	0.87292	0.87293			6
2025.12.24	02:11:37.121		0.87294			4
2025.12.24	02:11:40.644	0.87293				2
2025.12.24	02:11:42.159	0.87294	0.87295			6
2025.12.24	02:11:44.762		0.87296			4
2025.12.24	02:11:46.366		0.87297			4
2025.12.24	02:11:49.313	0.87295				2
2025.12.24	02:11:49.618	0.87296	0.87298			6
2025.12.24	02:11:51.771	0.87295	0.87297			6
2025.12.24	02:11:52.473	0.87294	0.87296			6
2025.12.24	02:11:54.058		0.87297			4
2025.12.24	02:11:59.746	0.87295	0.87296			6
2025.12.24	02:12:00.186	0.87295				2
2025.12.24	02:12:02.227	0.87294				2
2025.12.24	02:12:02.865		0.87295			4
2025.12.24	02:12:05.216		0.87296			4
2025.12.24	02:12:08.125		0.87295			4
2025.12.24	02:12:08.434		0.87296			4
2025.12.24	02:12:15.036	0.87295				2
2025.12.24	02:12:16.828	0.87299	0.87300			6
2025.12.24	02:12:17.139	0.87297	0.87298			6
2025.12.24	02:12:21.733	0.87296	0.87297			6
2025.12.24	02:12:23.042		0.87298			4
2025.12.24	02:12:24.189	0.87297				2
2025.12.24	02:12:27.805		0.87299			4
2025.12.24	02:12:28.410		0.87298			4
2025.12.24	02:12:30.383	0.87296				2
2025.12.24	02:12:30.779	0.87297	0.87299			6
2025.12.24	02:12:34.745		0.87298			4
2025.12.24	02:12:37.333	0.87298	0.87299			6
2025.12.24	02:12:37.638	0.87301	0.87302			6
2025.12.24	02:12:38.293	0.87300	0.87301			6
2025.12.24	02:12:39.933	0.87301	0.87302			6
2025.12.24	02:12:43.115	0.87300	0.87301			6
2025.12.24	02:12:44.583	0.87299				2
2025.12.24	02:12:52.675	0.87300				2
2025.12.24	02:12:56.568	0.87299	0.87300			6
2025.12.24	02:13:00.376	0.87299				2
2025.12.24	02:13:00.739	0.87300	0.87301			6
2025.12.24	02:13:02.936		0.87302			4
2025.12.24	02:13:05.558	0.87301				2
2025.12.24	02:13:08.878	0.87302	0.87303			6
2025.12.24	02:13:16.265	0.87301	0.87302			6
2025.12.24	02:13:21.008	0.87302	0.87303			6
2025.12.24	02:13:21.420	0.87300	0.87301			6
2025.12.24	02:13:24.244	0.87301	0.87302			6
2025.12.24	02:13:27.727	0.87300	0.87301			6
2025.12.24	02:13:28.038	0.87301	0.87302			6
2025.12.24	02:13:28.348	0.87300	0.87301			6
2025.12.24	02:13:28.803	0.87299	0.87300			6
2025.12.24	02:13:29.125	0.87300	0.87301			6
2025.12.24	02:13:29.449	0.87298	0.87299			6
2025.12.24	02:13:29.760	0.87296	0.87297			6
2025.12.24	02:13:45.628	0.87300	0.87301			6
2025.12.24	02:13:49.009	0.87298	0.87300			6
2025.12.24	02:13:49.763		0.87299			4
2025.12.24	02:13:51.379		0.87300			4
2025.12.24	02:14:01.222	0.87299				2
2025.12.24	02:14:07.232	0.87300	0.87301			6
2025.12.24	02:14:23.849	0.87298	0.87299			6
2025.12.24	02:14:25.631	0.87297	0.87298			6
2025.12.24	02:14:36.661	0.87298	0.87299			6
2025.12.24	02:14:36.980	0.87297				2
2025.12.24	02:14:37.369		0.87298			4
2025.12.24	02:14:38.370	0.87298	0.87300			6
2025.12.24	02:14:39.229		0.87299			4
2025.12.24	02:14:40.494	0.87299	0.87300			6
2025.12.24	02:14:42.410	0.87298	0.87299			6
2025.12.24	02:14:48.311	0.87295	0.87296			6
2025.12.24	02:14:51.131	0.87294	0.87295			6
2025.12.24	02:15:00.305	0.87295	0.87296			6
2025.12.24	02:15:05.028	0.87292	0.87293			6
2025.12.24	02:15:10.652	0.87291	0.87292			6
2025.12.24	02:15:22.093	0.87292	0.87293			6
2025.12.24	02:15:27.225	0.87295	0.87296			6
2025.12.24	02:15:27.682	0.87297	0.87298			6
2025.12.24	02:15:40.867	0.87298	0.87299			6
2025.12.24	02:15:43.259	0.87297	0.87298			6
2025.12.24	02:15:43.763	0.87295	0.87296			6
2025.12.24	02:15:44.835	0.87296	0.87297			6
2025.12.24	02:15:46.207	0.87297	0.87298			6
2025.12.24	02:15:49.546	0.87296	0.87297			6
2025.12.24	02:16:00.535	0.87296				2
2025.12.24	02:16:06.552	0.87295	0.87296			6
2025.12.24	02:16:19.128	0.87293	0.87294			6
2025.12.24	02:16:26.256	0.87294	0.87295			6
2025.12.24	02:16:30.177	0.87293	0.87294			6
2025.12.24	02:16:32.908	0.87292				2
2025.12.24	02:16:33.237	0.87295	0.87296			6
2025.12.24	02:16:33.560	0.87296	0.87297			6
2025.12.24	02:16:34.411	0.87295	0.87296			6
2025.12.24	02:16:35.479	0.87293	0.87294			6
2025.12.24	02:16:41.240	0.87295	0.87296			6
2025.12.24	02:16:54.851	0.87294	0.87295			6
2025.12.24	02:17:00.009	0.87294				2
2025.12.24	02:17:00.389	0.87293	0.87294			6
2025.12.24	02:17:14.072	0.87292	0.87293			6
2025.12.24	02:17:42.004	0.87293	0.87294			6
2025.12.24	02:17:42.319	0.87294	0.87295			6
2025.12.24	02:17:51.992	0.87295	0.87296			6
2025.12.24	02:17:59.271	0.87297	0.87298			6
2025.12.24	02:17:59.575	0.87296	0.87297			6
2025.12.24	02:18:00.116	0.87295	0.87296			6
2025.12.24	02:18:00.672	0.87296	0.87297			6
2025.12.24	02:18:09.117	0.87295	0.87296			6
2025.12.24	02:18:13.447	0.87296	0.87297			6
2025.12.24	02:18:23.220	0.87295	0.87296			6
2025.12.24	02:18:26.042	0.87296	0.87297			6
2025.12.24	02:18:35.213	0.87293	0.87294			6
2025.12.24	02:18:37.049	0.87292	0.87293			6
2025.12.24	02:18:38.382	0.87293	0.87294			6
2025.12.24	02:18:47.443	0.87292	0.87293			6
2025.12.24	02:19:01.860	0.87292				2
2025.12.24	02:19:11.197	0.87294	0.87295			6
2025.12.24	02:19:13.047	0.87293	0.87294			6
2025.12.24	02:19:22.491	0.87292	0.87293			6
2025.12.24	02:19:35.153	0.87291	0.87292			6
2025.12.24	02:19:38.433	0.87292	0.87293			6
2025.12.24	02:19:47.936	0.87293	0.87294			6
2025.12.24	02:19:56.422	0.87294	0.87295			6
2025.12.24	02:19:56.863	0.87295	0.87296			6
2025.12.24	02:19:58.568	0.87294	0.87295			6
2025.12.24	02:20:00.311	0.87294				2
2025.12.24	02:20:02.952	0.87295	0.87296			6
2025.12.24	02:20:11.383	0.87293	0.87295			6
2025.12.24	02:20:12.816	0.87294				2
2025.12.24	02:20:13.117	0.87293				2
2025.12.24	02:20:14.806	0.87294				2
2025.12.24	02:20:16.722	0.87293				2
2025.12.24	02:20:22.636	0.87294				2
2025.12.24	02:20:23.071	0.87293				2
2025.12.24	02:20:25.790	0.87291	0.87292			6
2025.12.24	02:20:27.599	0.87294	0.87295			6
2025.12.24	02:20:27.918	0.87293	0.87294			6
2025.12.24	02:20:32.517	0.87292	0.87293			6
2025.12.24	02:20:32.999	0.87293	0.87294			6
2025.12.24	02:20:37.724	0.87291	0.87292			6
2025.12.24	02:20:38.046	0.87290	0.87291			6
2025.12.24	02:20:38.373	0.87291	0.87292			6
2025.12.24	02:20:40.124	0.87290				2
2025.12.24	02:20:42.716	0.87295	0.87296			6
2025.12.24	02:20:44.502	0.87296	0.87297			6
2025.12.24	02:21:00.719	0.87296				2
2025.12.24	02:21:19.781	0.87295	0.87296			6
2025.12.24	02:21:20.167		0.87297			4
2025.12.24	02:21:20.479	0.87296				2
2025.12.24	02:21:24.176	0.87297	0.87298			6
2025.12.24	02:21:24.791	0.87296	0.87297			6
2025.12.24	02:21:26.081	0.87297	0.87298			6
2025.12.24	02:21:27.913	0.87296	0.87297			6
2025.12.24	02:21:28.265		0.87298			4
2025.12.24	02:21:28.878	0.87298	0.87299			6
2025.12.24	02:21:32.403	0.87297	0.87298			6
2025.12.24	02:21:34.341	0.87296	0.87297			6
2025.12.24	02:21:40.324	0.87297	0.87298			6
2025.12.24	02:21:44.156	0.87296	0.87297			6
2025.12.24	02:21:52.442	0.87297	0.87298			6
2025.12.24	02:21:52.780	0.87298	0.87299			6
2025.12.24	02:21:53.554	0.87297	0.87298			6
2025.12.24	02:22:00.212	0.87297				2
2025.12.24	02:22:01.385	0.87298	0.87299			6
2025.12.24	02:22:02.492		0.87300			4
2025.12.24	02:22:03.702	0.87297	0.87298			6
2025.12.24	02:22:08.929	0.87298	0.87299			6
2025.12.24	02:22:26.011		0.87300			4
2025.12.24	02:22:26.372		0.87299			4
2025.12.24	02:22:36.265	0.87296	0.87298			6
2025.12.24	02:22:37.241	0.87297				2
2025.12.24	02:22:40.157	0.87296				2
2025.12.24	02:22:41.648	0.87298	0.87299			6
2025.12.24	02:22:42.651	0.87299	0.87300			6
2025.12.24	02:22:47.702	0.87296	0.87297			6
2025.12.24	02:23:01.759	0.87296				2
2025.12.24	02:23:02.887	0.87295	0.87296			6
2025.12.24	02:23:06.019	0.87293	0.87295			6
2025.12.24	02:23:07.090	0.87292	0.87294			6
2025.12.24	02:23:09.072	0.87293	0.87295			6
2025.12.24	02:23:10.452	0.87296	0.87297			6
2025.12.24	02:23:26.371	0.87295	0.87296			6
2025.12.24	02:23:33.318	0.87296	0.87297			6
2025.12.24	02:23:44.636	0.87295				2
2025.12.24	02:23:51.426	0.87296				2
2025.12.24	02:23:52.177	0.87294	0.87296			6
2025.12.24	02:23:52.493		0.87295			4
2025.12.24	02:23:54.795		0.87296			4
2025.12.24	02:23:55.096		0.87295			4
2025.12.24	02:24:00.742	0.87293				2
2025.12.24	02:24:01.423	0.87294				2
2025.12.24	02:24:04.252	0.87293				2
2025.12.24	02:24:06.486	0.87294				2
2025.12.24	02:24:07.220	0.87293				2
2025.12.24	02:24:08.970		0.87296			4
2025.12.24	02:24:09.926		0.87295			4
2025.12.24	02:24:10.388	0.87294				2
2025.12.24	02:24:10.827	0.87293				2
2025.12.24	02:24:15.189	0.87295	0.87296			6
2025.12.24	02:24:18.907		0.87297			4
2025.12.24	02:24:19.374		0.87296			4
2025.12.24	02:24:25.437	0.87294				2
2025.12.24	02:24:29.375		0.87295			4
2025.12.24	02:24:39.205	0.87292	0.87294			6
2025.12.24	02:24:40.463	0.87293	0.87295			6
2025.12.24	02:24:41.861	0.87295	0.87296			6
2025.12.24	02:24:42.164	0.87296	0.87297			6
2025.12.24	02:24:45.660	0.87293	0.87295			6
2025.12.24	02:24:45.978	0.87292				2
2025.12.24	02:24:47.206		0.87296			4
2025.12.24	02:24:48.738		0.87295			4
2025.12.24	02:24:56.147		0.87294			4
2025.12.24	02:24:56.813		0.87295			4
2025.12.24	02:25:00.314	0.87294				2
2025.12.24	02:25:02.662	0.87293	0.87294			6
2025.12.24	02:25:06.937	0.87292	0.87293			6
2025.12.24	02:25:07.557	0.87291	0.87292			6
2025.12.24	02:25:08.612	0.87292	0.87293			6
2025.12.24	02:25:12.272	0.87291	0.87292			6
2025.12.24	02:25:21.243	0.87292	0.87293			6
2025.12.24	02:25:22.143	0.87291	0.87292			6
2025.12.24	02:25:27.257	0.87290	0.87291			6
2025.12.24	02:25:28.599	0.87291	0.87292			6
2025.12.24	02:25:30.372	0.87290	0.87291			6
2025.12.24	02:25:30.887	0.87291	0.87292			6
2025.12.24	02:26:00.534	0.87291				2
2025.12.24	02:26:03.851	0.87290	0.87291			6
2025.12.24	02:26:16.922	0.87293	0.87294			6
2025.12.24	02:26:21.133	0.87297	0.87298			6
2025.12.24	02:26:27.772	0.87295	0.87296			6
2025.12.24	02:26:29.231	0.87296	0.87297			6
2025.12.24	02:26:29.547	0.87297	0.87298			6
2025.12.24	02:26:36.030	0.87296	0.87297			6
2025.12.24	02:26:36.373	0.87297	0.87298			6
2025.12.24	02:26:40.288	0.87296	0.87297			6
2025.12.24	02:26:57.429	0.87291	0.87292			6
2025.12.24	02:27:00.781	0.87291				2
2025.12.24	02:27:02.442	0.87292	0.87293			6
2025.12.24	02:27:08.602	0.87290	0.87291			6
2025.12.24	02:27:09.284	0.87291	0.87292			6
2025.12.24	02:27:15.315	0.87290	0.87291			6
2025.12.24	02:27:23.661	0.87291	0.87292			6
2025.12.24	02:27:28.172	0.87292	0.87293			6
2025.12.24	02:27:45.025	0.87294	0.87295			6
2025.12.24	02:27:50.750	0.87293	0.87294			6
2025.12.24	02:28:00.122	0.87293				2
2025.12.24	02:28:00.849	0.87295	0.87296			6
2025.12.24	02:28:10.793	0.87294	0.87295			6
2025.12.24	02:28:20.677	0.87295	0.87296			6
2025.12.24	02:28:21.106	0.87294	0.87295			6
2025.12.24	02:28:21.422	0.87292	0.87293			6
2025.12.24	02:28:25.945	0.87291	0.87292			6
2025.12.24	02:28:39.448	0.87292	0.87293			6
2025.12.24	02:28:45.477	0.87291	0.87292			6
2025.12.24	02:28:47.631	0.87292	0.87293			6
2025.12.24	02:28:51.507	0.87291	0.87292			6
2025.12.24	02:28:51.917	0.87292	0.87293			6
2025.12.24	02:28:54.339	0.87291	0.87292			6
2025.12.24	02:28:54.672	0.87292	0.87293			6
2025.12.24	02:28:57.410	0.87291	0.87292			6
2025.12.24	02:29:01.254	0.87291				2
2025.12.24	02:29:02.142	0.87292	0.87293			6
2025.12.24	02:29:16.839	0.87295	0.87296			6
2025.12.24	02:29:22.428	0.87294	0.87295			6
2025.12.24	02:29:27.536	0.87295	0.87296			6
2025.12.24	02:29:41.582	0.87294	0.87295			6
2025.12.24	02:29:42.171	0.87293	0.87294			6
2025.12.24	02:29:47.602	0.87294	0.87295			6
2025.12.24	02:30:00.363	0.87293	0.87294			6
2025.12.24	02:30:00.671	0.87294	0.87295			6
2025.12.24	02:30:12.909	0.87293	0.87294			6
2025.12.24	02:30:14.212	0.87292	0.87293			6
2025.12.24	02:30:18.416	0.87293	0.87294			6
2025.12.24	02:30:24.614	0.87294	0.87295			6
2025.12.24	02:30:30.733	0.87295	0.87296			6
2025.12.24	02:30:35.309	0.87294	0.87295			6
2025.12.24	02:30:39.069	0.87295	0.87296			6
2025.12.24	02:30:40.432	0.87296	0.87297			6
2025.12.24	02:30:40.743	0.87294	0.87295			6
2025.12.24	02:30:44.429	0.87293	0.87294			6
2025.12.24	02:30:46.029	0.87295	0.87296			6
2025.12.24	02:30:51.512	0.87294	0.87295			6
2025.12.24	02:30:57.145		0.87296			4
2025.12.24	02:30:58.620		0.87295			4
2025.12.24	02:31:00.001	0.87294				2
2025.12.24	02:31:02.059	0.87295	0.87296			6
2025.12.24	02:31:07.484	0.87294				2
2025.12.24	02:31:07.890	0.87295				2
2025.12.24	02:31:22.514	0.87294				2
2025.12.24	02:31:23.098		0.87295			4
2025.12.24	02:31:23.670		0.87296			4
2025.12.24	02:31:34.653		0.87295			4
2025.12.24	02:31:35.419	0.87295	0.87296			6
2025.12.24	02:31:39.907	0.87296	0.87297			6
2025.12.24	02:31:41.191	0.87297	0.87298			6
2025.12.24	02:31:58.675	0.87296	0.87297			6
2025.12.24	02:32:00.403	0.87296				2
2025.12.24	02:32:01.762	0.87294	0.87295			6
2025.12.24	02:32:02.522	0.87293				2
2025.12.24	02:32:03.298		0.87294			4
2025.12.24	02:32:03.634		0.87295			4
2025.12.24	02:32:05.558		0.87294			4
2025.12.24	02:32:13.133	0.87294	0.87295			6
2025.12.24	02:32:13.438	0.87293	0.87294			6
2025.12.24	02:32:14.086		0.87295			4
2025.12.24	02:32:14.698		0.87294			4
2025.12.24	02:32:16.148		0.87295			4
2025.12.24	02:32:17.425		0.87294			4
2025.12.24	02:32:19.917	0.87294	0.87295			6
2025.12.24	02:32:24.557	0.87293	0.87294			6
2025.12.24	02:32:26.181	0.87294	0.87295			6
2025.12.24	02:32:26.825	0.87293	0.87294			6
2025.12.24	02:32:27.951		0.87295			4
2025.12.24	02:32:28.843	0.87294				2
2025.12.24	02:32:29.279	0.87293				2
2025.12.24	02:32:29.898		0.87294			4
2025.12.24	02:32:30.782	0.87295	0.87296			6
2025.12.24	02:32:31.587	0.87293	0.87295			6
2025.12.24	02:32:31.911		0.87294			4
2025.12.24	02:32:32.942	0.87292	0.87293			6
2025.12.24	02:33:00.376	0.87291	0.87292			6
2025.12.24	02:33:00.727		0.87293			4
2025.12.24	02:33:01.372		0.87292			4
2025.12.24	02:33:06.618	0.87292	0.87293			6
2025.12.24	02:33:12.767	0.87291	0.87292			6
2025.12.24	02:33:16.342	0.87293	0.87294			6
2025.12.24	02:33:21.161	0.87292	0.87293			6
2025.12.24	02:33:21.515	0.87291	0.87292			6
2025.12.24	02:33:22.169	0.87290	0.87291			6
2025.12.24	02:33:22.490	0.87289	0.87290			6
2025.12.24	02:33:22.795	0.87291	0.87292			6
2025.12.24	02:33:31.605	0.87290	0.87291			6
2025.12.24	02:33:31.987	0.87291	0.87292			6
2025.12.24	02:33:32.859	0.87290	0.87291			6
2025.12.24	02:33:33.959	0.87288	0.87289			6
2025.12.24	02:33:34.595	0.87289	0.87290			6
2025.12.24	02:33:34.924	0.87288	0.87289			6
2025.12.24	02:33:35.976	0.87287	0.87288			6
2025.12.24	02:33:36.419	0.87288	0.87289			6
2025.12.24	02:33:36.723	0.87287	0.87288			6
2025.12.24	02:33:38.677	0.87292	0.87293			6
2025.12.24	02:33:44.547	0.87291	0.87292			6
2025.12.24	02:33:45.692	0.87290	0.87291			6
2025.12.24	02:33:49.344	0.87291	0.87292			6
2025.12.24	02:33:55.177	0.87290	0.87291			6
2025.12.24	02:33:59.369	0.87289	0.87290			6
2025.12.24	02:34:00.011	0.87290	0.87291			6
2025.12.24	02:34:37.970	0.87291	0.87292			6
2025.12.24	02:34:38.310	0.87290	0.87291			6
2025.12.24	02:34:42.387	0.87289	0.87290			6
2025.12.24	02:34:46.259	0.87291	0.87292			6
2025.12.24	02:34:49.385	0.87290	0.87291			6
2025.12.24	02:34:50.600	0.87289	0.87290			6
2025.12.24	02:34:51.398		0.87291			4
2025.12.24	02:35:00.193	0.87290				2
2025.12.24	02:35:00.503	0.87289	0.87290			6
2025.12.24	02:35:00.871	0.87288	0.87289			6
2025.12.24	02:35:02.297		0.87290			4
2025.12.24	02:35:05.537		0.87289			4
2025.12.24	02:35:05.872		0.87290			4
2025.12.24	02:35:06.286		0.87289			4
2025.12.24	02:35:07.479	0.87289	0.87290			6
2025.12.24	02:35:15.351	0.87290	0.87291			6
2025.12.24	02:35:15.659	0.87289				2
2025.12.24	02:35:16.401		0.87290			4
2025.12.24	02:35:16.837	0.87288				2
2025.12.24	02:35:17.157	0.87289				2
2025.12.24	02:35:21.086	0.87288				2
2025.12.24	02:35:22.306	0.87289				2
2025.12.24	02:35:24.404	0.87288	0.87289			6
2025.12.24	02:35:25.345	0.87286	0.87287			6
2025.12.24	02:35:27.797		0.87288			4
2025.12.24	02:35:34.832	0.87289	0.87290			6
2025.12.24	02:35:35.147	0.87288	0.87289			6
2025.12.24	02:35:40.161	0.87287	0.87288			6
2025.12.24	02:35:40.504	0.87286				2
2025.12.24	02:35:40.810	0.87288	0.87289			6
2025.12.24	02:35:43.629	0.87287	0.87288			6
2025.12.24	02:35:44.162	0.87286				2
2025.12.24	02:35:53.355	0.87287				2
2025.12.24	02:35:54.102	0.87286				2
2025.12.24	02:36:00.222	0.87286				2
2025.12.24	02:36:00.570	0.87289	0.87291			6
2025.12.24	02:36:01.215	0.87290				2
2025.12.24	02:36:02.831	0.87288	0.87290			6
2025.12.24	02:36:03.283	0.87287	0.87288			6
2025.12.24	02:36:04.188	0.87288	0.87289			6
2025.12.24	02:36:04.516	0.87287	0.87288			6
2025.12.24	02:36:06.391	0.87288	0.87290			6
2025.12.24	02:36:07.243	0.87287	0.87288			6
2025.12.24	02:36:15.189	0.87286				2
2025.12.24	02:36:16.266		0.87287			4
2025.12.24	02:36:17.206		0.87288			4
2025.12.24	02:36:17.923	0.87285	0.87286			6
2025.12.24	02:36:19.045	0.87286	0.87288			6
2025.12.24	02:36:19.386	0.87285	0.87287			6
2025.12.24	02:36:20.163		0.87286			4
2025.12.24	02:36:21.491		0.87287			4
2025.12.24	02:36:21.799		0.87286			4
2025.12.24	02:36:22.106	0.87286	0.87287			6
2025.12.24	02:36:24.545	0.87285				2
2025.12.24	02:36:24.856	0.87286				2
2025.12.24	02:36:25.276	0.87285				2
2025.12.24	02:36:27.566	0.87286				2
2025.12.24	02:36:28.332	0.87285				2
2025.12.24	02:36:30.781		0.87286			4
2025.12.24	02:36:31.934	0.87286	0.87288			6
2025.12.24	02:36:36.078	0.87285	0.87287			6
2025.12.24	02:36:36.411		0.87286			4
2025.12.24	02:36:47.024	0.87284				2
2025.12.24	02:36:48.618	0.87285				2
2025.12.24	02:36:52.070		0.87287			4
2025.12.24	02:36:52.453		0.87286			4
2025.12.24	02:36:53.106	0.87284				2
2025.12.24	02:36:59.912		0.87287			4
2025.12.24	02:37:00.243	0.87286	0.87288			6
2025.12.24	02:37:00.562	0.87285	0.87287			6
2025.12.24	02:37:02.712		0.87286			4
2025.12.24	02:37:05.109	0.87286	0.87288			6
2025.12.24	02:37:07.403		0.87287			4
2025.12.24	02:37:07.810	0.87285	0.87286			6
2025.12.24	02:37:10.242	0.87287	0.87288			6
2025.12.24	02:37:10.678	0.87288	0.87289			6
2025.12.24	02:37:12.715	0.87289	0.87290			6
2025.12.24	02:37:15.699	0.87288	0.87289			6
2025.12.24	02:37:16.482		0.87290			4
2025.12.24	02:37:20.390	0.87290	0.87291			6
2025.12.24	02:37:30.384	0.87289	0.87290			6
2025.12.24	02:37:35.242	0.87290	0.87291			6
2025.12.24	02:37:46.874	0.87289	0.87290			6
2025.12.24	02:37:47.524	0.87290	0.87291			6
2025.12.24	02:37:47.890	0.87289	0.87290			6
2025.12.24	02:37:52.748	0.87290	0.87291			6
2025.12.24	02:37:55.556	0.87289				2
2025.12.24	02:37:58.284		0.87290			4
2025.12.24	02:38:00.749	0.87288	0.87289			6
2025.12.24	02:38:02.304	0.87289	0.87291			6
2025.12.24	02:38:02.624	0.87290				2
2025.12.24	02:38:12.056	0.87289	0.87290			6
2025.12.24	02:38:14.522		0.87291			4
2025.12.24	02:38:16.161	0.87290				2
2025.12.24	02:38:27.551	0.87289				2
2025.12.24	02:38:44.721		0.87290			4
2025.12.24	02:38:48.956		0.87291			4
2025.12.24	02:38:50.497	0.87288	0.87290			6
2025.12.24	02:38:52.498	0.87289				2
2025.12.24	02:38:54.367	0.87288				2
2025.12.24	02:38:59.488		0.87289			4
2025.12.24	02:38:59.811		0.87290			4
2025.12.24	02:39:00.464	0.87288				2
2025.12.24	02:39:10.387	0.87289				2
2025.12.24	02:39:14.333	0.87288				2
2025.12.24	02:39:15.417	0.87289				2
2025.12.24	02:39:16.660		0.87291			4
2025.12.24	02:39:18.183	0.87290				2
2025.12.24	02:39:20.090	0.87289				2
2025.12.24	02:39:20.577	0.87290				2
2025.12.24	02:39:24.678	0.87289	0.87290			6
2025.12.24	02:39:25.501	0.87288	0.87289			6
2025.12.24	02:39:26.293	0.87289	0.87290			6
2025.12.24	02:39:26.684	0.87290	0.87291			6
2025.12.24	02:39:26.991	0.87289				2
2025.12.24	02:39:27.753	0.87290				2
2025.12.24	02:39:28.059	0.87289	0.87290			6
2025.12.24	02:39:29.497	0.87290	0.87291			6
2025.12.24	02:39:33.106	0.87291	0.87292			6
2025.12.24	02:39:33.856	0.87290	0.87291			6
2025.12.24	02:39:47.840	0.87289				2
2025.12.24	02:39:49.803	0.87290				2
2025.12.24	02:39:50.148	0.87289				2
2025.12.24	02:39:51.748		0.87290			4
2025.12.24	02:39:52.628		0.87291			4
2025.12.24	02:39:54.255		0.87290			4
2025.12.24	02:40:01.591	0.87289				2
2025.12.24	02:40:02.344	0.87286	0.87287			6
2025.12.24	02:40:02.727		0.87288			4
2025.12.24	02:40:03.525	0.87287				2
2025.12.24	02:40:06.547	0.87289	0.87290			6
2025.12.24	02:40:06.860	0.87287	0.87289			6
2025.12.24	02:40:07.219		0.87290			4
2025.12.24	02:40:07.546	0.87288				2
2025.12.24	02:40:09.908	0.87287	0.87289			6
2025.12.24	02:40:10.521	0.87286	0.87288			6
2025.12.24	02:40:13.038	0.87288	0.87290			6
2025.12.24	02:40:15.388	0.87287	0.87288			6
2025.12.24	02:40:21.926	0.87288	0.87289			6
2025.12.24	02:40:22.310	0.87289	0.87290			6
2025.12.24	02:40:25.274	0.87288	0.87289			6
2025.12.24	02:40:25.990	0.87287				2
2025.12.24	02:40:29.877	0.87286	0.87287			6
2025.12.24	02:40:30.239		0.87288			4
2025.12.24	02:40:32.739	0.87287	0.87289			6
2025.12.24	02:40:33.066	0.87288				2
2025.12.24	02:40:40.462	0.87287				2
2025.12.24	02:40:40.886	0.87288				2
2025.12.24	02:40:42.145	0.87289	0.87291			6
2025.12.24	02:40:47.914	0.87291	0.87292			6
2025.12.24	02:40:50.191	0.87289	0.87291			6
2025.12.24	02:40:59.713	0.87290				2
2025.12.24	02:41:00.216	0.87290				2
2025.12.24	02:41:00.974	0.87291	0.87292			6
2025.12.24	02:41:01.776	0.87289	0.87291			6
2025.12.24	02:41:03.098	0.87290				2
2025.12.24	02:41:11.114	0.87291	0.87292			6
2025.12.24	02:41:16.846	0.87292	0.87293			6
2025.12.24	02:41:17.153	0.87291	0.87292			6
2025.12.24	02:41:21.767	0.87290	0.87291			6
2025.12.24	02:41:30.095	0.87287	0.87288			6
2025.12.24	02:41:30.507	0.87288	0.87289			6
2025.12.24	02:41:31.633	0.87287	0.87288			6
2025.12.24	02:41:35.055		0.87289			4
2025.12.24	02:41:35.663		0.87288			4
2025.12.24	02:41:36.962	0.87286				2
2025.12.24	02:41:46.039		0.87287			4
2025.12.24	02:41:47.462	0.87285				2
2025.12.24	02:41:48.372	0.87286				2
2025.12.24	02:41:49.228	0.87285				2
2025.12.24	02:41:50.373		0.87286			4
2025.12.24	02:41:50.712	0.87288	0.87289			6
2025.12.24	02:41:51.143	0.87287				2
2025.12.24	02:41:51.563	0.87290	0.87291			6
2025.12.24	02:41:51.877	0.87289	0.87290			6
2025.12.24	02:41:52.688	0.87288				2
2025.12.24	02:41:53.377	0.87289				2
2025.12.24	02:41:54.461	0.87291	0.87292			6
2025.12.24	02:41:54.772	0.87290	0.87291			6
2025.12.24	02:41:55.076	0.87291	0.87292			6
2025.12.24	02:41:55.380	0.87290				2
2025.12.24	02:41:55.846		0.87291			4
2025.12.24	02:41:59.337	0.87289				2
2025.12.24	02:41:59.957		0.87290			4
