<DATE>	<TIME>	<BID>	<ASK>	<LAST>	<VOLUME>	<FLAGS>
2025.12.15	00:03:30.624	0.87667	0.87803			6
2025.12.15	00:04:11.612	0.87667				2
2025.12.15	00:04:16.257	0.87668	0.87802			6
2025.12.15	00:05:10.768	0.87668				2
2025.12.15	00:05:20.538		0.87802			4
2025.12.15	00:06:06.262	0.87668				2
2025.12.15	00:06:40.535		0.87802			4
2025.12.15	00:07:00.538	0.87668				2
2025.12.15	00:07:48.583		0.87802			4
2025.12.15	00:08:07.555	0.87668				2
2025.12.15	00:08:50.536		0.87802			4
2025.12.15	00:09:12.106	0.87668				2
2025.12.15	00:10:00.388	0.87668	0.87802			6
2025.12.15	00:11:00.277	0.87668				2
2025.12.15	00:11:01.476		0.87802			4
2025.12.15	00:11:45.277	0.87670				2
2025.12.15	00:11:48.280	0.87671				2
2025.12.15	00:12:00.581	0.87671				2
2025.12.15	00:12:08.376		0.87802			4
2025.12.15	00:12:24.877	0.87672				2
2025.12.15	00:12:55.421	0.87670				2
2025.12.15	00:13:00.877	0.87670				2
2025.12.15	00:13:07.183	0.87671				2
2025.12.15	00:13:08.382		0.87802			4
2025.12.15	00:13:29.640	0.87672				2
2025.12.15	00:13:38.680	0.87673				2
2025.12.15	00:13:46.712	0.87674				2
2025.12.15	00:13:56.150	0.87676				2
2025.12.15	00:14:01.777	0.87677				2
2025.12.15	00:14:08.978		0.87802			4
2025.12.15	00:14:09.640	0.87675				2
2025.12.15	00:14:13.991	0.87681				2
2025.12.15	00:14:14.376	0.87682				2
2025.12.15	00:14:15.497	0.87684				2
2025.12.15	00:14:21.880	0.87685				2
2025.12.15	00:14:29.130	0.87687				2
2025.12.15	00:14:34.177	0.87688				2
2025.12.15	00:14:36.262	0.87687				2
2025.12.15	00:14:38.077	0.87688				2
2025.12.15	00:14:44.385	0.87689				2
2025.12.15	00:14:45.577	0.87687				2
2025.12.15	00:14:45.909	0.87688				2
2025.12.15	00:14:58.777	0.87689				2
2025.12.15	00:15:00.527	0.87689				2
2025.12.15	00:15:00.836	0.87688				2
2025.12.15	00:15:02.404	0.87687				2
2025.12.15	00:15:02.909	0.87693				2
2025.12.15	00:15:04.276	0.87694				2
2025.12.15	00:15:04.584	0.87698				2
2025.12.15	00:15:04.919	0.87699				2
2025.12.15	00:15:05.705	0.87697				2
2025.12.15	00:15:06.577	0.87696				2
2025.12.15	00:15:09.300		0.87802			4
2025.12.15	00:15:14.677	0.87697				2
2025.12.15	00:15:16.275	0.87698				2
2025.12.15	00:15:17.268	0.87704				2
2025.12.15	00:15:18.254	0.87705				2
2025.12.15	00:15:19.520	0.87706				2
2025.12.15	00:15:20.820	0.87707				2
2025.12.15	00:15:23.376	0.87708				2
2025.12.15	00:15:37.777	0.87709				2
2025.12.15	00:15:39.077	0.87713	0.87822			6
2025.12.15	00:15:43.390	0.87714				2
2025.12.15	00:15:49.313	0.87719				2
2025.12.15	00:15:51.882	0.87720				2
2025.12.15	00:15:52.317	0.87719				2
2025.12.15	00:15:53.376	0.87721				2
2025.12.15	00:15:54.578	0.87720				2
2025.12.15	00:15:56.379	0.87721				2
2025.12.15	00:15:57.174	0.87720				2
2025.12.15	00:15:58.483	0.87721				2
2025.12.15	00:15:58.938	0.87722				2
2025.12.15	00:16:00.276	0.87722				2
2025.12.15	00:16:01.781	0.87723				2
2025.12.15	00:16:02.696	0.87722				2
2025.12.15	00:16:03.471	0.87723				2
2025.12.15	00:16:04.619	0.87724				2
2025.12.15	00:16:07.101	0.87711				2
2025.12.15	00:16:07.642	0.87712				2
2025.12.15	00:16:08.142	0.87716				2
2025.12.15	00:16:08.501	0.87723				2
2025.12.15	00:16:09.555	0.87724				2
2025.12.15	00:16:09.959	0.87712				2
2025.12.15	00:16:14.369		0.87802			4
2025.12.15	00:16:24.581	0.87711				2
2025.12.15	00:16:46.505	0.87720				2
2025.12.15	00:16:46.822	0.87721				2
2025.12.15	00:16:48.285	0.87724				2
2025.12.15	00:16:49.487	0.87721				2
2025.12.15	00:16:51.877	0.87722				2
2025.12.15	00:16:53.678	0.87723				2
2025.12.15	00:17:00.585	0.87724				2
2025.12.15	00:17:01.179	0.87723				2
2025.12.15	00:17:02.522	0.87724				2
2025.12.15	00:17:06.576	0.87725				2
2025.12.15	00:17:12.577	0.87726				2
2025.12.15	00:17:14.482	0.87724	0.87802			6
2025.12.15	00:17:15.277	0.87725				2
2025.12.15	00:17:20.508	0.87726				2
2025.12.15	00:17:22.477	0.87725				2
2025.12.15	00:17:25.476	0.87724				2
2025.12.15	00:17:26.978	0.87725				2
2025.12.15	00:17:28.181	0.87724				2
2025.12.15	00:17:28.484	0.87727				2
2025.12.15	00:17:29.145	0.87726				2
2025.12.15	00:17:29.716	0.87727				2
2025.12.15	00:17:30.873	0.87728				2
2025.12.15	00:17:31.185	0.87726				2
2025.12.15	00:17:31.717	0.87727				2
2025.12.15	00:17:32.467	0.87724				2
2025.12.15	00:17:33.469	0.87728				2
2025.12.15	00:17:34.182	0.87727				2
2025.12.15	00:17:36.298	0.87724				2
2025.12.15	00:17:38.533	0.87728				2
2025.12.15	00:17:40.537	0.87727				2
2025.12.15	00:17:41.211	0.87724				2
2025.12.15	00:17:42.277	0.87725				2
2025.12.15	00:17:43.778	0.87724				2
2025.12.15	00:17:44.986	0.87727				2
2025.12.15	00:17:45.761	0.87724				2
2025.12.15	00:17:46.100	0.87728				2
2025.12.15	00:17:47.496	0.87727				2
2025.12.15	00:17:50.022	0.87725				2
2025.12.15	00:18:00.481	0.87729				2
2025.12.15	00:18:14.977		0.87802			4
2025.12.15	00:18:17.484	0.87726				2
2025.12.15	00:18:17.801	0.87729				2
2025.12.15	00:18:19.006	0.87730				2
2025.12.15	00:18:20.977	0.87729				2
2025.12.15	00:18:22.777	0.87730				2
2025.12.15	00:18:25.780	0.87729				2
2025.12.15	00:18:26.979	0.87730				2
2025.12.15	00:18:34.194	0.87727				2
2025.12.15	00:18:35.567	0.87732				2
2025.12.15	00:18:36.642	0.87731				2
2025.12.15	00:18:36.986	0.87732				2
2025.12.15	00:18:37.823	0.87731				2
2025.12.15	00:18:41.979	0.87732				2
2025.12.15	00:18:43.178	0.87731				2
2025.12.15	00:18:43.681	0.87730				2
2025.12.15	00:18:44.876	0.87731				2
2025.12.15	00:18:45.231	0.87730				2
2025.12.15	00:18:45.992	0.87731				2
2025.12.15	00:18:46.371	0.87727				2
2025.12.15	00:18:46.681	0.87730				2
2025.12.15	00:18:47.562	0.87727				2
2025.12.15	00:18:48.268	0.87731				2
2025.12.15	00:18:48.638	0.87727				2
2025.12.15	00:18:48.943	0.87730				2
2025.12.15	00:18:49.946	0.87731				2
2025.12.15	00:18:51.179	0.87708				2
2025.12.15	00:18:58.026	0.87740				2
2025.12.15	00:19:01.777	0.87740				2
2025.12.15	00:19:08.482	0.87721				2
2025.12.15	00:19:19.180		0.87802			4
2025.12.15	00:19:44.677	0.87724				2
2025.12.15	00:20:03.207	0.87724				2
2025.12.15	00:20:20.015		0.87802			4
2025.12.15	00:21:00.281	0.87724				2
2025.12.15	00:21:21.122		0.87802			4
2025.12.15	00:22:00.878	0.87724				2
2025.12.15	00:22:23.808		0.87802			4
2025.12.15	00:23:02.154	0.87724				2
2025.12.15	00:23:27.526		0.87802			4
2025.12.15	00:24:03.072	0.87724				2
2025.12.15	00:24:15.392	0.87721				2
2025.12.15	00:24:17.270	0.87724				2
2025.12.15	00:24:19.521	0.87720				2
2025.12.15	00:24:22.272	0.87721				2
2025.12.15	00:24:24.520	0.87720				2
2025.12.15	00:24:29.077		0.87802			4
2025.12.15	00:24:38.978		0.87812			4
2025.12.15	00:25:00.533	0.87720				2
2025.12.15	00:25:09.130		0.87804			4
2025.12.15	00:25:09.524	0.87725				2
2025.12.15	00:25:19.546	0.87724				2
2025.12.15	00:25:20.979	0.87723				2
2025.12.15	00:25:36.669	0.87722				2
2025.12.15	00:25:57.694	0.87721				2
2025.12.15	00:26:00.537	0.87721				2
2025.12.15	00:26:09.620		0.87804			4
2025.12.15	00:26:10.854	0.87718				2
2025.12.15	00:26:12.098	0.87721				2
2025.12.15	00:26:16.982	0.87720				2
2025.12.15	00:26:22.095	0.87721				2
2025.12.15	00:26:29.177	0.87718				2
2025.12.15	00:26:29.537	0.87721				2
2025.12.15	00:26:30.673	0.87720				2
2025.12.15	00:26:31.178	0.87721				2
2025.12.15	00:26:38.432	0.87718				2
2025.12.15	00:26:41.554	0.87721				2
2025.12.15	00:26:42.427	0.87718				2
2025.12.15	00:26:43.430	0.87721				2
2025.12.15	00:26:47.673	0.87718				2
2025.12.15	00:26:48.711	0.87721				2
2025.12.15	00:26:55.108	0.87718				2
2025.12.15	00:26:56.410	0.87721				2
2025.12.15	00:26:57.680	0.87720				2
2025.12.15	00:26:59.115		0.87805			4
2025.12.15	00:27:01.154	0.87718				2
2025.12.15	00:27:02.236	0.87717				2
2025.12.15	00:27:03.134	0.87718				2
2025.12.15	00:27:03.644	0.87721				2
2025.12.15	00:27:05.682	0.87720				2
2025.12.15	00:27:10.220	0.87718				2
2025.12.15	00:27:11.234	0.87720				2
2025.12.15	00:27:14.822	0.87717				2
2025.12.15	00:27:15.838	0.87718				2
2025.12.15	00:27:17.297	0.87717				2
2025.12.15	00:27:20.648	0.87721				2
2025.12.15	00:27:23.977	0.87720				2
2025.12.15	00:27:25.257	0.87718				2
2025.12.15	00:27:26.121	0.87720				2
2025.12.15	00:27:30.094	0.87717				2
2025.12.15	00:27:30.648	0.87720				2
2025.12.15	00:27:34.217	0.87717				2
2025.12.15	00:27:35.111	0.87718				2
2025.12.15	00:27:37.646	0.87720				2
2025.12.15	00:27:40.171	0.87718				2
2025.12.15	00:27:41.190	0.87720				2
2025.12.15	00:27:47.256	0.87718				2
2025.12.15	00:27:48.269	0.87720				2
2025.12.15	00:27:54.129	0.87717				2
2025.12.15	00:27:56.104	0.87720				2
2025.12.15	00:27:59.978		0.87805			4
2025.12.15	00:28:01.232	0.87720				2
2025.12.15	00:28:13.212	0.87717				2
2025.12.15	00:28:14.274	0.87720				2
2025.12.15	00:28:15.275	0.87717				2
2025.12.15	00:28:18.130	0.87720				2
2025.12.15	00:28:19.164	0.87717				2
2025.12.15	00:28:20.154	0.87720				2
2025.12.15	00:28:25.916	0.87718				2
2025.12.15	00:28:28.104	0.87721				2
2025.12.15	00:28:29.130	0.87717				2
2025.12.15	00:28:30.146	0.87718				2
2025.12.15	00:28:31.430	0.87717				2
2025.12.15	00:28:34.430	0.87721				2
2025.12.15	00:28:36.112	0.87717				2
2025.12.15	00:28:37.130	0.87721				2
2025.12.15	00:28:38.138	0.87718				2
2025.12.15	00:28:39.146	0.87717				2
2025.12.15	00:28:41.139	0.87721				2
2025.12.15	00:28:46.250	0.87720				2
2025.12.15	00:28:55.287	0.87717				2
2025.12.15	00:28:56.144	0.87724				2
2025.12.15	00:28:56.448	0.87720				2
2025.12.15	00:29:02.082	0.87720	0.87805			6
2025.12.15	00:29:06.161	0.87723				2
2025.12.15	00:29:06.477	0.87720				2
2025.12.15	00:29:07.122	0.87717				2
2025.12.15	00:29:08.135	0.87720				2
2025.12.15	00:29:09.217	0.87717				2
2025.12.15	00:29:10.225	0.87720				2
2025.12.15	00:29:11.191	0.87717				2
2025.12.15	00:29:12.093	0.87718				2
2025.12.15	00:29:12.949	0.87720				2
2025.12.15	00:29:14.202	0.87717				2
2025.12.15	00:29:16.209	0.87724				2
2025.12.15	00:29:16.513	0.87717				2
2025.12.15	00:29:18.114	0.87721				2
2025.12.15	00:29:19.326	0.87720				2
2025.12.15	00:29:30.322	0.87724				2
2025.12.15	00:29:30.627	0.87720				2
2025.12.15	00:29:40.476	0.87724				2
2025.12.15	00:29:40.782	0.87720				2
2025.12.15	00:29:42.841	0.87726				2
2025.12.15	00:29:44.131		0.87802			4
2025.12.15	00:29:49.982	0.87729				2
2025.12.15	00:29:50.293	0.87726				2
2025.12.15	00:29:50.599	0.87729				2
2025.12.15	00:29:50.908	0.87726				2
2025.12.15	00:30:00.161	0.87719				2
2025.12.15	00:30:00.467	0.87718				2
2025.12.15	00:30:01.657	0.87719				2
2025.12.15	00:30:02.779	0.87720				2
2025.12.15	00:30:03.818	0.87721				2
2025.12.15	00:30:04.656	0.87720				2
2025.12.15	00:30:07.777	0.87719				2
2025.12.15	00:30:11.378	0.87718				2
2025.12.15	00:30:13.449	0.87723				2
2025.12.15	00:30:16.178	0.87724				2
2025.12.15	00:30:23.978	0.87725				2
2025.12.15	00:30:26.262	0.87724				2
2025.12.15	00:30:26.578	0.87725				2
2025.12.15	00:30:27.636	0.87727				2
2025.12.15	00:30:29.705	0.87726	0.87812			6
2025.12.15	00:30:30.627	0.87722	0.87815			6
2025.12.15	00:30:30.952	0.87728	0.87812			6
2025.12.15	00:30:33.877	0.87729	0.87811			6
2025.12.15	00:30:36.608	0.87728	0.87812			6
2025.12.15	00:30:37.830		0.87807			4
2025.12.15	00:30:38.997		0.87812			4
2025.12.15	00:30:40.178	0.87729	0.87811			6
2025.12.15	00:30:49.323		0.87806			4
2025.12.15	00:30:51.402		0.87808			4
2025.12.15	00:30:53.331		0.87807			4
2025.12.15	00:30:54.732		0.87811			4
2025.12.15	00:30:56.077	0.87730	0.87810			6
2025.12.15	00:31:00.385	0.87731	0.87812			6
2025.12.15	00:31:00.877	0.87732	0.87811			6
2025.12.15	00:31:01.182		0.87812			4
2025.12.15	00:31:03.578		0.87811			4
2025.12.15	00:31:08.378	0.87739	0.87822			6
2025.12.15	00:31:10.592	0.87738				2
2025.12.15	00:31:12.576	0.87739				2
2025.12.15	00:31:16.777		0.87821			4
2025.12.15	00:31:17.130		0.87822			4
2025.12.15	00:31:19.177	0.87740	0.87820			6
2025.12.15	00:31:20.245	0.87741				2
2025.12.15	00:31:21.278		0.87819			4
2025.12.15	00:31:22.710	0.87746	0.87843			6
2025.12.15	00:31:23.244	0.87760				2
2025.12.15	00:31:23.572	0.87763	0.87842			6
2025.12.15	00:31:23.879	0.87772	0.87841			6
2025.12.15	00:31:24.209	0.87776				2
2025.12.15	00:31:24.587	0.87777	0.87846			6
2025.12.15	00:31:25.324	0.87767	0.87839			6
2025.12.15	00:31:25.820	0.87776	0.87847			6
2025.12.15	00:31:26.528	0.87774	0.87840			6
2025.12.15	00:31:27.234	0.87773				2
2025.12.15	00:31:27.539	0.87770				2
2025.12.15	00:31:27.871		0.87838			4
2025.12.15	00:31:28.374		0.87845			4
2025.12.15	00:31:28.923		0.87837			4
2025.12.15	00:31:31.245		0.87841			4
2025.12.15	00:31:31.926		0.87837			4
2025.12.15	00:31:32.840		0.87840			4
2025.12.15	00:31:33.433		0.87842			4
2025.12.15	00:31:33.862		0.87838			4
2025.12.15	00:31:34.862		0.87836			4
2025.12.15	00:31:36.659		0.87835			4
2025.12.15	00:31:37.423		0.87840			4
2025.12.15	00:31:38.303		0.87838			4
2025.12.15	00:31:39.008		0.87837			4
2025.12.15	00:31:39.440		0.87836			4
2025.12.15	00:31:41.229		0.87839			4
2025.12.15	00:31:41.758		0.87850			4
2025.12.15	00:31:42.059		0.87863			4
2025.12.15	00:31:42.752		0.87841			4
2025.12.15	00:31:43.109		0.87840			4
2025.12.15	00:31:46.276		0.87834			4
2025.12.15	00:31:56.581		0.87849			4
2025.12.15	00:31:57.357		0.87825			4
2025.12.15	00:32:01.341	0.87770				2
2025.12.15	00:32:02.436	0.87771				2
2025.12.15	00:32:02.739		0.87822			4
2025.12.15	00:32:07.078		0.87825			4
2025.12.15	00:32:39.844	0.87784	0.87829			6
2025.12.15	00:32:41.379		0.87866			4
2025.12.15	00:32:42.576		0.87865			4
2025.12.15	00:32:44.076		0.87852			4
2025.12.15	00:32:44.661		0.87853			4
2025.12.15	00:32:47.532		0.87840			4
2025.12.15	00:32:53.243		0.87848			4
2025.12.15	00:32:57.577		0.87852			4
2025.12.15	00:32:58.639		0.87863			4
2025.12.15	00:33:01.105	0.87784	0.87860			6
2025.12.15	00:33:01.444		0.87847			4
2025.12.15	00:33:02.530		0.87837			4
2025.12.15	00:33:03.305		0.87834			4
2025.12.15	00:33:05.302		0.87833			4
2025.12.15	00:33:06.454		0.87838			4
2025.12.15	00:33:08.377		0.87831			4
2025.12.15	00:33:08.710		0.87843			4
2025.12.15	00:33:09.165		0.87841			4
2025.12.15	00:33:09.786		0.87833			4
2025.12.15	00:33:11.819		0.87841			4
2025.12.15	00:33:12.648		0.87856			4
2025.12.15	00:33:13.454		0.87851			4
2025.12.15	00:33:14.676		0.87858			4
2025.12.15	00:33:16.664		0.87857			4
2025.12.15	00:33:17.529		0.87843			4
2025.12.15	00:33:18.745		0.87840			4
2025.12.15	00:33:23.880		0.87829			4
2025.12.15	00:33:27.863		0.87885			4
2025.12.15	00:33:32.528		0.87840			4
2025.12.15	00:33:34.302		0.87835			4
2025.12.15	00:33:42.676		0.87885			4
2025.12.15	00:33:50.536		0.87838			4
2025.12.15	00:33:53.678		0.87843			4
2025.12.15	00:34:00.581	0.87784	0.87840			6
2025.12.15	00:34:02.227	0.87778				2
2025.12.15	00:34:02.789		0.87841			4
2025.12.15	00:34:03.324		0.87835			4
2025.12.15	00:34:03.739		0.87838			4
2025.12.15	00:34:04.578		0.87831			4
2025.12.15	00:34:06.417	0.87726	0.87820			6
2025.12.15	00:34:06.861	0.87727				2
2025.12.15	00:34:07.436	0.87729	0.87818			6
2025.12.15	00:34:07.756	0.87730	0.87817			6
2025.12.15	00:34:08.075	0.87729	0.87818			6
2025.12.15	00:34:11.381	0.87728	0.87819			6
2025.12.15	00:34:12.577	0.87729	0.87818			6
2025.12.15	00:34:16.112	0.87728	0.87819			6
2025.12.15	00:34:20.084	0.87729	0.87818			6
2025.12.15	00:34:22.655	0.87730	0.87817			6
2025.12.15	00:34:26.977	0.87732				2
2025.12.15	00:34:27.281	0.87730				2
2025.12.15	00:34:29.080	0.87729	0.87818			6
2025.12.15	00:34:38.379	0.87730	0.87817			6
2025.12.15	00:34:48.589	0.87729	0.87818			6
2025.12.15	00:34:49.086	0.87736				2
2025.12.15	00:34:49.741		0.87817			4
2025.12.15	00:34:51.578		0.87818			4
2025.12.15	00:34:54.877		0.87817			4
2025.12.15	00:34:56.978	0.87737				2
2025.12.15	00:34:59.670	0.87736				2
2025.12.15	00:35:00.472	0.87723	0.87816			6
2025.12.15	00:35:02.277	0.87722				2
2025.12.15	00:35:02.707	0.87726				2
2025.12.15	00:35:03.019	0.87722				2
2025.12.15	00:35:03.327	0.87725	0.87818			6
2025.12.15	00:35:03.655	0.87721	0.87817			6
2025.12.15	00:35:03.958	0.87722	0.87816			6
2025.12.15	00:35:05.378	0.87726				2
2025.12.15	00:35:05.999	0.87721	0.87818			6
2025.12.15	00:35:06.341	0.87725				2
2025.12.15	00:35:06.712	0.87721	0.87817			6
2025.12.15	00:35:07.346	0.87725				2
2025.12.15	00:35:07.647	0.87721				2
2025.12.15	00:35:08.603	0.87726				2
2025.12.15	00:35:09.218		0.87816			4
2025.12.15	00:35:09.837	0.87722				2
2025.12.15	00:35:10.161	0.87726				2
2025.12.15	00:35:10.483	0.87722				2
2025.12.15	00:35:11.752	0.87732	0.87818			6
2025.12.15	00:35:12.061		0.87819			4
2025.12.15	00:35:12.371	0.87736				2
2025.12.15	00:35:12.678	0.87733	0.87818			6
2025.12.15	00:35:13.193	0.87734	0.87817			6
2025.12.15	00:35:14.078	0.87733	0.87818			6
2025.12.15	00:35:14.736		0.87817			4
2025.12.15	00:35:15.277	0.87734				2
2025.12.15	00:35:16.100	0.87738				2
2025.12.15	00:35:23.696		0.87818			4
2025.12.15	00:35:24.877		0.87817			4
2025.12.15	00:35:39.278	0.87737	0.87818			6
2025.12.15	00:35:39.861	0.87738	0.87817			6
2025.12.15	00:35:42.672	0.87739				2
2025.12.15	00:35:48.055	0.87730	0.87816			6
2025.12.15	00:35:48.610	0.87728	0.87815			6
2025.12.15	00:35:51.140	0.87733	0.87817			6
2025.12.15	00:35:52.164	0.87734				2
2025.12.15	00:35:58.577	0.87729				2
2025.12.15	00:35:59.152	0.87734				2
2025.12.15	00:36:00.876	0.87734				2
2025.12.15	00:36:03.560		0.87816			4
2025.12.15	00:36:12.010	0.87735	0.87815			6
2025.12.15	00:36:13.179	0.87736				2
2025.12.15	00:36:22.816	0.87739	0.87812			6
2025.12.15	00:36:24.567	0.87738				2
2025.12.15	00:36:26.377		0.87813			4
2025.12.15	00:36:28.177		0.87812			4
2025.12.15	00:36:29.977	0.87737	0.87813			6
2025.12.15	00:36:31.457		0.87814			4
2025.12.15	00:36:33.161	0.87738	0.87813			6
2025.12.15	00:36:33.729	0.87739	0.87812			6
2025.12.15	00:36:34.476	0.87738				2
2025.12.15	00:36:36.279		0.87813			4
2025.12.15	00:36:37.407	0.87739	0.87812			6
2025.12.15	00:36:38.672	0.87738				2
2025.12.15	00:36:47.219	0.87740	0.87811			6
2025.12.15	00:36:47.978	0.87738	0.87812			6
2025.12.15	00:36:54.877		0.87813			4
2025.12.15	00:36:55.182	0.87733				2
2025.12.15	00:37:00.177	0.87735	0.87812			6
2025.12.15	00:37:02.378		0.87813			4
2025.12.15	00:37:10.477	0.87736				2
2025.12.15	00:37:11.897	0.87735				2
2025.12.15	00:37:12.781	0.87741	0.87818			6
2025.12.15	00:37:15.897	0.87742				2
2025.12.15	00:37:16.404		0.87817			4
2025.12.15	00:37:30.318	0.87743	0.87816			6
2025.12.15	00:37:34.177	0.87742	0.87817			6
2025.12.15	00:37:34.826		0.87816			4
2025.12.15	00:37:35.939	0.87741	0.87817			6
2025.12.15	00:37:36.242	0.87746				2
2025.12.15	00:37:36.553	0.87742				2
2025.12.15	00:37:38.025	0.87741	0.87818			6
2025.12.15	00:37:38.483	0.87745	0.87814			6
2025.12.15	00:37:40.535	0.87746				2
2025.12.15	00:37:43.885	0.87745				2
2025.12.15	00:37:49.903	0.87744	0.87815			6
2025.12.15	00:37:59.404		0.87814			4
2025.12.15	00:38:00.536	0.87743	0.87815			6
2025.12.15	00:38:01.775	0.87745	0.87814			6
2025.12.15	00:38:02.077	0.87744	0.87815			6
2025.12.15	00:38:02.699	0.87745	0.87813			6
2025.12.15	00:38:03.025	0.87744	0.87815			6
2025.12.15	00:38:03.865	0.87745	0.87814			6
2025.12.15	00:38:08.203		0.87813			4
2025.12.15	00:38:08.978		0.87814			4
2025.12.15	00:38:10.705	0.87744				2
2025.12.15	00:38:13.776	0.87745				2
2025.12.15	00:38:14.377	0.87744	0.87815			6
2025.12.15	00:38:15.777	0.87745	0.87814			6
2025.12.15	00:38:24.254		0.87813			4
2025.12.15	00:38:25.176		0.87814			4
2025.12.15	00:38:26.953	0.87744	0.87815			6
2025.12.15	00:38:27.274	0.87745	0.87813			6
2025.12.15	00:38:27.674	0.87744	0.87815			6
2025.12.15	00:38:31.433	0.87743				2
2025.12.15	00:38:37.113	0.87744				2
2025.12.15	00:38:39.228	0.87746	0.87813			6
2025.12.15	00:38:39.702	0.87745				2
2025.12.15	00:38:51.279		0.87814			4
2025.12.15	00:38:52.428		0.87813			4
2025.12.15	00:38:57.278	0.87744	0.87814			6
2025.12.15	00:38:58.775		0.87815			4
2025.12.15	00:39:00.577	0.87744				2
2025.12.15	00:39:04.154	0.87745	0.87814			6
2025.12.15	00:39:04.659		0.87813			4
2025.12.15	00:39:07.847		0.87814			4
2025.12.15	00:39:08.573		0.87813			4
2025.12.15	00:39:11.846	0.87737	0.87809			6
2025.12.15	00:39:12.177	0.87738				2
2025.12.15	00:39:17.218	0.87737	0.87810			6
2025.12.15	00:39:18.576	0.87738	0.87809			6
2025.12.15	00:39:20.075	0.87737				2
2025.12.15	00:39:20.978		0.87810			4
2025.12.15	00:39:23.928	0.87738	0.87809			6
2025.12.15	00:39:27.019		0.87808			4
2025.12.15	00:39:28.588	0.87737	0.87810			6
2025.12.15	00:39:33.269	0.87738	0.87809			6
2025.12.15	00:39:33.931	0.87739	0.87808			6
2025.12.15	00:39:35.662	0.87738	0.87809			6
2025.12.15	00:39:37.632	0.87742				2
2025.12.15	00:39:38.764	0.87737	0.87810			6
2025.12.15	00:39:39.890	0.87738	0.87809			6
2025.12.15	00:39:42.039	0.87737	0.87810			6
2025.12.15	00:39:44.808	0.87738	0.87809			6
2025.12.15	00:39:45.580	0.87737				2
2025.12.15	00:39:47.014	0.87742				2
2025.12.15	00:39:49.178	0.87741	0.87810			6
2025.12.15	00:39:50.423	0.87742	0.87809			6
2025.12.15	00:39:54.832	0.87737				2
2025.12.15	00:39:56.461	0.87738				2
2025.12.15	00:39:57.877		0.87808			4
2025.12.15	00:40:00.325	0.87738	0.87809			6
2025.12.15	00:40:01.692	0.87737	0.87810			6
2025.12.15	00:40:02.672	0.87738	0.87809			6
2025.12.15	00:40:10.478	0.87737				2
2025.12.15	00:40:12.247		0.87810			4
2025.12.15	00:40:14.377		0.87809			4
2025.12.15	00:40:15.960	0.87738				2
2025.12.15	00:40:18.164	0.87737	0.87810			6
2025.12.15	00:40:20.075		0.87809			4
2025.12.15	00:40:20.980		0.87810			4
2025.12.15	00:40:27.065	0.87736				2
2025.12.15	00:40:28.172	0.87737				2
2025.12.15	00:40:28.837	0.87738	0.87809			6
2025.12.15	00:40:30.277	0.87737	0.87810			6
2025.12.15	00:40:39.658		0.87809			4
2025.12.15	00:40:41.079		0.87810			4
2025.12.15	00:40:42.879	0.87736				2
2025.12.15	00:40:43.693	0.87738	0.87809			6
2025.12.15	00:40:45.152	0.87713	0.87805			6
2025.12.15	00:40:46.026	0.87712	0.87811			6
2025.12.15	00:40:46.337	0.87711				2
2025.12.15	00:40:47.356	0.87718	0.87801			6
2025.12.15	00:40:48.636	0.87717				2
2025.12.15	00:40:50.752	0.87718				2
2025.12.15	00:40:54.579		0.87800			4
2025.12.15	00:40:56.369	0.87722				2
2025.12.15	00:40:57.612	0.87718				2
2025.12.15	00:41:00.534	0.87718				2
2025.12.15	00:41:07.457	0.87726	0.87811			6
2025.12.15	00:41:08.030	0.87724				2
2025.12.15	00:41:09.025	0.87720	0.87801			6
2025.12.15	00:41:09.583	0.87719	0.87799			6
2025.12.15	00:41:10.107	0.87718	0.87800			6
2025.12.15	00:41:16.855	0.87717	0.87801			6
2025.12.15	00:41:17.907	0.87718	0.87800			6
2025.12.15	00:42:00.681	0.87718				2
2025.12.15	00:42:01.776	0.87719				2
2025.12.15	00:42:09.189		0.87799			4
2025.12.15	00:42:11.677		0.87800			4
2025.12.15	00:42:13.176		0.87799			4
2025.12.15	00:42:40.779	0.87720	0.87798			6
2025.12.15	00:42:42.893	0.87719	0.87799			6
2025.12.15	00:43:00.192	0.87719				2
2025.12.15	00:43:12.823	0.87720	0.87798			6
2025.12.15	00:43:14.942	0.87719	0.87799			6
2025.12.15	00:43:54.628	0.87720				2
2025.12.15	00:43:55.777	0.87719				2
2025.12.15	00:43:58.633	0.87724	0.87794			6
2025.12.15	00:43:59.013		0.87795			4
2025.12.15	00:44:00.512	0.87725	0.87794			6
2025.12.15	00:44:02.377	0.87724				2
2025.12.15	00:44:04.305	0.87726	0.87793			6
2025.12.15	00:44:04.890		0.87794			4
2025.12.15	00:44:06.992	0.87725				2
2025.12.15	00:44:11.487	0.87726				2
2025.12.15	00:44:20.215	0.87724				2
2025.12.15	00:44:20.885	0.87723	0.87795			6
2025.12.15	00:44:23.976	0.87724	0.87794			6
2025.12.15	00:44:35.061	0.87719				2
2025.12.15	00:44:36.102		0.87795			4
2025.12.15	00:44:37.199	0.87721	0.87792			6
2025.12.15	00:44:41.215	0.87719	0.87795			6
2025.12.15	00:44:41.737		0.87794			4
2025.12.15	00:44:43.476		0.87795			4
2025.12.15	00:44:57.818	0.87720	0.87794			6
2025.12.15	00:45:00.576	0.87720				2
2025.12.15	00:45:02.076	0.87719				2
2025.12.15	00:45:02.945	0.87727	0.87801			6
2025.12.15	00:45:06.381	0.87726				2
2025.12.15	00:45:06.697	0.87719	0.87795			6
2025.12.15	00:45:12.123	0.87731	0.87783			6
2025.12.15	00:45:18.560	0.87730				2
2025.12.15	00:45:21.578	0.87731				2
2025.12.15	00:45:36.709	0.87730				2
2025.12.15	00:45:39.423	0.87731	0.87782			6
2025.12.15	00:45:49.581		0.87783			4
2025.12.15	00:45:50.668	0.87734				2
2025.12.15	00:45:53.218	0.87735	0.87782			6
2025.12.15	00:45:54.279	0.87733	0.87784			6
2025.12.15	00:45:56.377	0.87730				2
2025.12.15	00:46:00.536	0.87730				2
2025.12.15	00:46:00.877		0.87783			4
2025.12.15	00:46:02.682	0.87704	0.87780			6
2025.12.15	00:46:03.486	0.87726	0.87794			6
2025.12.15	00:46:03.932		0.87795			4
2025.12.15	00:46:04.261	0.87728				2
2025.12.15	00:46:04.736	0.87716	0.87791			6
2025.12.15	00:46:05.975	0.87724				2
2025.12.15	00:46:12.557	0.87716	0.87790			6
2025.12.15	00:46:14.288	0.87724				2
2025.12.15	00:46:14.623	0.87716				2
2025.12.15	00:46:15.453		0.87791			4
2025.12.15	00:46:16.898	0.87724	0.87789			6
2025.12.15	00:46:17.956	0.87723	0.87790			6
2025.12.15	00:46:18.583	0.87716	0.87792			6
2025.12.15	00:46:19.421	0.87722				2
2025.12.15	00:46:19.740	0.87729	0.87784			6
2025.12.15	00:46:28.459	0.87727	0.87785			6
2025.12.15	00:46:30.489	0.87728				2
2025.12.15	00:46:32.976	0.87727				2
2025.12.15	00:46:37.778	0.87728	0.87784			6
2025.12.15	00:46:48.016		0.87785			4
2025.12.15	00:46:48.861		0.87784			4
2025.12.15	00:46:50.078	0.87729	0.87783			6
2025.12.15	00:46:51.241	0.87728	0.87784			6
2025.12.15	00:46:54.245	0.87727				2
2025.12.15	00:46:54.766		0.87785			4
2025.12.15	00:47:01.777	0.87727				2
2025.12.15	00:47:03.205	0.87739	0.87791			6
2025.12.15	00:47:03.830	0.87741				2
2025.12.15	00:47:04.435	0.87742				2
2025.12.15	00:47:06.643	0.87727	0.87785			6
2025.12.15	00:47:39.799	0.87728	0.87784			6
2025.12.15	00:47:47.682	0.87729				2
2025.12.15	00:47:49.616	0.87728				2
2025.12.15	00:47:55.529	0.87725	0.87794			6
2025.12.15	00:47:56.814	0.87719	0.87793			6
2025.12.15	00:48:00.102	0.87719				2
2025.12.15	00:48:01.778	0.87720				2
2025.12.15	00:48:02.745	0.87717	0.87795			6
2025.12.15	00:48:05.077	0.87721				2
2025.12.15	00:48:05.407	0.87718				2
2025.12.15	00:48:09.277	0.87717	0.87796			6
2025.12.15	00:48:15.671	0.87718	0.87794			6
2025.12.15	00:48:19.541	0.87716	0.87796			6
2025.12.15	00:48:19.986	0.87717	0.87794			6
2025.12.15	00:48:33.576		0.87795			4
2025.12.15	00:48:36.276		0.87794			4
2025.12.15	00:48:38.139	0.87719	0.87793			6
2025.12.15	00:48:39.767		0.87792			4
2025.12.15	00:48:40.492		0.87793			4
2025.12.15	00:48:41.512	0.87726	0.87792			6
2025.12.15	00:48:42.276	0.87719				2
2025.12.15	00:48:43.436	0.87720				2
2025.12.15	00:48:45.801	0.87719				2
2025.12.15	00:48:48.146	0.87720				2
2025.12.15	00:48:59.593	0.87726	0.87791			6
2025.12.15	00:49:00.577	0.87726	0.87792			6
2025.12.15	00:49:02.677		0.87791			4
2025.12.15	00:49:08.851	0.87720				2
2025.12.15	00:49:09.235		0.87792			4
2025.12.15	00:49:09.876		0.87791			4
2025.12.15	00:49:14.808		0.87792			4
2025.12.15	00:49:16.477	0.87725	0.87787			6
2025.12.15	00:49:18.577	0.87724				2
2025.12.15	00:49:25.177	0.87725				2
2025.12.15	00:49:28.248	0.87728	0.87783			6
2025.12.15	00:49:38.676		0.87784			4
2025.12.15	00:49:41.712		0.87783			4
2025.12.15	00:49:48.251	0.87725				2
2025.12.15	00:49:55.436	0.87717				2
2025.12.15	00:49:57.131	0.87726				2
2025.12.15	00:49:58.776	0.87727				2
2025.12.15	00:50:00.260	0.87727				2
2025.12.15	00:50:04.776	0.87726	0.87784			6
2025.12.15	00:50:23.077	0.87727	0.87783			6
2025.12.15	00:50:26.522	0.87726	0.87784			6
2025.12.15	00:50:28.176	0.87727	0.87783			6
2025.12.15	00:50:29.602	0.87726	0.87784			6
2025.12.15	00:50:54.806	0.87730	0.87785			6
2025.12.15	00:50:57.666	0.87726	0.87784			6
2025.12.15	00:50:59.581	0.87725	0.87785			6
2025.12.15	00:51:00.535	0.87725				2
2025.12.15	00:51:01.461	0.87726	0.87784			6
2025.12.15	00:51:06.171	0.87728				2
2025.12.15	00:51:06.834		0.87785			4
2025.12.15	00:51:12.542	0.87725				2
2025.12.15	00:51:14.551	0.87724	0.87786			6
2025.12.15	00:51:15.568	0.87723	0.87787			6
2025.12.15	00:51:23.016	0.87733	0.87778			6
2025.12.15	00:51:24.047	0.87731	0.87779			6
2025.12.15	00:51:25.130	0.87730	0.87780			6
2025.12.15	00:51:26.352	0.87729	0.87781			6
2025.12.15	00:51:28.164	0.87728	0.87782			6
2025.12.15	00:51:29.170	0.87729				2
2025.12.15	00:51:30.655	0.87728				2
2025.12.15	00:51:31.656	0.87729				2
2025.12.15	00:51:32.205	0.87732	0.87783			6
2025.12.15	00:51:35.265	0.87736				2
2025.12.15	00:51:36.277		0.87784			4
2025.12.15	00:51:37.520		0.87783			4
2025.12.15	00:51:38.512	0.87731	0.87782			6
2025.12.15	00:51:39.373	0.87728				2
2025.12.15	00:51:41.517	0.87729	0.87781			6
2025.12.15	00:51:42.519	0.87730	0.87780			6
2025.12.15	00:51:44.728	0.87731	0.87779			6
2025.12.15	00:51:51.661	0.87755	0.87780			6
2025.12.15	00:51:52.828	0.87754				2
2025.12.15	00:51:54.876		0.87781			4
2025.12.15	00:51:55.783	0.87753				2
2025.12.15	00:51:57.877		0.87782			4
2025.12.15	00:52:00.008	0.87751				2
2025.12.15	00:52:00.370	0.87723				2
2025.12.15	00:52:02.677		0.87783			4
2025.12.15	00:52:04.180	0.87731				2
2025.12.15	00:52:04.738	0.87717				2
2025.12.15	00:52:05.265	0.87724				2
2025.12.15	00:52:09.658		0.87784			4
2025.12.15	00:52:10.342	0.87730				2
2025.12.15	00:52:11.678		0.87785			4
2025.12.15	00:52:13.741	0.87734				2
2025.12.15	00:52:14.165	0.87737				2
2025.12.15	00:52:14.731	0.87740	0.87786			6
2025.12.15	00:52:16.450	0.87736				2
2025.12.15	00:52:17.976		0.87785			4
2025.12.15	00:52:20.076		0.87786			4
2025.12.15	00:52:20.538	0.87738				2
2025.12.15	00:52:21.538	0.87741				2
2025.12.15	00:52:23.477		0.87787			4
2025.12.15	00:52:24.327		0.87789			4
2025.12.15	00:52:24.830		0.87787			4
2025.12.15	00:52:25.732		0.87789			4
2025.12.15	00:52:26.742		0.87788			4
2025.12.15	00:52:27.639		0.87793			4
2025.12.15	00:52:27.977		0.87792			4
2025.12.15	00:52:29.520	0.87725	0.87780			6
2025.12.15	00:52:30.072	0.87730				2
2025.12.15	00:52:38.806		0.87781			4
2025.12.15	00:52:39.280	0.87724				2
2025.12.15	00:52:40.885	0.87714				2
2025.12.15	00:52:45.573	0.87724				2
2025.12.15	00:52:54.492		0.87780			4
2025.12.15	00:52:56.976		0.87779			4
2025.12.15	00:53:01.476	0.87715	0.87780			6
2025.12.15	00:53:02.977	0.87714	0.87781			6
2025.12.15	00:53:06.576	0.87713				2
2025.12.15	00:53:08.655	0.87721	0.87782			6
2025.12.15	00:53:09.045	0.87713				2
2025.12.15	00:53:09.834	0.87712	0.87783			6
2025.12.15	00:53:14.509	0.87713				2
2025.12.15	00:53:15.733		0.87784			4
2025.12.15	00:53:16.542	0.87717				2
2025.12.15	00:53:18.605	0.87729				2
2025.12.15	00:53:18.907	0.87718				2
2025.12.15	00:53:19.732		0.87785			4
2025.12.15	00:53:21.273	0.87722				2
2025.12.15	00:53:21.763	0.87731				2
2025.12.15	00:53:22.121	0.87722				2
2025.12.15	00:53:24.655	0.87729				2
2025.12.15	00:53:25.052		0.87786			4
2025.12.15	00:53:25.655	0.87732				2
2025.12.15	00:53:27.077		0.87787			4
2025.12.15	00:53:27.673	0.87740				2
2025.12.15	00:53:28.672	0.87736				2
2025.12.15	00:53:33.155	0.87738				2
2025.12.15	00:53:38.933		0.87788			4
2025.12.15	00:53:39.966	0.87741				2
2025.12.15	00:53:42.612		0.87792			4
2025.12.15	00:53:43.737		0.87794			4
2025.12.15	00:53:45.469		0.87795			4
2025.12.15	00:53:45.907	0.87720	0.87786			6
2025.12.15	00:53:46.554	0.87726				2
2025.12.15	00:53:47.037		0.87785			4
2025.12.15	00:53:47.568	0.87722				2
2025.12.15	00:53:49.183	0.87719				2
2025.12.15	00:53:49.733	0.87730				2
2025.12.15	00:53:50.740	0.87722				2
2025.12.15	00:53:54.506	0.87720				2
2025.12.15	00:53:55.736	0.87718	0.87784			6
2025.12.15	00:53:59.735		0.87785			4
2025.12.15	00:54:00.537	0.87723				2
2025.12.15	00:54:04.254		0.87786			4
2025.12.15	00:54:04.689	0.87727				2
2025.12.15	00:54:05.192	0.87730				2
2025.12.15	00:54:06.215	0.87741	0.87787			6
2025.12.15	00:54:06.531	0.87732				2
2025.12.15	00:54:07.035	0.87741	0.87788			6
2025.12.15	00:54:08.118	0.87735	0.87787			6
2025.12.15	00:54:10.656	0.87739				2
2025.12.15	00:54:19.367	0.87741				2
2025.12.15	00:54:20.373		0.87788			4
2025.12.15	00:54:23.976		0.87787			4
2025.12.15	00:54:30.876		0.87788			4
2025.12.15	00:54:33.392	0.87742	0.87787			6
2025.12.15	00:54:34.472		0.87788			4
2025.12.15	00:54:34.812	0.87741	0.87789			6
2025.12.15	00:54:35.593		0.87790			4
2025.12.15	00:54:36.812	0.87742	0.87788			6
2025.12.15	00:54:38.676	0.87743	0.87787			6
2025.12.15	00:54:40.761	0.87741				2
2025.12.15	00:54:47.980		0.87788			4
2025.12.15	00:54:49.739		0.87789			4
2025.12.15	00:54:51.705		0.87794			4
2025.12.15	00:54:52.711	0.87732	0.87784			6
2025.12.15	00:54:54.883		0.87785			4
2025.12.15	00:54:55.982	0.87731	0.87786			6
2025.12.15	00:54:57.000	0.87733				2
2025.12.15	00:54:57.530	0.87735				2
2025.12.15	00:54:58.058	0.87738				2
2025.12.15	00:54:59.077		0.87787			4
2025.12.15	00:55:00.388	0.87735	0.87782			6
2025.12.15	00:55:02.676	0.87734	0.87783			6
2025.12.15	00:55:04.530	0.87735	0.87782			6
2025.12.15	00:55:04.838	0.87736	0.87781			6
2025.12.15	00:55:05.159	0.87734	0.87783			6
2025.12.15	00:55:06.519	0.87736	0.87781			6
2025.12.15	00:55:07.657	0.87735	0.87782			6
2025.12.15	00:55:08.677	0.87736				2
2025.12.15	00:55:08.979	0.87735				2
2025.12.15	00:55:10.213	0.87736				2
2025.12.15	00:55:10.827	0.87735				2
2025.12.15	00:55:14.998	0.87736	0.87781			6
2025.12.15	00:55:15.311	0.87735				2
2025.12.15	00:55:15.619		0.87782			4
2025.12.15	00:55:19.737	0.87734	0.87783			6
2025.12.15	00:55:22.554	0.87763	0.87808			6
2025.12.15	00:55:37.742		0.87794			4
2025.12.15	00:55:57.560		0.87793			4
2025.12.15	00:56:00.260	0.87763				2
2025.12.15	00:56:20.773	0.87764				2
2025.12.15	00:56:24.878	0.87763				2
2025.12.15	00:56:32.820	0.87764				2
2025.12.15	00:56:34.427		0.87792			4
2025.12.15	00:56:42.791		0.87793			4
2025.12.15	00:56:47.292	0.87763				2
2025.12.15	00:57:00.537	0.87763				2
2025.12.15	00:57:27.475		0.87811			4
2025.12.15	00:57:29.475	0.87765	0.87801			6
2025.12.15	00:57:29.779	0.87764				2
2025.12.15	00:57:30.102	0.87763				2
2025.12.15	00:57:37.778	0.87764	0.87802			6
2025.12.15	00:57:39.943		0.87801			4
2025.12.15	00:57:45.126	0.87765	0.87800			6
2025.12.15	00:57:51.677	0.87764	0.87801			6
2025.12.15	00:57:52.771	0.87763	0.87802			6
2025.12.15	00:57:54.751	0.87764	0.87801			6
2025.12.15	00:57:56.752		0.87802			4
2025.12.15	00:57:58.819	0.87763				2
2025.12.15	00:58:01.401	0.87764				2
2025.12.15	00:58:03.827		0.87801			4
2025.12.15	00:58:08.520	0.87751	0.87812			6
2025.12.15	00:58:09.837	0.87747	0.87816			6
2025.12.15	00:58:10.494	0.87746	0.87817			6
2025.12.15	00:58:10.823	0.87749	0.87825			6
2025.12.15	00:58:11.917	0.87752	0.87822			6
2025.12.15	00:58:12.368		0.87821			4
2025.12.15	00:58:12.866	0.87746	0.87808			6
2025.12.15	00:58:13.190	0.87745				2
2025.12.15	00:58:14.752	0.87744	0.87809			6
2025.12.15	00:58:15.750	0.87745	0.87808			6
2025.12.15	00:58:17.554		0.87820			4
2025.12.15	00:58:19.560	0.87747	0.87819			6
2025.12.15	00:58:20.240	0.87745	0.87820			6
2025.12.15	00:58:21.303	0.87747	0.87818			6
2025.12.15	00:58:24.754	0.87748				2
2025.12.15	00:58:25.715	0.87749	0.87817			6
2025.12.15	00:58:26.335	0.87751	0.87815			6
2025.12.15	00:58:26.729	0.87748	0.87818			6
2025.12.15	00:58:28.103	0.87750	0.87815			6
2025.12.15	00:58:28.796	0.87748	0.87817			6
2025.12.15	00:58:29.264	0.87747	0.87818			6
2025.12.15	00:58:30.510	0.87748				2
2025.12.15	00:58:31.485	0.87751	0.87814			6
2025.12.15	00:58:31.956		0.87815			4
2025.12.15	00:58:32.258	0.87750	0.87816			6
2025.12.15	00:58:33.537	0.87751	0.87815			6
2025.12.15	00:58:34.265	0.87750	0.87816			6
2025.12.15	00:58:34.770	0.87751	0.87814			6
2025.12.15	00:58:35.264	0.87747	0.87818			6
2025.12.15	00:58:35.895	0.87750	0.87816			6
2025.12.15	00:58:36.446	0.87751	0.87815			6
2025.12.15	00:58:36.749	0.87752	0.87814			6
2025.12.15	00:58:37.278	0.87750	0.87816			6
2025.12.15	00:58:38.752	0.87748	0.87818			6
2025.12.15	00:58:40.535	0.87749	0.87817			6
2025.12.15	00:58:42.762		0.87816			4
2025.12.15	00:58:43.891	0.87748	0.87817			6
2025.12.15	00:58:46.252		0.87818			4
2025.12.15	00:58:46.756	0.87749	0.87817			6
2025.12.15	00:58:47.269	0.87751	0.87815			6
2025.12.15	00:58:47.750	0.87749	0.87817			6
2025.12.15	00:58:48.235	0.87748	0.87818			6
2025.12.15	00:58:48.997	0.87746	0.87819			6
2025.12.15	00:58:50.055	0.87749	0.87817			6
2025.12.15	00:58:50.465	0.87747	0.87819			6
2025.12.15	00:58:50.805	0.87749	0.87817			6
2025.12.15	00:58:51.220	0.87748	0.87818			6
2025.12.15	00:58:51.711	0.87749	0.87817			6
2025.12.15	00:58:52.460	0.87750	0.87816			6
2025.12.15	00:58:53.755		0.87815			4
2025.12.15	00:58:54.757	0.87752	0.87814			6
2025.12.15	00:58:55.391		0.87813			4
2025.12.15	00:58:57.040	0.87751	0.87814			6
2025.12.15	00:58:59.021		0.87815			4
2025.12.15	00:59:00.250	0.87752	0.87814			6
2025.12.15	00:59:00.550	0.87750	0.87816			6
2025.12.15	00:59:00.912	0.87751	0.87815			6
2025.12.15	00:59:01.477	0.87750	0.87816			6
2025.12.15	00:59:01.953	0.87751	0.87815			6
2025.12.15	00:59:02.457	0.87754	0.87812			6
2025.12.15	00:59:02.915	0.87752	0.87814			6
2025.12.15	00:59:03.436	0.87753	0.87813			6
2025.12.15	00:59:03.917	0.87750	0.87816			6
2025.12.15	00:59:05.656	0.87749	0.87819			6
2025.12.15	00:59:06.226	0.87750	0.87816			6
2025.12.15	00:59:06.756	0.87751	0.87815			6
2025.12.15	00:59:07.253	0.87750	0.87816			6
2025.12.15	00:59:08.755	0.87752	0.87814			6
2025.12.15	00:59:09.642	0.87751	0.87815			6
2025.12.15	00:59:12.270	0.87756	0.87812			6
2025.12.15	00:59:12.576	0.87755	0.87813			6
2025.12.15	00:59:13.031		0.87812			4
2025.12.15	00:59:13.420	0.87752	0.87816			6
2025.12.15	00:59:13.765		0.87814			4
2025.12.15	00:59:14.266	0.87749	0.87817			6
2025.12.15	00:59:14.759		0.87818			4
2025.12.15	00:59:15.431	0.87750	0.87817			6
2025.12.15	00:59:17.455	0.87752	0.87814			6
2025.12.15	00:59:17.771	0.87751	0.87815			6
2025.12.15	00:59:18.473	0.87749	0.87817			6
2025.12.15	00:59:18.869	0.87752	0.87815			6
2025.12.15	00:59:19.264		0.87817			4
2025.12.15	00:59:19.970	0.87749	0.87818			6
2025.12.15	00:59:20.480	0.87752	0.87815			6
2025.12.15	00:59:20.970	0.87753	0.87814			6
2025.12.15	00:59:22.279	0.87754	0.87813			6
2025.12.15	00:59:22.658	0.87752	0.87814			6
2025.12.15	00:59:23.422	0.87753	0.87813			6
2025.12.15	00:59:23.757	0.87745	0.87821			6
2025.12.15	00:59:24.058	0.87744	0.87822			6
2025.12.15	00:59:24.440	0.87748	0.87820			6
2025.12.15	00:59:25.518	0.87746	0.87822			6
2025.12.15	00:59:26.065	0.87745	0.87823			6
2025.12.15	00:59:26.388	0.87748	0.87821			6
2025.12.15	00:59:26.764	0.87749	0.87818			6
2025.12.15	00:59:27.268	0.87748	0.87820			6
2025.12.15	00:59:27.768	0.87749	0.87819			6
2025.12.15	00:59:28.273	0.87748	0.87821			6
2025.12.15	00:59:28.772		0.87820			4
2025.12.15	00:59:29.135	0.87747	0.87821			6
2025.12.15	00:59:30.410		0.87822			4
2025.12.15	00:59:31.273	0.87748	0.87820			6
2025.12.15	00:59:33.083	0.87750	0.87816			6
2025.12.15	00:59:33.778	0.87748	0.87818			6
2025.12.15	00:59:34.846	0.87753	0.87813			6
2025.12.15	00:59:35.157	0.87751	0.87815			6
2025.12.15	00:59:35.478	0.87749	0.87817			6
2025.12.15	00:59:36.097	0.87748				2
2025.12.15	00:59:36.469	0.87746	0.87820			6
2025.12.15	00:59:36.803	0.87749	0.87816			6
2025.12.15	00:59:37.244	0.87751	0.87815			6
2025.12.15	00:59:38.204	0.87749	0.87817			6
2025.12.15	00:59:38.577	0.87748	0.87818			6
2025.12.15	00:59:39.520	0.87750	0.87816			6
2025.12.15	00:59:40.267	0.87751	0.87814			6
2025.12.15	00:59:40.766	0.87750	0.87816			6
2025.12.15	00:59:42.354	0.87748	0.87817			6
2025.12.15	00:59:43.143	0.87750	0.87816			6
2025.12.15	00:59:44.259	0.87751	0.87815			6
2025.12.15	00:59:44.776	0.87749	0.87817			6
2025.12.15	00:59:46.758	0.87748	0.87818			6
2025.12.15	00:59:47.119	0.87747	0.87819			6
2025.12.15	00:59:48.272	0.87750	0.87815			6
2025.12.15	00:59:48.781		0.87816			4
2025.12.15	00:59:49.282	0.87747	0.87819			6
2025.12.15	00:59:49.661	0.87749	0.87817			6
2025.12.15	00:59:54.777	0.87750	0.87816			6
2025.12.15	00:59:55.228	0.87749	0.87817			6
2025.12.15	00:59:56.776	0.87750	0.87816			6
2025.12.15	00:59:57.769	0.87749	0.87817			6
2025.12.15	01:00:00.309	0.87743	0.87825			6
2025.12.15	01:00:00.619	0.87753	0.87815			6
2025.12.15	01:00:00.944	0.87759	0.87809			6
2025.12.15	01:00:01.247	0.87761	0.87807			6
2025.12.15	01:00:01.573	0.87751	0.87818			6
2025.12.15	01:00:01.883	0.87753	0.87815			6
2025.12.15	01:00:02.218		0.87816			4
2025.12.15	01:00:02.519	0.87763	0.87815			6
2025.12.15	01:00:02.880	0.87766				2
2025.12.15	01:00:03.270	0.87769	0.87813			6
2025.12.15	01:00:03.578	0.87752	0.87828			6
2025.12.15	01:00:03.890	0.87758	0.87821			6
2025.12.15	01:00:04.208	0.87759	0.87820			6
2025.12.15	01:00:04.838	0.87755	0.87823			6
2025.12.15	01:00:05.162		0.87824			4
2025.12.15	01:00:05.788	0.87750	0.87827			6
2025.12.15	01:00:06.091	0.87757	0.87828			6
2025.12.15	01:00:06.416	0.87752				2
2025.12.15	01:00:06.718	0.87753	0.87827			6
2025.12.15	01:00:07.022	0.87759	0.87815			6
2025.12.15	01:00:07.373		0.87814			4
2025.12.15	01:00:08.247	0.87757	0.87815			6
2025.12.15	01:00:08.681	0.87759	0.87812			6
2025.12.15	01:00:10.379	0.87758				2
2025.12.15	01:00:10.699	0.87754				2
2025.12.15	01:00:11.373	0.87755				2
2025.12.15	01:00:11.856	0.87754				2
2025.12.15	01:00:12.417	0.87758				2
2025.12.15	01:00:14.907	0.87756				2
2025.12.15	01:00:15.245	0.87757				2
2025.12.15	01:00:16.077	0.87762	0.87810			6
2025.12.15	01:00:16.529	0.87763				2
2025.12.15	01:00:16.930	0.87762				2
2025.12.15	01:00:18.021	0.87758				2
2025.12.15	01:00:18.936	0.87746				2
2025.12.15	01:00:20.773	0.87756				2
2025.12.15	01:00:21.286	0.87755				2
2025.12.15	01:00:21.653	0.87757				2
2025.12.15	01:00:21.975	0.87746				2
2025.12.15	01:00:22.878	0.87757	0.87812			6
2025.12.15	01:00:23.319		0.87810			4
2025.12.15	01:00:23.719	0.87754	0.87815			6
2025.12.15	01:00:24.380	0.87756				2
2025.12.15	01:00:26.434	0.87761				2
2025.12.15	01:00:26.946	0.87758				2
2025.12.15	01:00:27.319	0.87747				2
2025.12.15	01:00:30.018	0.87751	0.87802			6
2025.12.15	01:00:30.763		0.87809			4
2025.12.15	01:00:31.114	0.87764	0.87802			6
2025.12.15	01:00:32.718	0.87763	0.87809			6
2025.12.15	01:00:33.820	0.87764				2
2025.12.15	01:00:34.273	0.87765				2
2025.12.15	01:00:34.611		0.87811			4
2025.12.15	01:00:34.952		0.87809			4
2025.12.15	01:00:35.470	0.87762				2
2025.12.15	01:00:36.579		0.87804			4
2025.12.15	01:00:39.570	0.87763				2
2025.12.15	01:00:40.570	0.87762	0.87810			6
2025.12.15	01:00:40.988	0.87749				2
2025.12.15	01:00:41.291	0.87759				2
2025.12.15	01:00:41.947	0.87762				2
2025.12.15	01:00:42.537	0.87763				2
2025.12.15	01:00:42.840	0.87765				2
2025.12.15	01:00:44.513	0.87763				2
2025.12.15	01:00:44.819	0.87760				2
2025.12.15	01:00:45.268	0.87769				2
2025.12.15	01:00:45.583	0.87768				2
2025.12.15	01:00:46.065	0.87757				2
2025.12.15	01:00:46.368	0.87759				2
2025.12.15	01:00:48.128	0.87761				2
2025.12.15	01:00:50.020	0.87766				2
2025.12.15	01:00:50.653	0.87782	0.87801			6
2025.12.15	01:00:55.396		0.87803			4
2025.12.15	01:00:57.581	0.87784	0.87805			6
2025.12.15	01:00:58.540	0.87781	0.87808			6
2025.12.15	01:00:59.251	0.87782				2
2025.12.15	01:01:00.212	0.87792				2
2025.12.15	01:01:00.523		0.87805			4
2025.12.15	01:01:01.349		0.87807			4
2025.12.15	01:01:02.442	0.87793				2
2025.12.15	01:01:03.402	0.87798				2
2025.12.15	01:01:06.829		0.87808			4
2025.12.15	01:01:09.708	0.87800				2
2025.12.15	01:01:10.387	0.87801				2
2025.12.15	01:01:10.700		0.87805			4
2025.12.15	01:01:12.506	0.87796	0.87803			6
2025.12.15	01:01:15.147	0.87797	0.87805			6
2025.12.15	01:01:16.253		0.87819			4
2025.12.15	01:01:18.286		0.87817			4
2025.12.15	01:01:18.942	0.87793				2
2025.12.15	01:01:19.392		0.87819			4
2025.12.15	01:01:20.052		0.87817			4
2025.12.15	01:01:20.374		0.87818			4
2025.12.15	01:01:21.059		0.87817			4
2025.12.15	01:01:21.375		0.87818			4
2025.12.15	01:01:23.005	0.87799	0.87822			6
2025.12.15	01:01:23.335	0.87797	0.87821			6
2025.12.15	01:01:23.676	0.87796				2
2025.12.15	01:01:24.037		0.87819			4
2025.12.15	01:01:24.338	0.87797	0.87820			6
2025.12.15	01:01:25.346	0.87798	0.87821			6
2025.12.15	01:01:26.632	0.87800	0.87822			6
2025.12.15	01:01:27.568	0.87798	0.87821			6
2025.12.15	01:01:40.986	0.87799				2
2025.12.15	01:01:42.688	0.87797	0.87819			6
2025.12.15	01:01:43.233		0.87816			4
2025.12.15	01:01:43.551		0.87815			4
2025.12.15	01:01:43.985		0.87814			4
2025.12.15	01:01:44.769	0.87798	0.87817			6
2025.12.15	01:01:46.455	0.87799	0.87818			6
2025.12.15	01:01:47.454	0.87797	0.87816			6
2025.12.15	01:01:47.804	0.87796				2
2025.12.15	01:01:48.894		0.87815			4
2025.12.15	01:01:51.279		0.87817			4
2025.12.15	01:01:51.596		0.87816			4
2025.12.15	01:01:53.651	0.87797				2
2025.12.15	01:01:58.995	0.87799				2
2025.12.15	01:02:00.741	0.87799				2
2025.12.15	01:02:01.933	0.87801				2
2025.12.15	01:02:04.722		0.87817			4
2025.12.15	01:02:05.378		0.87816			4
2025.12.15	01:02:09.519	0.87799	0.87817			6
2025.12.15	01:02:11.648	0.87798	0.87815			6
2025.12.15	01:02:20.195	0.87801	0.87817			6
2025.12.15	01:02:21.301	0.87798	0.87816			6
2025.12.15	01:02:21.965	0.87799				2
2025.12.15	01:02:23.678		0.87817			4
2025.12.15	01:02:30.361		0.87816			4
2025.12.15	01:02:38.345	0.87800				2
2025.12.15	01:02:40.922	0.87801	0.87817			6
2025.12.15	01:02:45.670		0.87814			4
2025.12.15	01:02:47.804	0.87805				2
2025.12.15	01:02:48.912		0.87812			4
2025.12.15	01:02:54.578	0.87802				2
2025.12.15	01:02:55.446	0.87803				2
2025.12.15	01:02:55.778	0.87802				2
2025.12.15	01:02:56.623		0.87813			4
2025.12.15	01:02:57.616	0.87797	0.87798			6
2025.12.15	01:03:00.563	0.87797				2
2025.12.15	01:03:02.453	0.87798	0.87799			6
2025.12.15	01:03:02.842	0.87797	0.87798			6
2025.12.15	01:03:03.591	0.87798	0.87799			6
2025.12.15	01:03:05.221	0.87797	0.87798			6
2025.12.15	01:03:09.057	0.87796	0.87797			6
2025.12.15	01:03:09.372	0.87797	0.87798			6
2025.12.15	01:03:09.759	0.87796	0.87797			6
2025.12.15	01:03:11.690	0.87799	0.87800			6
2025.12.15	01:03:13.286	0.87800	0.87801			6
2025.12.15	01:03:15.306	0.87801	0.87802			6
2025.12.15	01:03:21.877	0.87802	0.87803			6
2025.12.15	01:03:26.690	0.87803	0.87804			6
2025.12.15	01:03:26.999	0.87804	0.87805			6
2025.12.15	01:03:35.378	0.87802	0.87803			6
2025.12.15	01:03:35.680	0.87803	0.87804			6
2025.12.15	01:03:35.999	0.87802	0.87803			6
2025.12.15	01:03:48.845	0.87801	0.87802			6
2025.12.15	01:03:50.396	0.87800	0.87801			6
2025.12.15	01:03:50.752	0.87799	0.87800			6
2025.12.15	01:03:53.977	0.87800	0.87801			6
2025.12.15	01:03:57.387	0.87802	0.87803			6
2025.12.15	01:03:57.693	0.87801	0.87802			6
2025.12.15	01:04:00.675	0.87800	0.87801			6
2025.12.15	01:04:00.982	0.87799	0.87800			6
2025.12.15	01:04:01.441	0.87797	0.87798			6
2025.12.15	01:04:02.675	0.87798	0.87799			6
2025.12.15	01:04:03.466		0.87800			4
2025.12.15	01:04:03.882		0.87799			4
2025.12.15	01:04:04.372	0.87799	0.87800			6
2025.12.15	01:04:04.720	0.87800	0.87801			6
2025.12.15	01:04:10.761	0.87799	0.87800			6
2025.12.15	01:04:11.378	0.87803	0.87804			6
2025.12.15	01:04:14.428	0.87809	0.87810			6
2025.12.15	01:04:17.840	0.87803	0.87804			6
2025.12.15	01:04:19.044	0.87804	0.87805			6
2025.12.15	01:04:19.506	0.87803	0.87804			6
2025.12.15	01:04:23.662	0.87804	0.87805			6
2025.12.15	01:04:25.675	0.87807	0.87808			6
2025.12.15	01:04:25.981	0.87805	0.87806			6
2025.12.15	01:04:28.369	0.87806	0.87807			6
2025.12.15	01:04:28.710	0.87805	0.87806			6
2025.12.15	01:04:29.187	0.87804	0.87805			6
2025.12.15	01:04:30.799	0.87803	0.87804			6
2025.12.15	01:04:32.839	0.87800	0.87801			6
2025.12.15	01:04:33.194	0.87799	0.87800			6
2025.12.15	01:04:36.733	0.87803	0.87804			6
2025.12.15	01:04:38.351	0.87807	0.87808			6
2025.12.15	01:04:38.983	0.87808	0.87809			6
2025.12.15	01:04:40.536	0.87807	0.87808			6
2025.12.15	01:04:41.478	0.87808	0.87809			6
2025.12.15	01:04:41.780	0.87804	0.87805			6
2025.12.15	01:04:48.224	0.87803	0.87804			6
2025.12.15	01:04:48.552	0.87802	0.87803			6
2025.12.15	01:04:57.386	0.87800	0.87801			6
2025.12.15	01:05:00.115	0.87802	0.87803			6
2025.12.15	01:05:00.471	0.87803	0.87804			6
2025.12.15	01:05:01.369	0.87802	0.87803			6
2025.12.15	01:05:03.501		0.87804			4
2025.12.15	01:05:04.313		0.87803			4
2025.12.15	01:05:05.378	0.87800				2
2025.12.15	01:05:09.994		0.87802			4
2025.12.15	01:05:13.709		0.87803			4
2025.12.15	01:05:14.028		0.87802			4
2025.12.15	01:05:19.815		0.87803			4
2025.12.15	01:05:20.381		0.87802			4
2025.12.15	01:05:32.576		0.87804			4
2025.12.15	01:05:32.932		0.87803			4
2025.12.15	01:05:33.878	0.87801				2
2025.12.15	01:05:35.016	0.87802				2
2025.12.15	01:05:36.126	0.87803	0.87804			6
2025.12.15	01:05:37.177	0.87802	0.87803			6
2025.12.15	01:05:37.996	0.87803	0.87804			6
2025.12.15	01:05:39.775		0.87805			4
2025.12.15	01:05:40.308		0.87804			4
2025.12.15	01:05:42.193	0.87801	0.87803			6
2025.12.15	01:05:42.682		0.87802			4
2025.12.15	01:05:43.440	0.87802	0.87803			6
2025.12.15	01:05:44.689	0.87801	0.87802			6
2025.12.15	01:05:46.963	0.87802	0.87803			6
2025.12.15	01:05:51.555	0.87801	0.87802			6
2025.12.15	01:05:56.021	0.87802	0.87803			6
2025.12.15	01:05:58.177	0.87801	0.87802			6
2025.12.15	01:06:01.425	0.87801				2
2025.12.15	01:06:02.077	0.87802	0.87803			6
2025.12.15	01:06:03.624	0.87804	0.87805			6
2025.12.15	01:06:11.022	0.87805	0.87806			6
2025.12.15	01:06:12.432	0.87804	0.87805			6
2025.12.15	01:06:15.647	0.87805	0.87806			6
2025.12.15	01:06:20.978	0.87804	0.87805			6
2025.12.15	01:06:24.814	0.87805	0.87806			6
2025.12.15	01:06:25.994	0.87806	0.87807			6
2025.12.15	01:06:58.886	0.87802	0.87803			6
2025.12.15	01:06:59.200	0.87799	0.87800			6
2025.12.15	01:07:00.110	0.87799				2
2025.12.15	01:07:05.309	0.87800	0.87801			6
2025.12.15	01:07:07.125	0.87799	0.87800			6
2025.12.15	01:07:08.625	0.87801	0.87802			6
2025.12.15	01:07:09.267		0.87804			4
2025.12.15	01:07:09.952	0.87802				2
2025.12.15	01:07:10.826	0.87801				2
2025.12.15	01:07:11.889	0.87802				2
2025.12.15	01:07:12.199	0.87803	0.87809			6
2025.12.15	01:07:14.041	0.87802	0.87810			6
2025.12.15	01:07:15.577	0.87803				2
2025.12.15	01:07:22.912	0.87804	0.87811			6
2025.12.15	01:07:23.945		0.87809			4
2025.12.15	01:07:24.286	0.87800	0.87810			6
2025.12.15	01:07:24.592	0.87798				2
2025.12.15	01:07:24.987		0.87808			4
2025.12.15	01:07:28.633		0.87809			4
2025.12.15	01:07:38.970		0.87810			4
2025.12.15	01:07:45.878	0.87799				2
2025.12.15	01:07:56.465	0.87810	0.87813			6
2025.12.15	01:07:56.829		0.87812			4
2025.12.15	01:07:57.692		0.87813			4
2025.12.15	01:07:58.788		0.87812			4
2025.12.15	01:08:00.558	0.87810	0.87813			6
2025.12.15	01:08:25.762	0.87808				2
2025.12.15	01:08:36.506	0.87807				2
2025.12.15	01:08:37.652	0.87808				2
2025.12.15	01:08:38.391	0.87809				2
2025.12.15	01:09:02.529	0.87808	0.87813			6
2025.12.15	01:09:04.881		0.87818			4
2025.12.15	01:09:11.354		0.87817			4
2025.12.15	01:09:30.885	0.87811	0.87822			6
2025.12.15	01:09:31.206	0.87812				2
2025.12.15	01:09:32.678		0.87821			4
2025.12.15	01:09:36.707	0.87816	0.87825			6
2025.12.15	01:09:37.975	0.87814	0.87824			6
2025.12.15	01:09:39.213	0.87813				2
2025.12.15	01:09:42.822		0.87823			4
2025.12.15	01:10:00.241	0.87813				2
2025.12.15	01:10:05.928		0.87822			4
2025.12.15	01:10:14.378	0.87814				2
2025.12.15	01:10:18.277	0.87815				2
2025.12.15	01:10:26.371	0.87814				2
2025.12.15	01:10:27.084	0.87813				2
2025.12.15	01:10:39.122	0.87818	0.87819			6
2025.12.15	01:10:40.055	0.87813	0.87822			6
2025.12.15	01:10:58.834	0.87812				2
2025.12.15	01:11:00.537	0.87812				2
2025.12.15	01:11:03.531		0.87821			4
2025.12.15	01:11:05.077	0.87813				2
2025.12.15	01:11:07.030	0.87812	0.87822			6
2025.12.15	01:11:15.797	0.87808	0.87821			6
2025.12.15	01:11:16.268	0.87810				2
2025.12.15	01:11:17.513	0.87809				2
2025.12.15	01:11:20.511	0.87811				2
2025.12.15	01:11:21.102	0.87809				2
2025.12.15	01:11:22.175		0.87818			4
2025.12.15	01:11:22.590	0.87810				2
2025.12.15	01:11:25.003	0.87811				2
2025.12.15	01:11:25.575	0.87810				2
2025.12.15	01:11:30.219	0.87811	0.87819			6
2025.12.15	01:11:33.532		0.87820			4
2025.12.15	01:11:36.612	0.87810	0.87819			6
2025.12.15	01:11:44.715	0.87809	0.87817			6
2025.12.15	01:11:49.780	0.87806	0.87814			6
2025.12.15	01:11:57.810	0.87812	0.87818			6
2025.12.15	01:11:58.832		0.87823			4
2025.12.15	01:12:01.177	0.87812				2
2025.12.15	01:12:01.975	0.87810	0.87819			6
2025.12.15	01:12:07.288	0.87811				2
2025.12.15	01:12:09.840	0.87810				2
2025.12.15	01:12:12.136	0.87811				2
2025.12.15	01:12:14.321	0.87810				2
2025.12.15	01:12:20.077	0.87808	0.87818			6
2025.12.15	01:12:21.184	0.87809				2
2025.12.15	01:12:23.226	0.87811	0.87819			6
2025.12.15	01:12:23.706	0.87810	0.87820			6
2025.12.15	01:12:24.039	0.87809	0.87817			6
2025.12.15	01:12:25.777	0.87810				2
2025.12.15	01:12:29.553	0.87811				2
2025.12.15	01:12:30.568	0.87812	0.87819			6
2025.12.15	01:12:33.579	0.87813				2
2025.12.15	01:12:34.625	0.87812				2
2025.12.15	01:12:37.149	0.87811				2
2025.12.15	01:12:46.178	0.87812				2
2025.12.15	01:12:51.578		0.87818			4
2025.12.15	01:12:53.671	0.87811	0.87819			6
2025.12.15	01:12:59.077	0.87810				2
2025.12.15	01:13:02.077	0.87810				2
2025.12.15	01:13:04.478	0.87811				2
2025.12.15	01:13:07.176	0.87812				2
2025.12.15	01:13:12.278	0.87813				2
2025.12.15	01:13:13.580	0.87811				2
2025.12.15	01:13:31.002	0.87813	0.87822			6
2025.12.15	01:13:31.893	0.87815	0.87823			6
2025.12.15	01:13:32.216	0.87814				2
2025.12.15	01:13:36.365	0.87813	0.87820			6
2025.12.15	01:13:37.477	0.87812	0.87819			6
2025.12.15	01:13:42.606		0.87820			4
2025.12.15	01:13:44.381	0.87811	0.87819			6
2025.12.15	01:13:50.178		0.87820			4
2025.12.15	01:13:51.705	0.87812	0.87819			6
2025.12.15	01:13:54.577	0.87811				2
2025.12.15	01:13:56.661	0.87810				2
2025.12.15	01:13:58.177	0.87811				2
2025.12.15	01:14:00.671	0.87811				2
2025.12.15	01:14:01.478	0.87810				2
2025.12.15	01:14:06.986	0.87811				2
2025.12.15	01:14:19.177	0.87810				2
2025.12.15	01:14:24.311	0.87812				2
2025.12.15	01:14:28.169	0.87810				2
2025.12.15	01:14:33.902	0.87812				2
2025.12.15	01:14:38.076	0.87811				2
2025.12.15	01:14:46.777	0.87810				2
2025.12.15	01:14:48.286	0.87811				2
2025.12.15	01:14:51.844	0.87812	0.87819			6
2025.12.15	01:14:54.278	0.87811	0.87820			6
2025.12.15	01:14:54.996	0.87812				2
2025.12.15	01:14:59.756	0.87811				2
2025.12.15	01:15:00.385	0.87812	0.87819			6
2025.12.15	01:15:02.050		0.87820			4
2025.12.15	01:15:02.597	0.87813	0.87818			6
2025.12.15	01:15:03.813	0.87812				2
2025.12.15	01:15:14.228		0.87819			4
2025.12.15	01:15:14.831	0.87811	0.87818			6
2025.12.15	01:15:16.139	0.87809	0.87817			6
2025.12.15	01:15:16.446	0.87810				2
2025.12.15	01:15:18.696	0.87813	0.87819			6
2025.12.15	01:15:19.726		0.87820			4
2025.12.15	01:15:20.042		0.87819			4
2025.12.15	01:15:21.197	0.87814	0.87820			6
2025.12.15	01:15:26.775	0.87810	0.87818			6
2025.12.15	01:15:29.678	0.87809				2
2025.12.15	01:15:34.477	0.87810				2
2025.12.15	01:15:38.803	0.87811				2
2025.12.15	01:15:39.540	0.87814	0.87815			6
2025.12.15	01:15:40.176	0.87815	0.87816			6
2025.12.15	01:15:40.501	0.87813	0.87819			6
2025.12.15	01:15:46.176		0.87818			4
2025.12.15	01:15:50.076		0.87819			4
2025.12.15	01:15:59.947	0.87812	0.87818			6
2025.12.15	01:16:00.490	0.87812				2
2025.12.15	01:16:11.602	0.87810	0.87816			6
2025.12.15	01:16:12.365	0.87809				2
2025.12.15	01:16:13.777	0.87810				2
2025.12.15	01:16:15.443		0.87815			4
2025.12.15	01:16:20.734	0.87809	0.87816			6
2025.12.15	01:16:21.047	0.87811				2
2025.12.15	01:16:25.236	0.87810	0.87815			6
2025.12.15	01:16:32.139	0.87812	0.87816			6
2025.12.15	01:16:32.474		0.87817			4
2025.12.15	01:16:34.110		0.87816			4
2025.12.15	01:16:35.378	0.87811				2
2025.12.15	01:16:36.067		0.87817			4
2025.12.15	01:16:36.898	0.87813	0.87819			6
2025.12.15	01:16:39.570		0.87818			4
2025.12.15	01:16:48.821	0.87812	0.87817			6
2025.12.15	01:16:52.549	0.87810	0.87815			6
2025.12.15	01:16:53.641	0.87811	0.87816			6
2025.12.15	01:16:59.179	0.87810	0.87814			6
2025.12.15	01:17:01.267	0.87809	0.87815			6
2025.12.15	01:17:02.596	0.87811				2
2025.12.15	01:17:03.991	0.87809	0.87816			6
2025.12.15	01:17:04.880		0.87815			4
2025.12.15	01:17:05.211	0.87807	0.87813			6
2025.12.15	01:17:09.009	0.87806	0.87812			6
2025.12.15	01:17:10.781	0.87807				2
2025.12.15	01:17:14.886		0.87813			4
2025.12.15	01:17:17.377	0.87808				2
2025.12.15	01:17:18.256		0.87815			4
2025.12.15	01:17:19.476		0.87814			4
2025.12.15	01:17:25.889	0.87806	0.87813			6
2025.12.15	01:17:28.479		0.87812			4
2025.12.15	01:17:31.780	0.87805	0.87813			6
2025.12.15	01:17:37.020	0.87809	0.87814			6
2025.12.15	01:17:37.327		0.87815			4
2025.12.15	01:17:54.293		0.87814			4
2025.12.15	01:17:57.950		0.87815			4
2025.12.15	01:17:58.613		0.87814			4
2025.12.15	01:18:00.000	0.87809	0.87815			6
2025.12.15	01:18:00.877		0.87814			4
2025.12.15	01:18:06.576		0.87815			4
2025.12.15	01:18:11.432	0.87808				2
2025.12.15	01:18:11.886	0.87805	0.87813			6
2025.12.15	01:18:14.874	0.87804				2
2025.12.15	01:18:15.379	0.87807	0.87814			6
2025.12.15	01:18:15.685		0.87811			4
2025.12.15	01:18:18.754	0.87806				2
2025.12.15	01:18:22.341		0.87812			4
2025.12.15	01:18:23.977	0.87807				2
2025.12.15	01:18:27.472	0.87806	0.87813			6
2025.12.15	01:18:27.788	0.87808	0.87814			6
2025.12.15	01:18:30.532	0.87807	0.87813			6
2025.12.15	01:18:30.857	0.87806				2
2025.12.15	01:18:33.035	0.87807				2
2025.12.15	01:18:36.880	0.87806				2
2025.12.15	01:18:51.100	0.87807	0.87811			6
2025.12.15	01:18:52.094	0.87806				2
2025.12.15	01:18:53.944		0.87812			4
2025.12.15	01:19:01.778	0.87806				2
2025.12.15	01:19:27.814	0.87807	0.87813			6
2025.12.15	01:19:29.377		0.87812			4
2025.12.15	01:19:36.922		0.87813			4
2025.12.15	01:19:38.977		0.87812			4
2025.12.15	01:19:57.279		0.87813			4
2025.12.15	01:20:00.433	0.87807				2
2025.12.15	01:20:03.578	0.87806				2
2025.12.15	01:20:06.277		0.87812			4
2025.12.15	01:20:09.878	0.87807	0.87813			6
2025.12.15	01:20:16.477	0.87806				2
2025.12.15	01:20:21.981	0.87807				2
2025.12.15	01:20:22.858	0.87806	0.87811			6
2025.12.15	01:20:23.478		0.87812			4
2025.12.15	01:20:25.841	0.87807				2
2025.12.15	01:20:34.670		0.87814			4
2025.12.15	01:20:39.430	0.87809	0.87815			6
2025.12.15	01:20:44.847	0.87810				2
2025.12.15	01:20:48.578		0.87816			4
2025.12.15	01:20:51.577		0.87815			4
2025.12.15	01:20:57.578		0.87816			4
2025.12.15	01:21:00.490	0.87810				2
2025.12.15	01:21:04.777		0.87815			4
2025.12.15	01:21:24.276		0.87816			4
2025.12.15	01:21:27.577		0.87815			4
2025.12.15	01:21:36.112	0.87811	0.87817			6
2025.12.15	01:21:38.752	0.87810	0.87815			6
2025.12.15	01:21:56.522	0.87809				2
2025.12.15	01:21:59.378	0.87810				2
2025.12.15	01:22:02.677	0.87809				2
2025.12.15	01:22:35.978	0.87812	0.87817			6
2025.12.15	01:22:37.474	0.87810	0.87815			6
2025.12.15	01:22:43.634	0.87806	0.87812			6
2025.12.15	01:22:44.567	0.87803	0.87811			6
2025.12.15	01:22:46.686	0.87804				2
2025.12.15	01:22:48.551		0.87810			4
2025.12.15	01:22:54.578	0.87805				2
2025.12.15	01:23:01.099	0.87805				2
2025.12.15	01:23:05.455	0.87806	0.87811			6
2025.12.15	01:23:06.953		0.87813			4
2025.12.15	01:23:09.877	0.87805				2
2025.12.15	01:23:11.696	0.87806				2
2025.12.15	01:23:12.383	0.87807				2
2025.12.15	01:23:12.723	0.87805				2
2025.12.15	01:23:14.078	0.87806				2
2025.12.15	01:23:14.425	0.87805				2
2025.12.15	01:23:19.978	0.87804				2
2025.12.15	01:23:26.248	0.87805				2
2025.12.15	01:23:38.581	0.87806	0.87811			6
2025.12.15	01:23:43.469	0.87807				2
2025.12.15	01:23:58.125	0.87806				2
2025.12.15	01:24:00.406	0.87806				2
2025.12.15	01:24:00.877	0.87807	0.87812			6
2025.12.15	01:24:01.720		0.87813			4
2025.12.15	01:24:02.877	0.87809	0.87814			6
2025.12.15	01:24:35.494	0.87810				2
2025.12.15	01:24:35.908	0.87808				2
2025.12.15	01:24:38.105	0.87809				2
2025.12.15	01:24:38.933	0.87808				2
2025.12.15	01:24:46.477		0.87813			4
2025.12.15	01:24:54.144	0.87807				2
2025.12.15	01:25:00.375	0.87808	0.87812			6
2025.12.15	01:25:02.745		0.87813			4
2025.12.15	01:25:03.845	0.87807	0.87811			6
2025.12.15	01:25:08.078		0.87812			4
2025.12.15	01:25:22.079	0.87806				2
2025.12.15	01:25:23.122	0.87805	0.87813			6
2025.12.15	01:25:25.027		0.87812			4
2025.12.15	01:25:29.078	0.87806				2
2025.12.15	01:25:33.577	0.87805				2
2025.12.15	01:25:36.081	0.87806				2
2025.12.15	01:25:37.638	0.87808	0.87813			6
2025.12.15	01:25:37.959	0.87809	0.87814			6
2025.12.15	01:26:00.534	0.87809				2
2025.12.15	01:26:03.657	0.87807	0.87813			6
2025.12.15	01:26:04.249	0.87806				2
2025.12.15	01:26:08.811	0.87807				2
2025.12.15	01:26:09.422	0.87806				2
2025.12.15	01:26:11.473	0.87805				2
2025.12.15	01:26:13.260	0.87806				2
2025.12.15	01:26:14.147	0.87807	0.87814			6
2025.12.15	01:26:14.720	0.87806				2
2025.12.15	01:26:16.543		0.87813			4
2025.12.15	01:26:24.380	0.87809	0.87810			6
2025.12.15	01:26:25.325	0.87806	0.87813			6
2025.12.15	01:26:26.942	0.87809	0.87815			6
2025.12.15	01:26:34.736	0.87810				2
2025.12.15	01:26:38.671	0.87809	0.87814			6
2025.12.15	01:26:42.850		0.87815			4
2025.12.15	01:26:44.972	0.87807	0.87814			6
2025.12.15	01:26:45.279	0.87806				2
2025.12.15	01:26:47.253	0.87808				2
2025.12.15	01:26:52.566		0.87812			4
2025.12.15	01:26:52.973	0.87807				2
2025.12.15	01:26:55.504	0.87806				2
2025.12.15	01:26:55.965	0.87805				2
2025.12.15	01:27:00.422	0.87807				2
2025.12.15	01:27:33.961	0.87805	0.87810			6
2025.12.15	01:27:47.855	0.87804	0.87809			6
2025.12.15	01:28:00.535	0.87804				2
2025.12.15	01:28:09.580	0.87802	0.87807			6
2025.12.15	01:28:10.261	0.87801	0.87806			6
2025.12.15	01:28:12.482	0.87800				2
2025.12.15	01:28:26.376	0.87801				2
2025.12.15	01:28:31.694	0.87800				2
2025.12.15	01:28:35.823	0.87802	0.87809			6
2025.12.15	01:28:38.266		0.87807			4
2025.12.15	01:28:41.976		0.87808			4
2025.12.15	01:28:51.277	0.87803	0.87807			6
2025.12.15	01:28:53.345	0.87804	0.87809			6
2025.12.15	01:29:00.607	0.87803				2
2025.12.15	01:29:01.709	0.87802	0.87808			6
2025.12.15	01:29:05.467	0.87803				2
2025.12.15	01:29:07.689	0.87802				2
2025.12.15	01:29:08.081		0.87807			4
2025.12.15	01:29:10.326	0.87801	0.87806			6
2025.12.15	01:29:14.377		0.87807			4
2025.12.15	01:29:14.684	0.87802	0.87808			6
2025.12.15	01:29:19.788	0.87803				2
2025.12.15	01:29:20.695		0.87809			4
2025.12.15	01:29:22.246		0.87808			4
2025.12.15	01:29:26.676	0.87802	0.87807			6
2025.12.15	01:29:31.125	0.87801	0.87806			6
2025.12.15	01:29:31.445		0.87807			4
2025.12.15	01:29:31.762		0.87806			4
2025.12.15	01:29:33.276	0.87800				2
2025.12.15	01:29:37.362	0.87801				2
2025.12.15	01:29:39.329		0.87807			4
2025.12.15	01:29:39.677		0.87806			4
2025.12.15	01:29:40.516	0.87802	0.87807			6
2025.12.15	01:30:00.385	0.87801	0.87808			6
2025.12.15	01:30:00.823	0.87802				2
2025.12.15	01:30:03.265	0.87805	0.87806			6
2025.12.15	01:30:06.708	0.87802	0.87808			6
2025.12.15	01:30:07.194	0.87803				2
2025.12.15	01:30:08.141	0.87802	0.87807			6
2025.12.15	01:30:08.531	0.87803				2
2025.12.15	01:30:12.482	0.87799	0.87806			6
2025.12.15	01:30:14.163		0.87805			4
2025.12.15	01:30:18.962	0.87798				2
2025.12.15	01:30:19.477		0.87804			4
2025.12.15	01:30:20.512	0.87800				2
2025.12.15	01:30:20.818		0.87805			4
2025.12.15	01:30:23.356	0.87799	0.87804			6
2025.12.15	01:30:24.958	0.87798				2
2025.12.15	01:30:30.068	0.87799				2
2025.12.15	01:30:33.671		0.87805			4
2025.12.15	01:30:33.977	0.87800				2
2025.12.15	01:30:35.669	0.87799				2
2025.12.15	01:30:37.000	0.87797	0.87804			6
2025.12.15	01:30:37.680	0.87798				2
2025.12.15	01:30:42.543	0.87797				2
2025.12.15	01:30:42.890	0.87798				2
2025.12.15	01:30:44.846	0.87799				2
2025.12.15	01:30:52.435	0.87796	0.87803			6
2025.12.15	01:30:53.484	0.87801	0.87805			6
2025.12.15	01:30:54.618		0.87806			4
2025.12.15	01:30:59.859	0.87800				2
2025.12.15	01:31:00.658	0.87797	0.87802			6
2025.12.15	01:31:02.321		0.87801			4
2025.12.15	01:31:13.103		0.87802			4
2025.12.15	01:31:18.565		0.87803			4
2025.12.15	01:31:29.961	0.87799	0.87804			6
2025.12.15	01:31:30.262		0.87805			4
2025.12.15	01:31:30.570	0.87800				2
2025.12.15	01:31:34.220	0.87799	0.87804			6
2025.12.15	01:31:40.644	0.87796	0.87803			6
2025.12.15	01:31:41.708	0.87798				2
2025.12.15	01:31:44.415	0.87797				2
2025.12.15	01:31:55.144	0.87798				2
2025.12.15	01:32:00.468	0.87799				2
2025.12.15	01:32:00.799		0.87804			4
2025.12.15	01:32:08.377		0.87803			4
2025.12.15	01:32:11.619		0.87804			4
2025.12.15	01:32:17.152	0.87797	0.87802			6
2025.12.15	01:32:19.499	0.87796	0.87801			6
2025.12.15	01:32:20.650	0.87795				2
2025.12.15	01:32:29.632	0.87801	0.87806			6
2025.12.15	01:32:30.138	0.87798	0.87803			6
2025.12.15	01:33:00.129	0.87798				2
2025.12.15	01:33:11.470	0.87799	0.87805			6
2025.12.15	01:33:11.925	0.87800				2
2025.12.15	01:33:14.678	0.87799	0.87804			6
2025.12.15	01:33:26.678		0.87805			4
2025.12.15	01:33:30.453	0.87797	0.87802			6
2025.12.15	01:33:30.851	0.87796				2
2025.12.15	01:33:33.872	0.87795				2
2025.12.15	01:33:38.377	0.87796				2
2025.12.15	01:33:46.340	0.87795				2
2025.12.15	01:33:47.465	0.87796				2
2025.12.15	01:33:56.563	0.87797				2
2025.12.15	01:34:00.013	0.87795				2
2025.12.15	01:34:03.924	0.87796				2
2025.12.15	01:34:04.676	0.87795	0.87800			6
2025.12.15	01:34:06.991	0.87796	0.87801			6
2025.12.15	01:34:17.394	0.87795	0.87800			6
2025.12.15	01:34:20.629	0.87796				2
2025.12.15	01:34:20.936		0.87801			4
2025.12.15	01:34:34.507		0.87800			4
2025.12.15	01:34:39.725		0.87801			4
2025.12.15	01:34:40.657	0.87795				2
2025.12.15	01:34:46.777	0.87796				2
2025.12.15	01:34:57.724	0.87797				2
2025.12.15	01:35:00.081	0.87797	0.87802			6
2025.12.15	01:35:00.632	0.87796	0.87800			6
2025.12.15	01:35:01.027	0.87797	0.87801			6
2025.12.15	01:35:08.609		0.87800			4
2025.12.15	01:35:09.060		0.87801			4
2025.12.15	01:35:10.441		0.87800			4
2025.12.15	01:35:13.790		0.87801			4
2025.12.15	01:35:16.200		0.87800			4
2025.12.15	01:35:20.440	0.87796				2
2025.12.15	01:35:24.943		0.87799			4
2025.12.15	01:35:31.808	0.87794	0.87801			6
2025.12.15	01:35:34.767	0.87795	0.87802			6
2025.12.15	01:35:53.676		0.87801			4
2025.12.15	01:36:00.647	0.87794				2
2025.12.15	01:36:08.555	0.87797	0.87802			6
2025.12.15	01:36:09.453	0.87798				2
2025.12.15	01:36:20.648	0.87796				2
2025.12.15	01:36:23.661	0.87797				2
2025.12.15	01:36:28.102	0.87798				2
2025.12.15	01:36:29.977	0.87799				2
2025.12.15	01:36:59.396	0.87798				2
2025.12.15	01:37:00.840	0.87798	0.87803			6
2025.12.15	01:37:42.604		0.87802			4
2025.12.15	01:37:47.924		0.87803			4
2025.12.15	01:37:49.309	0.87799	0.87804			6
2025.12.15	01:38:04.552	0.87799	0.87803			6
2025.12.15	01:38:20.666	0.87796	0.87802			6
2025.12.15	01:38:29.215		0.87801			4
2025.12.15	01:38:36.578		0.87802			4
2025.12.15	01:38:44.147		0.87801			4
2025.12.15	01:38:47.678		0.87802			4
2025.12.15	01:38:56.377	0.87795	0.87801			6
2025.12.15	01:39:00.534	0.87795				2
2025.12.15	01:39:19.833	0.87798	0.87803			6
2025.12.15	01:39:22.177	0.87796	0.87802			6
2025.12.15	01:39:28.453	0.87797				2
2025.12.15	01:39:30.355	0.87798				2
2025.12.15	01:39:55.771	0.87797	0.87801			6
2025.12.15	01:39:57.274	0.87796				2
2025.12.15	01:40:01.047	0.87796				2
2025.12.15	01:40:24.445		0.87800			4
2025.12.15	01:40:24.973	0.87795				2
2025.12.15	01:40:29.677	0.87796				2
2025.12.15	01:40:43.214	0.87795				2
2025.12.15	01:40:44.978	0.87796				2
2025.12.15	01:40:46.991	0.87795				2
2025.12.15	01:40:51.571	0.87796	0.87802			6
2025.12.15	01:40:54.025	0.87795	0.87800			6
2025.12.15	01:41:00.529	0.87795				2
2025.12.15	01:41:04.892		0.87802			4
2025.12.15	01:41:11.111		0.87800			4
2025.12.15	01:41:30.854	0.87796	0.87801			6
2025.12.15	01:41:42.996	0.87795	0.87802			6
2025.12.15	01:42:08.650	0.87795				2
2025.12.15	01:42:20.406		0.87801			4
2025.12.15	01:42:21.388	0.87797	0.87800			6
2025.12.15	01:42:38.003	0.87796				2
2025.12.15	01:42:40.607		0.87802			4
2025.12.15	01:42:47.377	0.87797				2
2025.12.15	01:42:51.062		0.87801			4
2025.12.15	01:42:51.552		0.87804			4
2025.12.15	01:42:57.038		0.87803			4
2025.12.15	01:43:01.634	0.87797				2
2025.12.15	01:43:11.892		0.87802			4
2025.12.15	01:43:12.198	0.87799	0.87804			6
2025.12.15	01:43:14.196		0.87803			4
2025.12.15	01:43:20.373	0.87798				2
2025.12.15	01:43:30.221	0.87797	0.87801			6
2025.12.15	01:43:30.711	0.87796				2
2025.12.15	01:43:31.753		0.87802			4
2025.12.15	01:43:34.880	0.87795	0.87801			6
2025.12.15	01:43:35.272	0.87796				2
2025.12.15	01:43:42.947	0.87797				2
2025.12.15	01:43:43.944	0.87795	0.87799			6
2025.12.15	01:43:44.259	0.87794				2
2025.12.15	01:43:45.362		0.87800			4
2025.12.15	01:43:47.248		0.87799			4
2025.12.15	01:43:59.676		0.87798			4
2025.12.15	01:44:02.841	0.87794				2
2025.12.15	01:44:08.986	0.87790	0.87797			6
2025.12.15	01:44:12.141	0.87792	0.87798			6
2025.12.15	01:44:16.509	0.87786	0.87793			6
2025.12.15	01:44:18.577	0.87790	0.87794			6
2025.12.15	01:44:23.948	0.87793	0.87798			6
2025.12.15	01:44:26.037	0.87794				2
2025.12.15	01:44:31.106	0.87793	0.87797			6
2025.12.15	01:44:34.444	0.87791				2
2025.12.15	01:44:34.818	0.87792				2
2025.12.15	01:44:36.523	0.87793	0.87798			6
2025.12.15	01:44:47.389		0.87797			4
2025.12.15	01:44:50.500	0.87792				2
2025.12.15	01:45:00.401	0.87792				2
2025.12.15	01:45:01.813	0.87793				2
2025.12.15	01:45:04.107	0.87792	0.87796			6
2025.12.15	01:45:07.033	0.87791				2
2025.12.15	01:45:16.038	0.87792				2
2025.12.15	01:45:30.538		0.87797			4
2025.12.15	01:45:42.880		0.87796			4
2025.12.15	01:45:47.420	0.87791	0.87797			6
2025.12.15	01:45:47.725		0.87796			4
2025.12.15	01:45:48.702	0.87790	0.87795			6
2025.12.15	01:45:51.877	0.87791				2
2025.12.15	01:45:53.943	0.87793				2
2025.12.15	01:45:54.260	0.87790				2
2025.12.15	01:45:57.049	0.87792				2
2025.12.15	01:46:02.780	0.87794	0.87798			6
2025.12.15	01:46:03.190	0.87790	0.87795			6
2025.12.15	01:46:04.202		0.87796			4
2025.12.15	01:46:08.678	0.87791				2
2025.12.15	01:46:12.610	0.87793	0.87797			6
2025.12.15	01:46:16.029	0.87792				2
2025.12.15	01:46:20.120	0.87794	0.87799			6
2025.12.15	01:46:23.264	0.87793				2
2025.12.15	01:46:31.324	0.87792	0.87796			6
2025.12.15	01:46:32.665	0.87794	0.87797			6
2025.12.15	01:46:36.040	0.87797	0.87800			6
2025.12.15	01:46:47.377	0.87796				2
2025.12.15	01:47:05.056	0.87798	0.87802			6
2025.12.15	01:47:05.719	0.87799				2
2025.12.15	01:47:10.903	0.87800				2
2025.12.15	01:47:24.003	0.87799				2
2025.12.15	01:47:40.777	0.87798				2
2025.12.15	01:47:41.401	0.87800	0.87803			6
2025.12.15	01:48:02.095	0.87799				2
2025.12.15	01:48:10.598	0.87800				2
2025.12.15	01:48:17.677	0.87799				2
2025.12.15	01:48:26.482	0.87800	0.87804			6
2025.12.15	01:48:32.502		0.87805			4
2025.12.15	01:48:34.736		0.87804			4
2025.12.15	01:49:00.080	0.87800				2
2025.12.15	01:49:05.678	0.87799				2
2025.12.15	01:49:13.580		0.87802			4
2025.12.15	01:49:32.678	0.87798				2
2025.12.15	01:50:01.146	0.87798				2
2025.12.15	01:50:02.800		0.87803			4
2025.12.15	01:50:05.471		0.87802			4
2025.12.15	01:50:12.147	0.87797	0.87801			6
2025.12.15	01:50:21.703	0.87801	0.87805			6
2025.12.15	01:50:22.725	0.87800				2
2025.12.15	01:50:25.831	0.87801				2
2025.12.15	01:50:28.379	0.87802	0.87806			6
2025.12.15	01:50:28.686	0.87803				2
2025.12.15	01:50:32.677	0.87802				2
2025.12.15	01:50:35.087	0.87803				2
2025.12.15	01:50:45.679	0.87801	0.87805			6
2025.12.15	01:50:46.050	0.87800				2
2025.12.15	01:50:57.840	0.87801				2
2025.12.15	01:51:00.645	0.87800				2
2025.12.15	01:51:14.109	0.87799	0.87804			6
2025.12.15	01:51:26.280		0.87803			4
2025.12.15	01:51:32.282		0.87802			4
2025.12.15	01:51:32.600	0.87798				2
2025.12.15	01:51:35.195		0.87804			4
2025.12.15	01:51:40.232	0.87799	0.87803			6
2025.12.15	01:51:44.391		0.87804			4
2025.12.15	01:51:45.457	0.87800				2
2025.12.15	01:51:46.373	0.87801				2
2025.12.15	01:52:01.776	0.87801				2
2025.12.15	01:52:08.773		0.87805			4
2025.12.15	01:52:20.630	0.87799	0.87803			6
2025.12.15	01:52:34.149		0.87802			4
2025.12.15	01:52:35.038	0.87801	0.87804			6
2025.12.15	01:52:37.408	0.87800				2
2025.12.15	01:52:46.175	0.87798	0.87802			6
2025.12.15	01:52:46.699	0.87797	0.87800			6
2025.12.15	01:52:49.877	0.87798	0.87801			6
2025.12.15	01:53:00.096	0.87798				2
2025.12.15	01:53:08.960	0.87799	0.87803			6
2025.12.15	01:53:12.310		0.87802			4
2025.12.15	01:53:29.391	0.87800	0.87803			6
2025.12.15	01:53:30.370	0.87801				2
2025.12.15	01:53:33.170	0.87800				2
2025.12.15	01:53:38.430	0.87801				2
2025.12.15	01:53:43.882	0.87800				2
2025.12.15	01:53:47.558	0.87801	0.87805			6
2025.12.15	01:53:47.937	0.87800				2
2025.12.15	01:53:48.239	0.87799	0.87802			6
2025.12.15	01:53:48.907	0.87800	0.87804			6
2025.12.15	01:54:00.635	0.87800				2
2025.12.15	01:54:14.684	0.87799				2
2025.12.15	01:54:15.566		0.87802			4
2025.12.15	01:54:17.393	0.87798				2
2025.12.15	01:54:20.859	0.87799				2
2025.12.15	01:54:34.777	0.87798				2
2025.12.15	01:54:53.379	0.87799				2
2025.12.15	01:55:01.776	0.87799				2
2025.12.15	01:55:06.887		0.87803			4
2025.12.15	01:55:12.605		0.87802			4
2025.12.15	01:55:15.123		0.87803			4
2025.12.15	01:55:24.577		0.87802			4
2025.12.15	01:55:33.877	0.87798				2
2025.12.15	01:55:39.435	0.87801	0.87804			6
2025.12.15	01:56:00.652	0.87801				2
2025.12.15	01:56:03.245	0.87800	0.87803			6
2025.12.15	01:56:03.618		0.87804			4
2025.12.15	01:56:12.738	0.87799				2
2025.12.15	01:56:13.266	0.87798	0.87803			6
2025.12.15	01:56:15.288	0.87799				2
2025.12.15	01:56:17.414	0.87800				2
2025.12.15	01:56:18.371	0.87799				2
2025.12.15	01:56:24.105	0.87801	0.87805			6
2025.12.15	01:56:32.977		0.87804			4
2025.12.15	01:56:36.996		0.87805			4
2025.12.15	01:56:38.424	0.87800	0.87804			6
2025.12.15	01:56:38.734	0.87801				2
2025.12.15	01:56:52.142	0.87802	0.87805			6
2025.12.15	01:56:56.603	0.87803	0.87806			6
2025.12.15	01:56:58.708	0.87802				2
2025.12.15	01:57:01.576	0.87802				2
2025.12.15	01:57:05.253	0.87803				2
2025.12.15	01:57:12.835	0.87804	0.87807			6
2025.12.15	01:57:14.950	0.87803				2
2025.12.15	01:57:15.526	0.87805	0.87809			6
2025.12.15	01:57:17.654	0.87804				2
2025.12.15	01:57:26.948	0.87802	0.87805			6
2025.12.15	01:57:31.096	0.87803	0.87807			6
2025.12.15	01:57:35.648	0.87804				2
2025.12.15	01:58:00.488	0.87804				2
2025.12.15	01:58:12.689		0.87808			4
2025.12.15	01:58:17.824		0.87807			4
2025.12.15	01:59:03.964	0.87804				2
2025.12.15	01:59:08.458	0.87803				2
2025.12.15	01:59:09.800	0.87802	0.87806			6
2025.12.15	01:59:16.092	0.87803				2
2025.12.15	01:59:20.494	0.87802				2
2025.12.15	01:59:24.661	0.87803				2
2025.12.15	01:59:30.721	0.87801	0.87805			6
2025.12.15	02:00:00.324	0.87801				2
2025.12.15	02:00:01.424		0.87804			4
2025.12.15	02:00:01.944	0.87800				2
2025.12.15	02:00:03.941		0.87803			4
2025.12.15	02:00:05.001	0.87799				2
2025.12.15	02:00:05.308	0.87800				2
2025.12.15	02:00:09.239		0.87804			4
2025.12.15	02:00:19.765		0.87805			4
2025.12.15	02:00:20.768		0.87804			4
2025.12.15	02:00:21.800	0.87801				2
2025.12.15	02:00:22.464	0.87800				2
2025.12.15	02:00:31.641	0.87799	0.87802			6
2025.12.15	02:00:32.793	0.87798				2
2025.12.15	02:00:34.948	0.87800	0.87804			6
2025.12.15	02:00:36.547		0.87803			4
2025.12.15	02:00:38.097	0.87801				2
2025.12.15	02:00:40.404	0.87799	0.87802			6
2025.12.15	02:00:40.783	0.87798	0.87801			6
2025.12.15	02:00:43.131	0.87796	0.87800			6
2025.12.15	02:00:44.439		0.87799			4
2025.12.15	02:00:46.740	0.87795	0.87800			6
2025.12.15	02:00:47.497	0.87794	0.87799			6
2025.12.15	02:00:48.916		0.87797			4
2025.12.15	02:00:51.153	0.87793	0.87796			6
2025.12.15	02:00:53.095	0.87796	0.87798			6
2025.12.15	02:00:55.430	0.87795				2
2025.12.15	02:01:00.083	0.87795				2
2025.12.15	02:01:02.182	0.87796	0.87800			6
2025.12.15	02:01:03.236		0.87801			4
2025.12.15	02:01:03.539	0.87795	0.87800			6
2025.12.15	02:01:03.844	0.87796	0.87801			6
2025.12.15	02:01:04.539		0.87802			4
2025.12.15	02:01:05.957	0.87797				2
2025.12.15	02:01:08.284	0.87798				2
2025.12.15	02:01:15.651	0.87797	0.87801			6
2025.12.15	02:01:17.621		0.87800			4
2025.12.15	02:01:19.311	0.87796	0.87801			6
2025.12.15	02:01:19.920		0.87799			4
2025.12.15	02:01:20.703	0.87794	0.87798			6
2025.12.15	02:01:21.096		0.87797			4
2025.12.15	02:01:21.432		0.87798			4
2025.12.15	02:01:21.735	0.87801	0.87803			6
2025.12.15	02:01:22.064	0.87800				2
2025.12.15	02:01:25.354	0.87799				2
2025.12.15	02:01:26.155	0.87800				2
2025.12.15	02:01:26.645	0.87799				2
2025.12.15	02:01:27.961	0.87800				2
2025.12.15	02:01:28.317	0.87801	0.87805			6
2025.12.15	02:01:30.867	0.87800	0.87803			6
2025.12.15	02:01:35.677	0.87801				2
2025.12.15	02:01:37.205	0.87800	0.87804			6
2025.12.15	02:01:37.511	0.87799	0.87801			6
2025.12.15	02:01:41.618	0.87797				2
2025.12.15	02:01:47.677		0.87799			4
2025.12.15	02:01:56.764		0.87800			4
2025.12.15	02:02:00.719	0.87797	0.87801			6
2025.12.15	02:02:01.954	0.87796	0.87799			6
2025.12.15	02:02:02.261		0.87801			4
2025.12.15	02:02:05.259	0.87798				2
2025.12.15	02:02:05.607		0.87802			4
2025.12.15	02:02:05.909		0.87801			4
2025.12.15	02:02:06.937	0.87797				2
2025.12.15	02:02:14.466		0.87800			4
2025.12.15	02:02:19.821		0.87799			4
2025.12.15	02:02:21.755	0.87796				2
2025.12.15	02:02:22.126	0.87797				2
2025.12.15	02:02:23.569		0.87800			4
2025.12.15	02:02:23.889	0.87798	0.87801			6
2025.12.15	02:02:25.018		0.87802			4
2025.12.15	02:02:26.493		0.87801			4
2025.12.15	02:02:31.603		0.87800			4
2025.12.15	02:02:33.270	0.87797				2
2025.12.15	02:02:34.481		0.87799			4
2025.12.15	02:02:37.896		0.87801			4
2025.12.15	02:02:38.248		0.87800			4
2025.12.15	02:02:38.696	0.87798				2
2025.12.15	02:02:40.496		0.87801			4
2025.12.15	02:02:42.672	0.87799	0.87802			6
2025.12.15	02:02:45.406		0.87801			4
2025.12.15	02:02:45.753		0.87802			4
2025.12.15	02:02:46.066		0.87801			4
2025.12.15	02:02:49.678		0.87802			4
2025.12.15	02:02:52.829	0.87800	0.87804			6
2025.12.15	02:02:54.217	0.87801				2
2025.12.15	02:02:54.518	0.87802				2
2025.12.15	02:02:57.270	0.87799	0.87802			6
2025.12.15	02:03:00.411	0.87798	0.87801			6
2025.12.15	02:03:03.176	0.87800	0.87802			6
2025.12.15	02:03:14.038		0.87803			4
2025.12.15	02:03:18.768		0.87802			4
2025.12.15	02:03:20.088	0.87804	0.87806			6
2025.12.15	02:03:20.456		0.87807			4
2025.12.15	02:03:23.594		0.87806			4
2025.12.15	02:03:30.467	0.87803				2
2025.12.15	02:03:30.846		0.87805			4
2025.12.15	02:03:32.227	0.87804	0.87806			6
2025.12.15	02:03:32.617	0.87803				2
2025.12.15	02:03:33.852		0.87805			4
2025.12.15	02:03:39.006	0.87804				2
2025.12.15	02:03:39.397		0.87807			4
2025.12.15	02:03:40.717		0.87806			4
2025.12.15	02:03:41.034		0.87807			4
2025.12.15	02:03:42.819	0.87805				2
2025.12.15	02:03:52.548	0.87804				2
2025.12.15	02:03:53.048	0.87802	0.87805			6
2025.12.15	02:03:55.252	0.87803				2
2025.12.15	02:04:00.153	0.87803				2
2025.12.15	02:04:01.105		0.87806			4
2025.12.15	02:04:01.664		0.87805			4
2025.12.15	02:04:02.526		0.87806			4
2025.12.15	02:04:12.276		0.87805			4
2025.12.15	02:04:18.385	0.87802				2
2025.12.15	02:04:22.931		0.87806			4
2025.12.15	02:04:24.607	0.87803				2
2025.12.15	02:04:24.961	0.87804	0.87807			6
2025.12.15	02:04:29.605		0.87806			4
2025.12.15	02:04:30.232		0.87807			4
2025.12.15	02:04:30.594		0.87808			4
2025.12.15	02:04:30.911	0.87806				2
2025.12.15	02:04:31.221	0.87803	0.87807			6
2025.12.15	02:04:38.248	0.87804				2
2025.12.15	02:04:40.828	0.87805				2
2025.12.15	02:04:41.671	0.87804				2
2025.12.15	02:04:47.373	0.87805				2
2025.12.15	02:04:53.244		0.87808			4
2025.12.15	02:04:55.592		0.87807			4
2025.12.15	02:04:59.133	0.87804				2
2025.12.15	02:05:00.236	0.87804				2
2025.12.15	02:05:14.955	0.87805	0.87808			6
2025.12.15	02:05:20.168		0.87807			4
2025.12.15	02:05:20.531		0.87808			4
2025.12.15	02:05:26.678		0.87807			4
2025.12.15	02:05:27.382	0.87808	0.87810			6
2025.12.15	02:05:32.503	0.87809	0.87811			6
2025.12.15	02:05:32.867		0.87810			4
2025.12.15	02:05:34.276		0.87811			4
2025.12.15	02:05:37.437		0.87810			4
2025.12.15	02:05:37.743	0.87808	0.87809			6
2025.12.15	02:05:38.117		0.87811			4
2025.12.15	02:05:39.857	0.87807	0.87809			6
2025.12.15	02:05:45.059		0.87808			4
2025.12.15	02:05:49.339	0.87808	0.87812			6
2025.12.15	02:05:49.646		0.87810			4
2025.12.15	02:05:50.128		0.87811			4
2025.12.15	02:05:51.206		0.87812			4
2025.12.15	02:05:53.242		0.87810			4
2025.12.15	02:06:00.309	0.87808				2
2025.12.15	02:06:00.625		0.87812			4
2025.12.15	02:06:01.377	0.87806	0.87809			6
2025.12.15	02:06:02.093	0.87807				2
2025.12.15	02:06:03.376		0.87810			4
2025.12.15	02:06:04.234		0.87809			4
2025.12.15	02:06:06.271	0.87806	0.87807			6
2025.12.15	02:06:07.694		0.87809			4
2025.12.15	02:06:11.013		0.87808			4
2025.12.15	02:06:12.427	0.87805				2
2025.12.15	02:06:13.206		0.87807			4
2025.12.15	02:06:14.356		0.87808			4
2025.12.15	02:06:18.825		0.87807			4
2025.12.15	02:06:20.093	0.87806	0.87808			6
2025.12.15	02:06:22.953		0.87809			4
2025.12.15	02:06:23.513		0.87810			4
2025.12.15	02:06:24.258		0.87809			4
2025.12.15	02:06:24.576		0.87808			4
2025.12.15	02:06:33.903		0.87807			4
2025.12.15	02:06:36.091		0.87808			4
2025.12.15	02:06:38.578		0.87807			4
2025.12.15	02:06:38.906		0.87808			4
2025.12.15	02:06:40.657		0.87807			4
2025.12.15	02:06:41.000		0.87808			4
2025.12.15	02:06:45.698	0.87801	0.87805			6
2025.12.15	02:06:46.225	0.87803				2
2025.12.15	02:06:47.681		0.87806			4
2025.12.15	02:06:48.406	0.87804				2
2025.12.15	02:06:53.024		0.87807			4
2025.12.15	02:06:57.188		0.87806			4
2025.12.15	02:06:57.517	0.87805	0.87807			6
2025.12.15	02:06:59.457	0.87804				2
2025.12.15	02:07:02.446	0.87804				2
2025.12.15	02:07:04.378	0.87805	0.87808			6
2025.12.15	02:07:06.624	0.87806				2
2025.12.15	02:07:07.299		0.87809			4
2025.12.15	02:07:07.602		0.87810			4
2025.12.15	02:07:09.262	0.87807	0.87811			6
2025.12.15	02:07:19.801		0.87810			4
2025.12.15	02:07:22.836	0.87806				2
2025.12.15	02:07:24.390	0.87807	0.87809			6
2025.12.15	02:07:25.451		0.87810			4
2025.12.15	02:07:25.765	0.87812	0.87814			6
2025.12.15	02:07:32.561		0.87815			4
2025.12.15	02:07:34.406	0.87813	0.87816			6
2025.12.15	02:07:34.996	0.87812	0.87815			6
2025.12.15	02:07:41.397	0.87813	0.87816			6
2025.12.15	02:07:55.777	0.87812	0.87817			6
2025.12.15	02:07:56.114		0.87816			4
2025.12.15	02:08:01.533	0.87813	0.87817			6
2025.12.15	02:08:02.343		0.87815			4
2025.12.15	02:08:12.981		0.87816			4
2025.12.15	02:08:13.429	0.87814	0.87817			6
2025.12.15	02:08:15.045		0.87816			4
2025.12.15	02:08:15.387		0.87817			4
2025.12.15	02:08:17.417	0.87813	0.87816			6
2025.12.15	02:08:18.215		0.87817			4
2025.12.15	02:08:18.522		0.87814			4
2025.12.15	02:08:19.179	0.87812				2
2025.12.15	02:08:20.429		0.87815			4
2025.12.15	02:08:21.369	0.87811	0.87814			6
2025.12.15	02:08:22.587		0.87813			4
2025.12.15	02:08:23.509		0.87814			4
2025.12.15	02:08:28.925		0.87813			4
2025.12.15	02:08:29.276		0.87814			4
2025.12.15	02:08:29.613		0.87813			4
2025.12.15	02:08:30.364	0.87810	0.87814			6
2025.12.15	02:08:30.710	0.87811				2
2025.12.15	02:08:31.366		0.87812			4
2025.12.15	02:08:31.965	0.87810				2
2025.12.15	02:08:38.190	0.87809				2
2025.12.15	02:08:38.499	0.87810				2
2025.12.15	02:08:57.691		0.87813			4
2025.12.15	02:08:58.296		0.87814			4
2025.12.15	02:09:00.476	0.87811				2
2025.12.15	02:09:02.113	0.87810				2
2025.12.15	02:09:02.497		0.87813			4
2025.12.15	02:09:03.479		0.87812			4
2025.12.15	02:09:08.945	0.87808	0.87811			6
2025.12.15	02:09:15.727		0.87810			4
2025.12.15	02:09:16.042		0.87811			4
2025.12.15	02:09:16.359	0.87806				2
2025.12.15	02:09:19.090	0.87808				2
2025.12.15	02:09:20.325	0.87805	0.87808			6
2025.12.15	02:09:20.927	0.87806	0.87809			6
2025.12.15	02:09:21.245		0.87808			4
2025.12.15	02:09:23.392	0.87807	0.87809			6
2025.12.15	02:09:25.512		0.87810			4
2025.12.15	02:09:25.814	0.87804	0.87807			6
2025.12.15	02:09:30.690	0.87803				2
2025.12.15	02:09:31.950	0.87807	0.87809			6
2025.12.15	02:09:33.970	0.87806				2
2025.12.15	02:09:34.656	0.87807	0.87810			6
2025.12.15	02:09:36.494	0.87808				2
2025.12.15	02:09:41.760	0.87807				2
2025.12.15	02:09:44.122	0.87808				2
2025.12.15	02:09:48.784	0.87809	0.87812			6
2025.12.15	02:09:49.860	0.87810				2
2025.12.15	02:10:00.285	0.87810				2
2025.12.15	02:10:02.403	0.87809				2
2025.12.15	02:10:05.146		0.87811			4
2025.12.15	02:10:13.422	0.87810	0.87812			6
2025.12.15	02:10:15.923	0.87809				2
2025.12.15	02:10:18.977	0.87810				2
2025.12.15	02:10:21.099		0.87813			4
2025.12.15	02:10:22.199	0.87809	0.87812			6
2025.12.15	02:10:22.522		0.87811			4
2025.12.15	02:10:23.367	0.87808				2
2025.12.15	02:10:29.389	0.87810	0.87812			6
2025.12.15	02:10:30.308		0.87813			4
2025.12.15	02:10:31.490	0.87812	0.87814			6
2025.12.15	02:10:34.357	0.87811				2
2025.12.15	02:10:41.079	0.87812				2
2025.12.15	02:10:48.073	0.87809	0.87812			6
2025.12.15	02:10:51.745	0.87810				2
2025.12.15	02:10:52.362	0.87806	0.87809			6
2025.12.15	02:10:52.667	0.87807				2
2025.12.15	02:10:55.851	0.87806				2
2025.12.15	02:11:00.005	0.87806	0.87808			6
2025.12.15	02:11:02.365	0.87805	0.87810			6
2025.12.15	02:11:02.672		0.87808			4
2025.12.15	02:11:03.066		0.87809			4
2025.12.15	02:11:07.536	0.87807	0.87811			6
2025.12.15	02:11:25.423		0.87810			4
2025.12.15	02:11:31.553		0.87811			4
2025.12.15	02:11:31.983	0.87808				2
2025.12.15	02:11:34.905	0.87807	0.87810			6
2025.12.15	02:11:43.673	0.87806				2
2025.12.15	02:11:47.347	0.87807	0.87812			6
2025.12.15	02:11:50.067		0.87811			4
2025.12.15	02:11:52.546	0.87805	0.87809			6
2025.12.15	02:11:52.862		0.87808			4
2025.12.15	02:11:56.296		0.87809			4
2025.12.15	02:11:59.938		0.87808			4
2025.12.15	02:12:00.672	0.87805				2
2025.12.15	02:12:08.225	0.87806				2
2025.12.15	02:12:12.549	0.87808	0.87811			6
2025.12.15	02:12:12.865	0.87809				2
2025.12.15	02:12:14.399	0.87808				2
2025.12.15	02:12:24.762	0.87806	0.87810			6
2025.12.15	02:12:25.380	0.87807	0.87811			6
2025.12.15	02:12:29.832		0.87810			4
2025.12.15	02:12:31.083		0.87811			4
2025.12.15	02:12:33.832	0.87808				2
2025.12.15	02:12:40.070		0.87810			4
2025.12.15	02:12:40.430		0.87811			4
2025.12.15	02:12:53.781	0.87807	0.87810			6
2025.12.15	02:13:00.434	0.87807				2
2025.12.15	02:13:20.146	0.87806	0.87809			6
2025.12.15	02:13:20.743	0.87807	0.87810			6
2025.12.15	02:13:21.092	0.87806	0.87809			6
2025.12.15	02:13:23.476	0.87807	0.87810			6
2025.12.15	02:13:24.814	0.87806	0.87809			6
2025.12.15	02:13:29.278		0.87810			4
2025.12.15	02:13:30.732		0.87809			4
2025.12.15	02:13:32.933		0.87808			4
2025.12.15	02:13:33.306		0.87809			4
2025.12.15	02:13:38.717	0.87807	0.87811			6
2025.12.15	02:13:49.243	0.87809				2
2025.12.15	02:13:50.228		0.87810			4
2025.12.15	02:13:51.201	0.87808	0.87812			6
2025.12.15	02:13:52.097		0.87811			4
2025.12.15	02:13:52.442	0.87809				2
2025.12.15	02:13:56.317	0.87808				2
2025.12.15	02:13:57.773		0.87812			4
2025.12.15	02:14:02.367	0.87808				2
2025.12.15	02:14:10.856	0.87807	0.87810			6
2025.12.15	02:14:13.827		0.87811			4
2025.12.15	02:14:26.890		0.87812			4
2025.12.15	02:14:41.329		0.87810			4
2025.12.15	02:14:41.957		0.87811			4
2025.12.15	02:14:47.235	0.87806				2
2025.12.15	02:14:49.350	0.87807				2
2025.12.15	02:14:51.867		0.87810			4
2025.12.15	02:14:56.296	0.87806				2
2025.12.15	02:15:00.306	0.87806				2
2025.12.15	02:15:02.388	0.87805				2
2025.12.15	02:15:10.374	0.87808	0.87812			6
2025.12.15	02:15:14.248		0.87813			4
2025.12.15	02:15:19.528	0.87806	0.87811			6
2025.12.15	02:15:26.757		0.87810			4
2025.12.15	02:15:34.592	0.87809	0.87813			6
2025.12.15	02:15:42.880	0.87810				2
2025.12.15	02:15:46.548	0.87809				2
2025.12.15	02:15:50.535		0.87814			4
2025.12.15	02:15:52.767	0.87806	0.87811			6
2025.12.15	02:15:53.327	0.87804	0.87809			6
2025.12.15	02:15:55.062	0.87805	0.87811			6
2025.12.15	02:15:55.378		0.87810			4
2025.12.15	02:15:59.038		0.87811			4
2025.12.15	02:16:00.710	0.87805				2
2025.12.15	02:16:06.393		0.87809			4
2025.12.15	02:16:07.113	0.87804				2
2025.12.15	02:16:07.421		0.87810			4
2025.12.15	02:16:08.650	0.87805				2
2025.12.15	02:16:11.284	0.87802	0.87807			6
2025.12.15	02:16:13.778	0.87803				2
2025.12.15	02:16:21.790	0.87802				2
2025.12.15	02:16:25.213	0.87804	0.87808			6
2025.12.15	02:16:28.542	0.87805	0.87809			6
2025.12.15	02:16:41.876	0.87806	0.87808			6
2025.12.15	02:16:42.811		0.87809			4
2025.12.15	02:16:50.234	0.87805				2
2025.12.15	02:16:50.588		0.87808			4
2025.12.15	02:16:52.716	0.87803	0.87806			6
2025.12.15	02:16:54.358	0.87801	0.87805			6
2025.12.15	02:17:00.151	0.87801				2
2025.12.15	02:17:00.553	0.87803	0.87807			6
2025.12.15	02:17:04.544	0.87802	0.87806			6
2025.12.15	02:17:13.231	0.87804	0.87807			6
2025.12.15	02:17:17.668	0.87803				2
2025.12.15	02:17:24.116		0.87806			4
2025.12.15	02:17:26.025	0.87801	0.87805			6
2025.12.15	02:17:27.371		0.87804			4
2025.12.15	02:17:30.444		0.87805			4
2025.12.15	02:17:33.351		0.87806			4
2025.12.15	02:17:36.320	0.87799	0.87803			6
2025.12.15	02:17:36.629	0.87801	0.87805			6
2025.12.15	02:17:37.023		0.87806			4
2025.12.15	02:17:38.554	0.87803	0.87807			6
2025.12.15	02:17:41.064	0.87802				2
2025.12.15	02:17:48.840	0.87803				2
2025.12.15	02:17:52.422		0.87805			4
2025.12.15	02:17:54.261		0.87807			4
2025.12.15	02:18:00.633	0.87803				2
2025.12.15	02:18:03.265	0.87804	0.87808			6
2025.12.15	02:18:09.398		0.87807			4
2025.12.15	02:18:14.678		0.87805			4
2025.12.15	02:18:16.429	0.87803				2
2025.12.15	02:18:31.804	0.87802				2
2025.12.15	02:18:35.860	0.87801				2
2025.12.15	02:18:37.247	0.87803				2
2025.12.15	02:18:38.423		0.87806			4
2025.12.15	02:18:38.927		0.87805			4
2025.12.15	02:18:46.969	0.87806	0.87808			6
2025.12.15	02:18:50.404		0.87809			4
2025.12.15	02:18:50.713	0.87807				2
2025.12.15	02:18:55.107		0.87812			4
2025.12.15	02:18:59.457		0.87810			4
2025.12.15	02:19:01.409	0.87807				2
2025.12.15	02:19:03.232		0.87809			4
2025.12.15	02:19:05.448		0.87810			4
2025.12.15	02:19:05.795		0.87809			4
2025.12.15	02:19:08.237	0.87808	0.87810			6
2025.12.15	02:19:11.372	0.87807	0.87809			6
2025.12.15	02:19:28.373	0.87805	0.87807			6
2025.12.15	02:19:28.677	0.87804				2
2025.12.15	02:19:29.698	0.87806				2
2025.12.15	02:19:30.201		0.87808			4
2025.12.15	02:19:32.826		0.87807			4
2025.12.15	02:19:33.141		0.87808			4
2025.12.15	02:19:34.909	0.87807	0.87809			6
2025.12.15	02:19:43.621	0.87808	0.87810			6
2025.12.15	02:19:44.028	0.87807				2
2025.12.15	02:19:45.190		0.87813			4
2025.12.15	02:19:47.138	0.87808				2
2025.12.15	02:19:47.474	0.87809				2
2025.12.15	02:19:55.450	0.87810	0.87814			6
2025.12.15	02:19:57.292	0.87807	0.87811			6
2025.12.15	02:19:58.331	0.87806	0.87808			6
2025.12.15	02:20:00.377	0.87806				2
2025.12.15	02:20:02.677	0.87807				2
2025.12.15	02:20:03.806		0.87809			4
2025.12.15	02:20:04.821		0.87808			4
2025.12.15	02:20:15.780	0.87808	0.87809			6
2025.12.15	02:20:16.942	0.87807	0.87808			6
2025.12.15	02:20:17.262		0.87809			4
2025.12.15	02:20:18.327		0.87808			4
2025.12.15	02:20:20.392	0.87806	0.87807			6
2025.12.15	02:20:21.442		0.87808			4
2025.12.15	02:20:21.828		0.87807			4
2025.12.15	02:20:25.445	0.87805	0.87806			6
2025.12.15	02:20:30.584	0.87806	0.87807			6
2025.12.15	02:20:31.371	0.87805	0.87806			6
2025.12.15	02:20:36.676		0.87808			4
2025.12.15	02:20:37.173		0.87806			4
2025.12.15	02:20:40.940	0.87804				2
2025.12.15	02:20:41.487	0.87803				2
2025.12.15	02:20:46.310		0.87805			4
2025.12.15	02:20:47.277		0.87806			4
2025.12.15	02:20:52.843		0.87805			4
2025.12.15	02:20:58.415		0.87804			4
2025.12.15	02:21:00.842	0.87803	0.87805			6
2025.12.15	02:21:03.291		0.87804			4
2025.12.15	02:21:07.728	0.87802				2
2025.12.15	02:21:09.902		0.87805			4
2025.12.15	02:21:11.732		0.87804			4
2025.12.15	02:21:12.916	0.87804	0.87805			6
2025.12.15	02:21:28.401	0.87803				2
2025.12.15	02:21:28.902	0.87804				2
2025.12.15	02:21:32.894	0.87803	0.87804			6
2025.12.15	02:21:42.399		0.87805			4
2025.12.15	02:21:42.927		0.87804			4
2025.12.15	02:21:50.685	0.87802				2
2025.12.15	02:21:51.372		0.87806			4
2025.12.15	02:21:53.515	0.87803				2
2025.12.15	02:22:00.536	0.87803				2
2025.12.15	02:22:01.435		0.87804			4
2025.12.15	02:22:01.758		0.87805			4
2025.12.15	02:22:05.677	0.87804				2
2025.12.15	02:22:08.392	0.87803				2
2025.12.15	02:22:12.578		0.87804			4
2025.12.15	02:22:13.281		0.87806			4
2025.12.15	02:22:22.966	0.87802				2
2025.12.15	02:22:28.166	0.87803				2
2025.12.15	02:22:44.275	0.87802				2
2025.12.15	02:23:00.430	0.87802				2
2025.12.15	02:23:04.148	0.87803				2
2025.12.15	02:23:13.418		0.87806			4
2025.12.15	02:23:38.110	0.87804				2
2025.12.15	02:23:47.898	0.87803	0.87807			6
2025.12.15	02:23:48.828		0.87806			4
2025.12.15	02:23:50.727		0.87805			4
2025.12.15	02:23:51.390	0.87802				2
2025.12.15	02:23:55.384	0.87803	0.87806			6
2025.12.15	02:23:58.791		0.87807			4
2025.12.15	02:24:01.071	0.87803	0.87806			6
2025.12.15	02:24:01.646		0.87807			4
2025.12.15	02:24:02.502	0.87804				2
2025.12.15	02:24:20.815	0.87805				2
2025.12.15	02:24:21.852	0.87804				2
2025.12.15	02:24:22.276		0.87806			4
2025.12.15	02:24:22.962		0.87807			4
2025.12.15	02:24:39.106	0.87805	0.87808			6
2025.12.15	02:24:49.413	0.87804				2
2025.12.15	02:24:50.946		0.87807			4
2025.12.15	02:25:00.168	0.87804				2
2025.12.15	02:25:04.779		0.87806			4
2025.12.15	02:25:05.188	0.87802	0.87805			6
2025.12.15	02:25:06.654	0.87805	0.87806			6
2025.12.15	02:25:10.276	0.87803				2
2025.12.15	02:25:13.243	0.87802	0.87805			6
2025.12.15	02:25:14.978		0.87806			4
2025.12.15	02:25:28.519	0.87801	0.87805			6
2025.12.15	02:25:33.763	0.87803				2
2025.12.15	02:25:34.079	0.87804	0.87807			6
2025.12.15	02:26:01.960	0.87803	0.87805			6
2025.12.15	02:26:02.319		0.87807			4
2025.12.15	02:26:06.077	0.87804	0.87808			6
2025.12.15	02:26:06.627	0.87805				2
2025.12.15	02:26:08.190		0.87809			4
2025.12.15	02:26:17.407	0.87807				2
2025.12.15	02:26:17.731		0.87808			4
2025.12.15	02:26:19.018	0.87805	0.87809			6
2025.12.15	02:26:26.910		0.87808			4
2025.12.15	02:26:32.676		0.87809			4
2025.12.15	02:26:34.389	0.87804	0.87808			6
2025.12.15	02:26:43.063		0.87809			4
2025.12.15	02:26:47.159	0.87805	0.87807			6
2025.12.15	02:26:50.500		0.87808			4
2025.12.15	02:26:54.206		0.87809			4
2025.12.15	02:26:55.221	0.87804	0.87808			6
2025.12.15	02:27:03.112	0.87804				2
2025.12.15	02:27:04.139	0.87805	0.87810			6
2025.12.15	02:27:08.847		0.87809			4
2025.12.15	02:27:10.511	0.87806				2
2025.12.15	02:27:16.823		0.87808			4
2025.12.15	02:27:19.101	0.87805				2
2025.12.15	02:27:43.294	0.87804	0.87806			6
2025.12.15	02:27:48.659		0.87808			4
2025.12.15	02:28:00.435	0.87804				2
2025.12.15	02:28:17.806		0.87807			4
2025.12.15	02:28:30.158	0.87803	0.87806			6
2025.12.15	02:28:31.512		0.87807			4
2025.12.15	02:28:34.053		0.87806			4
2025.12.15	02:28:36.165	0.87805				2
2025.12.15	02:28:37.232		0.87807			4
2025.12.15	02:28:44.670	0.87803				2
2025.12.15	02:28:48.211	0.87801	0.87805			6
2025.12.15	02:28:51.990	0.87800				2
2025.12.15	02:28:52.303	0.87801	0.87804			6
2025.12.15	02:28:56.502		0.87803			4
2025.12.15	02:29:00.960	0.87801				2
2025.12.15	02:29:09.606		0.87805			4
2025.12.15	02:29:11.752	0.87800	0.87803			6
2025.12.15	02:29:15.662	0.87801				2
2025.12.15	02:29:15.980		0.87804			4
2025.12.15	02:29:20.291	0.87803	0.87806			6
2025.12.15	02:29:21.300		0.87807			4
2025.12.15	02:29:23.376		0.87806			4
2025.12.15	02:29:24.321		0.87807			4
2025.12.15	02:29:28.551		0.87806			4
2025.12.15	02:29:30.835	0.87802	0.87804			6
2025.12.15	02:29:33.148	0.87803	0.87807			6
2025.12.15	02:29:56.589		0.87806			4
2025.12.15	02:30:00.342	0.87802	0.87804			6
2025.12.15	02:30:00.902	0.87801				2
2025.12.15	02:30:02.447		0.87803			4
2025.12.15	02:30:02.911		0.87804			4
2025.12.15	02:30:11.973	0.87803				2
2025.12.15	02:30:15.860	0.87802	0.87807			6
2025.12.15	02:30:22.445	0.87803	0.87806			6
2025.12.15	02:30:29.102	0.87802	0.87804			6
2025.12.15	02:30:37.719	0.87801				2
2025.12.15	02:30:39.728	0.87805	0.87806			6
2025.12.15	02:30:45.004	0.87804	0.87805			6
2025.12.15	02:30:45.576	0.87805	0.87806			6
2025.12.15	02:30:49.397	0.87803	0.87805			6
2025.12.15	02:30:50.535	0.87804				2
2025.12.15	02:30:51.543	0.87803				2
2025.12.15	02:30:51.847		0.87806			4
2025.12.15	02:30:58.499		0.87805			4
2025.12.15	02:31:00.361	0.87803	0.87806			6
2025.12.15	02:31:01.351	0.87804	0.87805			6
2025.12.15	02:31:02.273	0.87802				2
2025.12.15	02:31:06.298	0.87804	0.87806			6
2025.12.15	02:31:09.989		0.87805			4
2025.12.15	02:31:10.301	0.87803				2
2025.12.15	02:31:16.121	0.87804	0.87806			6
2025.12.15	02:31:20.383	0.87803	0.87805			6
2025.12.15	02:31:24.436		0.87806			4
2025.12.15	02:31:27.388		0.87805			4
2025.12.15	02:31:39.532	0.87806	0.87808			6
2025.12.15	02:31:40.191		0.87809			4
2025.12.15	02:31:40.556	0.87807				2
2025.12.15	02:31:48.658	0.87808	0.87810			6
2025.12.15	02:31:50.588	0.87807	0.87808			6
2025.12.15	02:31:58.076	0.87808	0.87809			6
2025.12.15	02:31:59.799	0.87807				2
2025.12.15	02:32:02.971	0.87807	0.87808			6
2025.12.15	02:32:06.631	0.87806	0.87807			6
2025.12.15	02:32:30.490	0.87805				2
2025.12.15	02:32:37.167		0.87808			4
2025.12.15	02:32:42.273		0.87807			4
2025.12.15	02:32:43.362	0.87806	0.87808			6
2025.12.15	02:32:49.643	0.87807				2
2025.12.15	02:32:53.465	0.87806				2
2025.12.15	02:32:55.790	0.87807				2
2025.12.15	02:33:00.376	0.87807	0.87809			6
2025.12.15	02:33:02.353		0.87808			4
2025.12.15	02:33:03.694		0.87809			4
2025.12.15	02:33:07.306		0.87808			4
2025.12.15	02:33:15.809		0.87809			4
2025.12.15	02:33:17.612		0.87808			4
2025.12.15	02:33:19.650	0.87809	0.87810			6
2025.12.15	02:33:34.204	0.87807	0.87808			6
2025.12.15	02:33:36.907	0.87808	0.87810			6
2025.12.15	02:33:37.220	0.87810	0.87811			6
2025.12.15	02:33:37.882	0.87807	0.87810			6
2025.12.15	02:33:39.223	0.87809				2
2025.12.15	02:33:41.371	0.87808	0.87809			6
2025.12.15	02:33:42.607	0.87809	0.87810			6
2025.12.15	02:33:49.431	0.87810	0.87811			6
2025.12.15	02:33:53.759	0.87811	0.87812			6
2025.12.15	02:33:54.326	0.87809				2
2025.12.15	02:33:59.678		0.87811			4
2025.12.15	02:34:01.377	0.87809				2
2025.12.15	02:34:13.332	0.87808	0.87810			6
2025.12.15	02:34:16.607	0.87809				2
2025.12.15	02:34:17.300	0.87810	0.87811			6
2025.12.15	02:34:23.366	0.87811	0.87812			6
2025.12.15	02:34:43.392		0.87813			4
2025.12.15	02:34:48.545		0.87812			4
2025.12.15	02:34:53.675		0.87813			4
2025.12.15	02:34:55.401	0.87814	0.87816			6
2025.12.15	02:34:55.791	0.87815				2
2025.12.15	02:34:57.399	0.87813	0.87814			6
2025.12.15	02:34:57.742	0.87812	0.87813			6
2025.12.15	02:35:00.677	0.87812				2
2025.12.15	02:35:07.747	0.87811				2
2025.12.15	02:35:09.156		0.87812			4
2025.12.15	02:35:13.061	0.87810				2
2025.12.15	02:35:14.123	0.87811				2
2025.12.15	02:35:14.762	0.87810	0.87811			6
2025.12.15	02:35:19.596		0.87812			4
2025.12.15	02:35:25.055		0.87811			4
2025.12.15	02:35:33.720	0.87809	0.87810			6
2025.12.15	02:35:40.104	0.87811	0.87812			6
2025.12.15	02:35:45.281	0.87810				2
