<DATE>	<TIME>	<BID>	<ASK>	<LAST>	<VOLUME>	<FLAGS>
2025.04.29	00:03:31.323	0.84936	0.85068			6
2025.04.29	00:03:37.728	0.84935				2
2025.04.29	00:03:49.746		0.85018			4
2025.04.29	00:03:55.756		0.85068			4
2025.04.29	00:04:10.572	0.84935				2
2025.04.29	00:04:21.795		0.85018			4
2025.04.29	00:04:28.785		0.85068			4
2025.04.29	00:04:54.862		0.85018			4
2025.04.29	00:05:00.568	0.84935				2
2025.04.29	00:05:01.194		0.85068			4
2025.04.29	00:05:28.443		0.85018			4
2025.04.29	00:05:33.912		0.85068			4
2025.04.29	00:05:57.729		0.85018			4
2025.04.29	00:06:03.206	0.84935	0.85068			6
2025.04.29	00:06:26.231		0.85018			4
2025.04.29	00:06:33.195		0.85068			4
2025.04.29	00:06:53.356		0.85018			4
2025.04.29	00:06:58.797		0.85068			4
2025.04.29	00:07:02.128	0.84935				2
2025.04.29	00:07:24.007		0.85018			4
2025.04.29	00:07:29.685		0.85068			4
2025.04.29	00:07:49.897		0.85018			4
2025.04.29	00:07:55.528		0.85068			4
2025.04.29	00:08:11.041	0.84935				2
2025.04.29	00:08:18.481		0.85018			4
2025.04.29	00:08:24.641		0.85068			4
2025.04.29	00:08:51.971		0.85018			4
2025.04.29	00:08:59.084		0.85068			4
2025.04.29	00:09:06.039	0.84935				2
2025.04.29	00:09:08.218	0.84922				2
2025.04.29	00:09:19.879		0.85018			4
2025.04.29	00:09:25.826		0.85068			4
2025.04.29	00:09:48.622		0.85007			4
2025.04.29	00:09:54.381		0.85074			4
2025.04.29	00:10:01.037	0.84922				2
2025.04.29	00:10:12.619	0.84958	0.85036			6
2025.04.29	00:10:12.926	0.84957	0.85034			6
2025.04.29	00:10:13.534		0.85030			4
2025.04.29	00:10:16.871	0.84958	0.85031			6
2025.04.29	00:10:31.419	0.84957	0.85030			6
2025.04.29	00:10:33.843		0.85029			4
2025.04.29	00:10:43.280		0.85028			4
2025.04.29	00:10:50.557	0.84958	0.85030			6
2025.04.29	00:10:53.589	0.84932	0.85000			6
2025.04.29	00:10:55.167	0.84941	0.84999			6
2025.04.29	00:10:57.222	0.84958	0.85030			6
2025.04.29	00:10:57.835	0.84941	0.84999			6
2025.04.29	00:10:58.896		0.85038			4
2025.04.29	00:11:02.128	0.84941				2
2025.04.29	00:11:04.254	0.84959	0.85031			6
2025.04.29	00:11:04.856	0.84941	0.85038			6
2025.04.29	00:11:10.823	0.84959	0.85030			6
2025.04.29	00:11:11.731	0.84941	0.85038			6
2025.04.29	00:11:17.794	0.84960	0.85030			6
2025.04.29	00:11:18.397	0.84941	0.85038			6
2025.04.29	00:11:23.385		0.85037			4
2025.04.29	00:11:23.722		0.85038			4
2025.04.29	00:11:24.460	0.84960	0.85030			6
2025.04.29	00:11:25.070	0.84941	0.85038			6
2025.04.29	00:11:26.251		0.84999			4
2025.04.29	00:11:32.339		0.85038			4
2025.04.29	00:11:38.694		0.85026			4
2025.04.29	00:11:39.279	0.84929	0.85021			6
2025.04.29	00:11:58.570		0.84992			4
2025.04.29	00:12:00.573	0.84929				2
2025.04.29	00:12:04.944		0.85021			4
2025.04.29	00:12:13.272	0.84927	0.85012			6
2025.04.29	00:12:16.578	0.84929				2
2025.04.29	00:12:31.196		0.84993			4
2025.04.29	00:12:36.493		0.85012			4
2025.04.29	00:12:56.302		0.85024			4
2025.04.29	00:13:00.569	0.84929				2
2025.04.29	00:13:01.460		0.84993			4
2025.04.29	00:13:08.155		0.85024			4
2025.04.29	00:13:20.571		0.85023			4
2025.04.29	00:13:22.304		0.85014			4
2025.04.29	00:13:30.892		0.84993			4
2025.04.29	00:13:36.533		0.85014			4
2025.04.29	00:13:40.567	0.84930				2
2025.04.29	00:14:00.567	0.84930				2
2025.04.29	00:14:01.495		0.84993			4
2025.04.29	00:14:07.440		0.85014			4
2025.04.29	00:14:33.254		0.84993			4
2025.04.29	00:14:39.169		0.85014			4
2025.04.29	00:15:00.308	0.84930				2
2025.04.29	00:15:03.701		0.84993			4
2025.04.29	00:15:07.817	0.84932				2
2025.04.29	00:15:09.742		0.85019			4
2025.04.29	00:15:10.568		0.85018			4
2025.04.29	00:15:14.488	0.84936	0.85051			6
2025.04.29	00:15:24.913	0.84949				2
2025.04.29	00:15:37.038		0.85000			4
2025.04.29	00:15:40.389	0.84952				2
2025.04.29	00:15:43.415		0.85053			4
2025.04.29	00:15:54.506	0.84940	0.85043			6
2025.04.29	00:15:55.144		0.85042			4
2025.04.29	00:15:56.661	0.84952	0.85053			6
2025.04.29	00:16:02.127	0.84952				2
2025.04.29	00:16:06.245		0.85001			4
2025.04.29	00:16:13.197		0.85064			4
2025.04.29	00:16:23.682	0.84949				2
2025.04.29	00:16:39.436		0.85001			4
2025.04.29	00:16:45.944		0.85064			4
2025.04.29	00:16:55.177	0.84939				2
2025.04.29	00:16:57.754		0.85059			4
2025.04.29	00:16:58.658		0.85057			4
2025.04.29	00:17:00.936	0.84939	0.85061			6
2025.04.29	00:17:01.854		0.85056			4
2025.04.29	00:17:02.453		0.85058			4
2025.04.29	00:17:04.457		0.85057			4
2025.04.29	00:17:04.937		0.85056			4
2025.04.29	00:17:05.996		0.85057			4
2025.04.29	00:17:07.538		0.85052			4
2025.04.29	00:17:08.307		0.85058			4
2025.04.29	00:17:09.938		0.85051			4
2025.04.29	00:17:11.387		0.85001			4
2025.04.29	00:17:18.193		0.85061			4
2025.04.29	00:17:21.678		0.85058			4
2025.04.29	00:17:22.584		0.85057			4
2025.04.29	00:17:26.504		0.85063			4
2025.04.29	00:17:27.885	0.84942	0.85057			6
2025.04.29	00:17:28.509	0.84949	0.85058			6
2025.04.29	00:17:28.854		0.85059			4
2025.04.29	00:17:34.667	0.84951	0.85063			6
2025.04.29	00:17:34.978	0.84952				2
2025.04.29	00:17:35.280	0.84951				2
2025.04.29	00:17:37.168	0.84953				2
2025.04.29	00:17:37.479	0.84952				2
2025.04.29	00:17:39.215		0.85001			4
2025.04.29	00:17:39.709	0.84950				2
2025.04.29	00:17:45.045		0.85056			4
2025.04.29	00:17:46.183	0.84949				2
2025.04.29	00:17:54.483	0.84950				2
2025.04.29	00:18:06.673	0.84950	0.85011			6
2025.04.29	00:18:13.523		0.85056			4
2025.04.29	00:18:36.821		0.85011			4
2025.04.29	00:18:42.989		0.85052			4
2025.04.29	00:19:00.880	0.84950				2
2025.04.29	00:19:03.783		0.85011			4
2025.04.29	00:19:09.007		0.85052			4
2025.04.29	00:19:23.380	0.84951	0.85059			6
2025.04.29	00:19:25.180	0.84950				2
2025.04.29	00:19:31.002		0.85063			4
2025.04.29	00:19:34.609		0.85011			4
2025.04.29	00:19:37.641	0.84945				2
2025.04.29	00:19:37.944	0.84944				2
2025.04.29	00:19:40.356		0.85050			4
2025.04.29	00:19:41.178	0.84941	0.85049			6
2025.04.29	00:19:41.770	0.84942	0.85050			6
2025.04.29	00:19:52.123		0.85049			4
2025.04.29	00:19:59.403	0.84935	0.85021			6
2025.04.29	00:19:59.720	0.84936	0.85020			6
2025.04.29	00:20:00.151	0.84936				2
2025.04.29	00:20:00.581	0.84937	0.85019			6
2025.04.29	00:20:01.032	0.84938	0.85018			6
2025.04.29	00:20:01.563	0.84939	0.85017			6
2025.04.29	00:20:02.397	0.84940	0.85016			6
2025.04.29	00:20:03.678	0.84941	0.85015			6
2025.04.29	00:20:04.293		0.84993			4
2025.04.29	00:20:09.280	0.84942				2
2025.04.29	00:20:09.760		0.85015			4
2025.04.29	00:20:22.181	0.84941				2
2025.04.29	00:20:24.646	0.84939	0.85012			6
2025.04.29	00:20:32.041		0.84993			4
2025.04.29	00:20:38.841		0.85012			4
2025.04.29	00:20:52.182		0.85013			4
2025.04.29	00:20:53.147	0.84943	0.85037			6
2025.04.29	00:20:54.634	0.84941				2
2025.04.29	00:20:55.829	0.84948	0.85055			6
2025.04.29	00:20:56.178	0.84950	0.85060			6
2025.04.29	00:20:56.875	0.84949				2
2025.04.29	00:20:57.227	0.84951				2
2025.04.29	00:20:57.663	0.84949	0.85054			6
2025.04.29	00:20:58.619	0.84951	0.85055			6
2025.04.29	00:21:00.427	0.84951				2
2025.04.29	00:21:03.234		0.84995			4
2025.04.29	00:21:06.436	0.84950				2
2025.04.29	00:21:08.237		0.85055			4
2025.04.29	00:21:12.308	0.84947				2
2025.04.29	00:21:12.717	0.84945	0.85048			6
2025.04.29	00:21:13.437	0.84943				2
2025.04.29	00:21:13.741	0.84944				2
2025.04.29	00:21:15.430	0.84946	0.85056			6
2025.04.29	00:21:15.916	0.84944				2
2025.04.29	00:21:17.440		0.85052			4
2025.04.29	00:21:21.669		0.85056			4
2025.04.29	00:21:22.137		0.85049			4
2025.04.29	00:21:22.643	0.84945	0.85053			6
2025.04.29	00:21:23.555		0.85048			4
2025.04.29	00:21:24.526	0.84943	0.85046			6
2025.04.29	00:21:25.180	0.84942	0.85052			6
2025.04.29	00:21:25.480	0.84944	0.85050			6
2025.04.29	00:21:26.035	0.84943	0.85049			6
2025.04.29	00:21:27.536		0.85056			4
2025.04.29	00:21:31.093		0.84995			4
2025.04.29	00:21:38.039		0.85056			4
2025.04.29	00:21:40.779	0.84942				2
2025.04.29	00:21:43.676	0.84943				2
2025.04.29	00:21:48.583	0.84942				2
2025.04.29	00:22:01.304	0.84942				2
2025.04.29	00:22:02.411	0.84943				2
2025.04.29	00:22:03.122		0.84995			4
2025.04.29	00:22:09.007		0.85056			4
2025.04.29	00:22:24.280	0.84942				2
2025.04.29	00:22:24.734	0.84944	0.85050			6
2025.04.29	00:22:25.983	0.84942				2
2025.04.29	00:22:28.066		0.85052			4
2025.04.29	00:22:32.619		0.84996			4
2025.04.29	00:22:34.675	0.84943				2
2025.04.29	00:22:37.846	0.84946	0.85055			6
2025.04.29	00:22:38.161	0.84945	0.85056			6
2025.04.29	00:22:59.320	0.84944	0.84995			6
2025.04.29	00:22:59.983	0.84943				2
2025.04.29	00:23:03.279	0.84943				2
2025.04.29	00:23:05.358	0.84944				2
2025.04.29	00:23:06.147		0.85057			4
2025.04.29	00:23:13.381	0.84943				2
2025.04.29	00:23:14.983	0.84944				2
2025.04.29	00:23:15.449	0.84942	0.85048			6
2025.04.29	00:23:18.478		0.85053			4
2025.04.29	00:23:19.185	0.84941				2
2025.04.29	00:23:23.955	0.84942	0.85052			6
2025.04.29	00:23:26.683	0.84941				2
2025.04.29	00:23:28.578		0.85057			4
2025.04.29	00:23:33.798		0.84995			4
2025.04.29	00:23:38.683	0.84942				2
2025.04.29	00:23:39.063	0.84944				2
2025.04.29	00:23:39.557		0.85057			4
2025.04.29	00:23:40.310	0.84946				2
2025.04.29	00:23:40.886	0.84945				2
2025.04.29	00:24:00.072	0.84946				2
2025.04.29	00:24:01.575	0.84944				2
2025.04.29	00:24:02.079	0.84943				2
2025.04.29	00:24:04.615		0.84995			4
2025.04.29	00:24:06.282	0.84946				2
2025.04.29	00:24:06.780	0.84945				2
2025.04.29	00:24:10.924		0.85057			4
2025.04.29	00:24:36.591		0.84995			4
2025.04.29	00:24:43.461		0.85057			4
2025.04.29	00:25:05.979	0.84945				2
2025.04.29	00:25:10.740		0.84995			4
2025.04.29	00:25:17.225		0.85057			4
2025.04.29	00:25:25.446		0.85062			4
2025.04.29	00:25:45.233		0.84995			4
2025.04.29	00:25:51.524		0.85062			4
2025.04.29	00:26:05.684	0.84945				2
2025.04.29	00:26:17.439		0.84995			4
2025.04.29	00:26:19.713		0.85062			4
2025.04.29	00:26:39.830		0.84995			4
2025.04.29	00:26:45.324		0.85062			4
2025.04.29	00:27:00.568	0.84945				2
2025.04.29	00:27:05.936		0.85010			4
2025.04.29	00:27:11.135		0.85062			4
2025.04.29	00:27:37.144		0.85010			4
2025.04.29	00:27:42.800		0.85062			4
2025.04.29	00:27:52.519	0.84944				2
2025.04.29	00:27:53.193	0.84945				2
2025.04.29	00:27:53.980	0.84944				2
2025.04.29	00:28:01.192	0.84944				2
2025.04.29	00:28:04.120	0.84945				2
2025.04.29	00:28:08.306		0.85010			4
2025.04.29	00:28:14.769		0.85062			4
2025.04.29	00:28:20.639	0.84947				2
2025.04.29	00:28:21.140	0.84945				2
2025.04.29	00:28:23.681	0.84944				2
2025.04.29	00:28:25.869	0.84945				2
2025.04.29	00:28:35.452		0.85010			4
2025.04.29	00:28:41.703		0.85062			4
2025.04.29	00:28:42.879	0.84944				2
2025.04.29	00:28:49.438	0.84942				2
2025.04.29	00:28:49.956		0.85052			4
2025.04.29	00:28:52.286	0.84943	0.85062			6
2025.04.29	00:28:54.283	0.84942				2
2025.04.29	00:29:00.881	0.84942				2
2025.04.29	00:29:07.058		0.85010			4
2025.04.29	00:29:07.992	0.84949				2
2025.04.29	00:29:11.983		0.85063			4
2025.04.29	00:29:25.527	0.84950				2
2025.04.29	00:29:27.245	0.84949				2
2025.04.29	00:29:35.134	0.84951				2
2025.04.29	00:29:37.264	0.84953	0.85062			6
2025.04.29	00:29:37.571	0.84954				2
2025.04.29	00:29:38.730	0.84946				2
2025.04.29	00:29:39.078	0.84945				2
2025.04.29	00:29:39.961		0.85011			4
2025.04.29	00:29:40.922	0.84944				2
2025.04.29	00:29:42.280	0.84943				2
2025.04.29	00:29:45.282		0.85062			4
2025.04.29	00:29:59.084	0.84942				2
2025.04.29	00:30:00.373	0.84943				2
2025.04.29	00:30:07.882		0.85011			4
2025.04.29	00:30:14.580		0.85062			4
2025.04.29	00:30:15.436	0.84945				2
2025.04.29	00:30:24.221	0.84946				2
2025.04.29	00:30:38.083		0.85046			4
2025.04.29	00:30:39.170		0.85011			4
2025.04.29	00:30:45.145		0.85046			4
2025.04.29	00:31:00.380	0.84945				2
2025.04.29	00:31:06.182		0.85011			4
2025.04.29	00:31:13.169		0.85046			4
2025.04.29	00:31:36.039		0.85008			4
2025.04.29	00:31:41.610		0.85046			4
2025.04.29	00:32:05.341	0.84945	0.85008			6
2025.04.29	00:32:10.180	0.84946				2
2025.04.29	00:32:11.506		0.85046			4
2025.04.29	00:32:30.570	0.84945				2
2025.04.29	00:32:31.158	0.84944	0.85047			6
2025.04.29	00:32:33.579	0.84943	0.85048			6
2025.04.29	00:32:35.042	0.84944	0.85008			6
2025.04.29	00:32:39.765		0.85045			4
2025.04.29	00:32:40.726	0.84945	0.85044			6
2025.04.29	00:32:41.681	0.84944	0.85045			6
2025.04.29	00:32:43.060	0.84945	0.85044			6
2025.04.29	00:32:44.253	0.84944	0.85045			6
2025.04.29	00:32:48.054		0.85044			4
2025.04.29	00:32:50.680		0.85045			4
2025.04.29	00:33:00.568	0.84944				2
2025.04.29	00:33:05.372		0.85008			4
2025.04.29	00:33:12.239		0.85045			4
2025.04.29	00:33:17.983		0.85044			4
2025.04.29	00:33:20.380		0.85045			4
2025.04.29	00:33:24.421	0.84945	0.85044			6
2025.04.29	00:33:28.303	0.84944	0.85045			6
2025.04.29	00:33:35.303		0.85008			4
2025.04.29	00:33:35.680	0.84945				2
2025.04.29	00:33:40.542		0.85044			4
2025.04.29	00:33:51.582	0.84944	0.85045			6
2025.04.29	00:33:56.699		0.85044			4
2025.04.29	00:34:00.882	0.84944				2
2025.04.29	00:34:02.651		0.85008			4
2025.04.29	00:34:08.817	0.84945				2
2025.04.29	00:34:09.126		0.85044			4
2025.04.29	00:34:11.216	0.84944	0.85045			6
2025.04.29	00:34:14.524	0.84945	0.85044			6
2025.04.29	00:34:16.318	0.84944	0.85045			6
2025.04.29	00:34:20.760		0.85044			4
2025.04.29	00:34:24.947	0.84945				2
2025.04.29	00:34:30.229	0.84944	0.85045			6
2025.04.29	00:34:30.560		0.85008			4
2025.04.29	00:34:35.884		0.85045			4
2025.04.29	00:34:39.281	0.84945	0.85044			6
2025.04.29	00:34:41.381	0.84944	0.85045			6
2025.04.29	00:34:43.989	0.84945	0.85044			6
2025.04.29	00:34:46.919	0.84944	0.85045			6
2025.04.29	00:34:49.919		0.85044			4
2025.04.29	00:34:54.581	0.84945				2
2025.04.29	00:34:58.132	0.84944	0.85045			6
2025.04.29	00:34:59.683	0.84945	0.85044			6
2025.04.29	00:35:00.343	0.84945	0.85008			6
2025.04.29	00:35:02.438	0.84944				2
2025.04.29	00:35:05.463	0.84943				2
2025.04.29	00:35:06.177		0.85046			4
2025.04.29	00:35:07.179	0.84942	0.85047			6
2025.04.29	00:35:07.480	0.84943				2
2025.04.29	00:35:07.803	0.84942				2
2025.04.29	00:35:08.150	0.84943	0.85046			6
2025.04.29	00:35:08.460	0.84942	0.85047			6
2025.04.29	00:35:11.780	0.84943	0.85046			6
2025.04.29	00:35:12.792		0.85045			4
2025.04.29	00:35:13.810	0.84942	0.85047			6
2025.04.29	00:35:14.136	0.84943	0.85046			6
2025.04.29	00:35:14.481	0.84942	0.85047			6
2025.04.29	00:35:15.792	0.84943	0.85046			6
2025.04.29	00:35:16.482	0.84942	0.85047			6
2025.04.29	00:35:16.831	0.84944	0.85045			6
2025.04.29	00:35:17.143	0.84942	0.85047			6
2025.04.29	00:35:17.474	0.84944	0.85045			6
2025.04.29	00:35:19.134	0.84943	0.85046			6
2025.04.29	00:35:19.443	0.84942	0.85047			6
2025.04.29	00:35:20.485	0.84944	0.85045			6
2025.04.29	00:35:22.817	0.84942	0.85047			6
2025.04.29	00:35:23.812		0.85046			4
2025.04.29	00:35:24.143	0.84944	0.85045			6
2025.04.29	00:35:27.163		0.85006			4
2025.04.29	00:35:32.823		0.85045			4
2025.04.29	00:35:55.089		0.85006			4
2025.04.29	00:36:00.149	0.84944	0.85045			6
2025.04.29	00:36:06.291	0.84943	0.85046			6
2025.04.29	00:36:07.277	0.84944	0.85045			6
2025.04.29	00:36:12.991	0.84943	0.85031			6
2025.04.29	00:36:18.018		0.85043			4
2025.04.29	00:36:21.158		0.85006			4
2025.04.29	00:36:26.047		0.85043			4
2025.04.29	00:36:34.113	0.84944				2
2025.04.29	00:36:36.279	0.84943				2
2025.04.29	00:36:38.085	0.84944				2
2025.04.29	00:36:38.744	0.84943	0.85044			6
2025.04.29	00:36:39.794		0.85043			4
2025.04.29	00:36:47.476		0.85006			4
2025.04.29	00:36:52.563		0.85043			4
2025.04.29	00:36:56.390	0.84944				2
2025.04.29	00:37:00.575	0.84943				2
2025.04.29	00:37:15.759		0.85006			4
2025.04.29	00:37:22.179	0.84944	0.85043			6
2025.04.29	00:37:26.081	0.84943				2
2025.04.29	00:37:42.457		0.85006			4
2025.04.29	00:37:48.096		0.85043			4
2025.04.29	00:37:54.941		0.85044			4
2025.04.29	00:37:55.273	0.84944	0.85043			6
2025.04.29	00:38:00.568	0.84944				2
2025.04.29	00:38:02.058		0.85042			4
2025.04.29	00:38:07.495	0.84945				2
2025.04.29	00:38:08.605	0.84944				2
2025.04.29	00:38:10.949	0.84943	0.85043			6
2025.04.29	00:38:12.291	0.84944	0.85042			6
2025.04.29	00:38:15.574		0.85006			4
2025.04.29	00:38:17.263	0.84945				2
2025.04.29	00:38:22.001		0.85042			4
2025.04.29	00:38:34.591	0.84946	0.85040			6
2025.04.29	00:38:44.841		0.85006			4
2025.04.29	00:38:49.950		0.85040			4
2025.04.29	00:38:57.680	0.84949	0.85037			6
2025.04.29	00:39:02.988	0.84949				2
2025.04.29	00:39:08.079	0.84950	0.85036			6
2025.04.29	00:39:13.582		0.85006			4
2025.04.29	00:39:18.476		0.85036			4
2025.04.29	00:39:20.216		0.85037			4
2025.04.29	00:39:45.079		0.85006			4
2025.04.29	00:39:51.477		0.85037			4
2025.04.29	00:40:02.990	0.84950				2
2025.04.29	00:40:06.279	0.84951	0.85036			6
2025.04.29	00:40:14.574		0.85006			4
2025.04.29	00:40:20.979		0.85036			4
2025.04.29	00:40:34.553	0.84947	0.85035			6
2025.04.29	00:40:34.866	0.84945	0.85037			6
2025.04.29	00:40:48.769		0.85005			4
2025.04.29	00:40:55.482		0.85037			4
2025.04.29	00:41:00.571	0.84945				2
2025.04.29	00:41:06.092	0.84946	0.85053			6
2025.04.29	00:41:23.412		0.85005			4
2025.04.29	00:41:28.528		0.85053			4
2025.04.29	00:41:52.483		0.85005			4
2025.04.29	00:41:58.477		0.85053			4
2025.04.29	00:42:00.578	0.84946				2
2025.04.29	00:42:25.793		0.85005			4
2025.04.29	00:42:30.923		0.85053			4
2025.04.29	00:42:54.742		0.85005			4
2025.04.29	00:42:59.528		0.85053			4
2025.04.29	00:43:09.305	0.84946				2
2025.04.29	00:43:22.183		0.85005			4
2025.04.29	00:43:27.740		0.85053			4
2025.04.29	00:43:45.585	0.84947				2
2025.04.29	00:43:50.745		0.85005			4
2025.04.29	00:43:56.307		0.85053			4
2025.04.29	00:44:10.574	0.84947				2
2025.04.29	00:44:18.671		0.85005			4
2025.04.29	00:44:24.755	0.84946	0.85053			6
2025.04.29	00:44:49.189		0.85005			4
2025.04.29	00:44:55.972		0.85053			4
2025.04.29	00:45:02.135	0.84957	0.85023			6
2025.04.29	00:45:04.577	0.84946	0.85053			6
2025.04.29	00:45:08.531	0.84958	0.85041			6
2025.04.29	00:45:09.929	0.84959				2
2025.04.29	00:45:17.305		0.85044			4
2025.04.29	00:45:19.082		0.84993			4
2025.04.29	00:45:25.157		0.85044			4
2025.04.29	00:45:47.341	0.84951	0.85011			6
2025.04.29	00:45:49.869		0.84993			4
2025.04.29	00:45:54.777	0.84959				2
2025.04.29	00:45:55.644		0.85042			4
2025.04.29	00:46:04.710	0.84959	0.85046			6
2025.04.29	00:46:05.416		0.85041			4
2025.04.29	00:46:08.270		0.85045			4
2025.04.29	00:46:21.566		0.84993			4
2025.04.29	00:46:28.438		0.85045			4
2025.04.29	00:46:51.867		0.84993			4
2025.04.29	00:46:58.646		0.85045			4
2025.04.29	00:47:02.130	0.84967	0.85011			6
2025.04.29	00:47:04.557	0.84959	0.85045			6
2025.04.29	00:47:24.943		0.84993			4
2025.04.29	00:47:30.589		0.85045			4
2025.04.29	00:47:55.065	0.84943				2
2025.04.29	00:47:57.351		0.84993			4
2025.04.29	00:48:03.780	0.84943	0.85045			6
2025.04.29	00:48:08.423		0.85047			4
2025.04.29	00:48:17.481		0.85042			4
2025.04.29	00:48:18.470	0.84956	0.85036			6
2025.04.29	00:48:25.308		0.84987			4
2025.04.29	00:48:32.139		0.85036			4
2025.04.29	00:48:40.566		0.85035			4
2025.04.29	00:48:53.380	0.84957				2
2025.04.29	00:48:54.367		0.84987			4
2025.04.29	00:48:59.422		0.85035			4
2025.04.29	00:49:00.572	0.84957				2
2025.04.29	00:49:25.133		0.84987			4
2025.04.29	00:49:30.280		0.85035			4
2025.04.29	00:49:41.303		0.85034			4
2025.04.29	00:49:57.918		0.84987			4
2025.04.29	00:50:03.649	0.84957	0.85034			6
2025.04.29	00:50:05.607	0.84955	0.85028			6
2025.04.29	00:50:13.783	0.84956				2
2025.04.29	00:50:29.998		0.84987			4
2025.04.29	00:50:35.372		0.85028			4
2025.04.29	00:51:00.683	0.84956				2
2025.04.29	00:51:02.636		0.84987			4
2025.04.29	00:51:08.069		0.85028			4
2025.04.29	00:51:33.279	0.84957				2
2025.04.29	00:51:34.461		0.84987			4
2025.04.29	00:51:40.405		0.85028			4
2025.04.29	00:51:54.305		0.85034			4
2025.04.29	00:51:57.735		0.85030			4
2025.04.29	00:52:00.582	0.84957				2
2025.04.29	00:52:02.121		0.84987			4
2025.04.29	00:52:08.002		0.85030			4
2025.04.29	00:52:08.382	0.84956				2
2025.04.29	00:52:31.614		0.84987			4
2025.04.29	00:52:37.696		0.85030			4
2025.04.29	00:52:52.183	0.84955				2
2025.04.29	00:52:52.736		0.85031			4
2025.04.29	00:52:54.366	0.84957				2
2025.04.29	00:52:56.302		0.85032			4
2025.04.29	00:53:00.210	0.84957	0.84988			6
2025.04.29	00:53:00.983	0.84958	0.84991			6
2025.04.29	00:53:05.276	0.84960				2
2025.04.29	00:53:05.578		0.85033			4
2025.04.29	00:53:10.036	0.84961				2
2025.04.29	00:53:10.569		0.85032			4
2025.04.29	00:53:11.714	0.84964	0.85038			6
2025.04.29	00:53:27.117		0.84997			4
2025.04.29	00:53:31.118	0.84981	0.85010			6
2025.04.29	00:53:33.982	0.84976	0.85072			6
2025.04.29	00:53:56.932	0.84956	0.85042			6
2025.04.29	00:53:57.276	0.84963				2
2025.04.29	00:53:59.827		0.85009			4
2025.04.29	00:54:00.471	0.84963				2
2025.04.29	00:54:01.012		0.85019			4
2025.04.29	00:54:05.278		0.85042			4
2025.04.29	00:54:25.762		0.85019			4
2025.04.29	00:54:32.107		0.85042			4
2025.04.29	00:54:42.115	0.84954				2
2025.04.29	00:54:43.187	0.84965				2
2025.04.29	00:54:44.085		0.85046			4
2025.04.29	00:54:58.590		0.85019			4
2025.04.29	00:55:04.317	0.84965	0.85046			6
2025.04.29	00:55:22.584	0.84963				2
2025.04.29	00:55:25.103		0.85019			4
2025.04.29	00:55:30.741		0.85046			4
2025.04.29	00:55:35.633	0.84961	0.85034			6
2025.04.29	00:55:36.843		0.85031			4
2025.04.29	00:55:49.184		0.85030			4
2025.04.29	00:55:51.882	0.84962				2
2025.04.29	00:55:58.227		0.85004			4
2025.04.29	00:56:00.384	0.84961				2
2025.04.29	00:56:09.241	0.84962				2
2025.04.29	00:56:10.774	0.84959	0.84999			6
2025.04.29	00:56:14.468	0.84960				2
2025.04.29	00:56:15.880	0.84961				2
2025.04.29	00:56:23.084	0.84962				2
2025.04.29	00:56:24.433	0.84953	0.84990			6
2025.04.29	00:56:26.566	0.84952				2
2025.04.29	00:56:28.479	0.84953				2
2025.04.29	00:56:47.979	0.84954				2
2025.04.29	00:57:00.570	0.84954				2
2025.04.29	00:57:07.015		0.84987			4
2025.04.29	00:57:08.681	0.84955				2
2025.04.29	00:57:16.066	0.84956				2
2025.04.29	00:57:35.982	0.84957				2
2025.04.29	00:57:50.027	0.84950				2
2025.04.29	00:57:51.283	0.84951				2
2025.04.29	00:58:00.282	0.84951				2
2025.04.29	00:58:09.581		0.84987			4
2025.04.29	00:58:14.984	0.84952				2
2025.04.29	00:58:32.518	0.84954				2
2025.04.29	00:59:02.129	0.84954				2
2025.04.29	00:59:07.017		0.84996			4
2025.04.29	00:59:24.584	0.84955				2
2025.04.29	00:59:41.032		0.84995			4
2025.04.29	00:59:44.014	0.84962	0.85006			6
2025.04.29	00:59:45.353	0.84963				2
2025.04.29	00:59:46.066	0.84970	0.84998			6
2025.04.29	00:59:58.533	0.84973	0.85018			6
2025.04.29	01:00:00.228	0.84971				2
2025.04.29	01:00:01.229	0.84969				2
2025.04.29	01:00:01.557	0.84967				2
2025.04.29	01:00:02.408	0.84975	0.85013			6
2025.04.29	01:00:03.333	0.84970	0.85008			6
2025.04.29	01:00:03.939	0.84972				2
2025.04.29	01:00:04.242	0.84987	0.84993			6
2025.04.29	01:00:04.849	0.84972	0.85018			6
2025.04.29	01:00:05.268	0.84965	0.85010			6
2025.04.29	01:00:05.576	0.84963				2
2025.04.29	01:00:06.714	0.84960				2
2025.04.29	01:00:07.312	0.84964				2
2025.04.29	01:00:09.102	0.84963				2
2025.04.29	01:00:09.577	0.84969				2
2025.04.29	01:00:13.987	0.84964	0.84985			6
2025.04.29	01:00:16.217	0.84966				2
2025.04.29	01:00:18.584	0.84965				2
2025.04.29	01:00:21.234	0.84962	0.84986			6
2025.04.29	01:00:22.889	0.84961	0.84984			6
2025.04.29	01:00:23.381		0.84983			4
2025.04.29	01:00:24.833	0.84960	0.84984			6
2025.04.29	01:00:26.616		0.84985			4
2025.04.29	01:00:27.285	0.84961				2
2025.04.29	01:00:27.634	0.84964	0.84984			6
2025.04.29	01:00:28.125		0.84983			4
2025.04.29	01:00:29.447	0.84966	0.84982			6
2025.04.29	01:00:31.658	0.84964	0.84980			6
2025.04.29	01:00:36.751	0.84963	0.84978			6
2025.04.29	01:00:39.946	0.84961	0.84983			6
2025.04.29	01:00:45.664	0.84964	0.84984			6
2025.04.29	01:00:46.872	0.84966	0.84982			6
2025.04.29	01:00:47.427	0.84965				2
2025.04.29	01:00:49.713	0.84967				2
2025.04.29	01:00:55.557	0.84964	0.84980			6
2025.04.29	01:00:58.831	0.84961	0.84979			6
2025.04.29	01:00:59.151	0.84963	0.84980			6
2025.04.29	01:01:00.314	0.84962	0.84978			6
2025.04.29	01:01:00.621	0.84965	0.84979			6
2025.04.29	01:01:02.080	0.84964				2
2025.04.29	01:01:02.507	0.84965				2
2025.04.29	01:01:03.422	0.84964				2
2025.04.29	01:01:04.412	0.84965				2
2025.04.29	01:01:05.286	0.84969	0.84983			6
2025.04.29	01:01:05.590	0.84968	0.84981			6
2025.04.29	01:01:06.226	0.84969	0.84980			6
2025.04.29	01:01:09.227		0.84981			4
2025.04.29	01:01:10.209	0.84970				2
2025.04.29	01:01:12.280	0.84969				2
2025.04.29	01:01:13.503	0.84968	0.84979			6
2025.04.29	01:01:14.382	0.84971	0.84981			6
2025.04.29	01:01:21.026	0.84970				2
2025.04.29	01:01:26.912	0.84965	0.84976			6
2025.04.29	01:01:27.242	0.84962				2
2025.04.29	01:01:27.754	0.84961				2
2025.04.29	01:01:31.040	0.84958	0.84972			6
2025.04.29	01:01:32.305	0.84955	0.84967			6
2025.04.29	01:01:43.922	0.84958	0.84969			6
2025.04.29	01:01:50.683	0.84957	0.84968			6
2025.04.29	01:01:50.993		0.84967			4
2025.04.29	01:02:01.399	0.84957				2
2025.04.29	01:02:02.936	0.84955				2
2025.04.29	01:02:32.272		0.84966			4
2025.04.29	01:02:35.156		0.84967			4
2025.04.29	01:03:00.452	0.84955				2
2025.04.29	01:03:16.283	0.84954				2
2025.04.29	01:03:30.041	0.84955	0.84964			6
2025.04.29	01:03:40.380		0.84965			4
2025.04.29	01:03:43.536	0.84956	0.84966			6
2025.04.29	01:03:47.802	0.84958	0.84971			6
2025.04.29	01:03:54.001	0.84957				2
2025.04.29	01:03:55.460	0.84956				2
2025.04.29	01:03:56.134	0.84958				2
2025.04.29	01:04:01.596	0.84958				2
2025.04.29	01:04:13.669		0.84970			4
2025.04.29	01:04:31.351	0.84957				2
2025.04.29	01:04:37.177	0.84956				2
2025.04.29	01:04:41.670		0.84969			4
2025.04.29	01:04:59.112	0.84957				2
2025.04.29	01:05:00.398	0.84957				2
2025.04.29	01:05:01.082	0.84961				2
2025.04.29	01:05:01.622	0.84956				2
2025.04.29	01:05:03.404	0.84957	0.84970			6
2025.04.29	01:05:03.852	0.84958	0.84971			6
2025.04.29	01:05:04.189	0.84962	0.84970			6
2025.04.29	01:05:04.648		0.84971			4
2025.04.29	01:05:05.238		0.84969			4
2025.04.29	01:05:05.543	0.84961				2
2025.04.29	01:05:06.189	0.84962	0.84968			6
2025.04.29	01:05:08.852		0.84969			4
2025.04.29	01:05:11.080		0.84967			4
2025.04.29	01:05:11.381	0.84961				2
2025.04.29	01:05:11.701		0.84966			4
2025.04.29	01:05:15.282	0.84963	0.84969			6
2025.04.29	01:05:16.308	0.84961	0.84967			6
2025.04.29	01:05:21.575		0.84968			4
2025.04.29	01:05:23.381		0.84969			4
2025.04.29	01:05:24.882		0.84968			4
2025.04.29	01:05:28.345	0.84962	0.84970			6
2025.04.29	01:05:37.038	0.84967	0.84974			6
2025.04.29	01:05:37.588		0.84975			4
2025.04.29	01:05:42.836	0.84968				2
2025.04.29	01:05:50.581	0.84966	0.84974			6
2025.04.29	01:05:52.210	0.84970	0.84977			6
2025.04.29	01:05:58.421	0.84960	0.84974			6
2025.04.29	01:05:58.780		0.84971			4
2025.04.29	01:05:59.092		0.84970			4
2025.04.29	01:06:02.449	0.84960				2
2025.04.29	01:06:10.358	0.84959				2
2025.04.29	01:06:11.687	0.84960				2
2025.04.29	01:06:12.506	0.84959	0.84971			6
2025.04.29	01:06:12.884		0.84970			4
2025.04.29	01:06:17.081	0.84960				2
2025.04.29	01:06:17.442	0.84958	0.84971			6
2025.04.29	01:06:21.248	0.84957				2
2025.04.29	01:06:23.080		0.84970			4
2025.04.29	01:06:23.980		0.84971			4
2025.04.29	01:06:28.785		0.84970			4
2025.04.29	01:06:30.582	0.84956	0.84971			6
2025.04.29	01:06:31.122	0.84957	0.84970			6
2025.04.29	01:06:32.883	0.84956				2
2025.04.29	01:06:48.777		0.84969			4
2025.04.29	01:06:49.520	0.84957	0.84970			6
2025.04.29	01:06:50.967	0.84958	0.84972			6
2025.04.29	01:06:59.064	0.84960	0.84971			6
2025.04.29	01:07:00.434	0.84957	0.84970			6
2025.04.29	01:07:00.883	0.84958				2
2025.04.29	01:07:11.784		0.84969			4
2025.04.29	01:07:12.580		0.84970			4
2025.04.29	01:07:17.250	0.84956				2
2025.04.29	01:07:17.986	0.84957	0.84969			6
2025.04.29	01:07:22.821	0.84956	0.84970			6
2025.04.29	01:07:27.780	0.84955	0.84971			6
2025.04.29	01:07:28.784	0.84956	0.84970			6
2025.04.29	01:07:35.031	0.84955	0.84971			6
2025.04.29	01:07:38.385	0.84956	0.84970			6
2025.04.29	01:07:56.407	0.84960	0.84972			6
2025.04.29	01:07:58.113	0.84959	0.84973			6
2025.04.29	01:07:59.983		0.84974			4
2025.04.29	01:08:00.414	0.84958	0.84972			6
2025.04.29	01:08:00.932	0.84960				2
2025.04.29	01:08:02.446	0.84959				2
2025.04.29	01:08:11.238		0.84974			4
2025.04.29	01:08:12.734	0.84960				2
2025.04.29	01:08:19.600	0.84964	0.84976			6
2025.04.29	01:08:22.183		0.84977			4
2025.04.29	01:08:31.480	0.84966	0.84975			6
2025.04.29	01:08:32.583	0.84965	0.84976			6
2025.04.29	01:08:34.065	0.84963	0.84978			6
2025.04.29	01:08:34.638	0.84962				2
2025.04.29	01:08:36.364	0.84959	0.84976			6
2025.04.29	01:08:36.879		0.84975			4
2025.04.29	01:08:41.426	0.84958				2
2025.04.29	01:08:41.981	0.84959				2
2025.04.29	01:08:43.740	0.84958	0.84973			6
2025.04.29	01:08:45.281	0.84959				2
2025.04.29	01:08:46.389	0.84958	0.84971			6
2025.04.29	01:08:52.181	0.84956				2
2025.04.29	01:08:52.551	0.84957				2
2025.04.29	01:09:00.423	0.84957				2
2025.04.29	01:09:06.352	0.84959	0.84970			6
2025.04.29	01:09:07.483		0.84971			4
2025.04.29	01:09:16.397	0.84957				2
2025.04.29	01:09:18.964	0.84956				2
2025.04.29	01:09:25.984	0.84957				2
2025.04.29	01:09:28.182	0.84956				2
2025.04.29	01:09:32.079		0.84970			4
2025.04.29	01:09:32.384	0.84958				2
2025.04.29	01:09:40.221		0.84969			4
2025.04.29	01:10:00.569	0.84958				2
2025.04.29	01:10:26.082	0.84960				2
2025.04.29	01:10:29.797	0.84958				2
2025.04.29	01:10:41.380		0.84969			4
2025.04.29	01:10:55.968		0.84968			4
2025.04.29	01:11:00.628	0.84958				2
2025.04.29	01:11:01.531	0.84959				2
2025.04.29	01:11:04.480		0.84969			4
2025.04.29	01:11:06.280		0.84968			4
2025.04.29	01:11:12.194		0.84969			4
2025.04.29	01:11:14.374		0.84968			4
2025.04.29	01:11:22.293	0.84961	0.84974			6
2025.04.29	01:11:46.903	0.84960				2
2025.04.29	01:12:06.285	0.84957	0.84970			6
2025.04.29	01:12:06.853		0.84971			4
2025.04.29	01:12:11.863	0.84958	0.84969			6
2025.04.29	01:12:12.184	0.84957	0.84970			6
2025.04.29	01:12:31.244	0.84961	0.84974			6
2025.04.29	01:12:40.198	0.84960	0.84971			6
2025.04.29	01:12:42.204	0.84961	0.84973			6
2025.04.29	01:12:42.580	0.84962	0.84974			6
2025.04.29	01:12:45.757	0.84960	0.84970			6
2025.04.29	01:12:50.681	0.84959				2
2025.04.29	01:12:53.343	0.84961	0.84973			6
2025.04.29	01:12:57.434	0.84957	0.84969			6
2025.04.29	01:13:00.415	0.84957				2
2025.04.29	01:13:00.859	0.84956				2
2025.04.29	01:13:07.796		0.84968			4
2025.04.29	01:13:12.819	0.84957				2
2025.04.29	01:13:15.582		0.84969			4
2025.04.29	01:13:17.813	0.84955	0.84967			6
2025.04.29	01:13:23.019		0.84966			4
2025.04.29	01:13:30.484	0.84957	0.84967			6
2025.04.29	01:13:43.840		0.84966			4
2025.04.29	01:13:55.621		0.84967			4
2025.04.29	01:13:58.183	0.84954	0.84964			6
2025.04.29	01:14:00.087	0.84954				2
2025.04.29	01:14:00.414		0.84963			4
2025.04.29	01:14:02.236	0.84953				2
2025.04.29	01:14:06.481	0.84954	0.84965			6
2025.04.29	01:14:08.686		0.84964			4
2025.04.29	01:14:10.182	0.84953				2
2025.04.29	01:14:11.537		0.84965			4
2025.04.29	01:14:14.080	0.84954				2
2025.04.29	01:14:18.059	0.84953	0.84964			6
2025.04.29	01:14:19.037		0.84963			4
2025.04.29	01:14:19.854		0.84966			4
2025.04.29	01:14:26.038	0.84947	0.84960			6
2025.04.29	01:14:26.598		0.84961			4
2025.04.29	01:14:27.370	0.84946				2
2025.04.29	01:14:28.477		0.84960			4
2025.04.29	01:14:33.763	0.84947				2
2025.04.29	01:14:39.278	0.84948				2
2025.04.29	01:14:41.083	0.84947				2
2025.04.29	01:14:43.181	0.84948				2
2025.04.29	01:14:45.279		0.84961			4
2025.04.29	01:14:47.388		0.84960			4
2025.04.29	01:14:49.081	0.84947				2
2025.04.29	01:14:58.779		0.84959			4
2025.04.29	01:15:00.378	0.84948				2
2025.04.29	01:15:01.488	0.84947	0.84960			6
2025.04.29	01:15:07.312		0.84959			4
2025.04.29	01:15:08.220		0.84960			4
2025.04.29	01:15:09.526	0.84949				2
2025.04.29	01:15:10.332	0.84950				2
2025.04.29	01:15:10.730	0.84949				2
2025.04.29	01:15:11.679	0.84948				2
2025.04.29	01:15:13.432	0.84949				2
2025.04.29	01:15:18.910	0.84948				2
2025.04.29	01:15:19.258	0.84949				2
2025.04.29	01:15:19.678	0.84948				2
2025.04.29	01:15:21.958		0.84959			4
2025.04.29	01:15:23.126		0.84960			4
2025.04.29	01:15:25.071		0.84959			4
2025.04.29	01:15:26.239		0.84960			4
2025.04.29	01:15:28.181		0.84959			4
2025.04.29	01:15:29.707		0.84960			4
2025.04.29	01:15:32.330		0.84959			4
2025.04.29	01:15:33.343	0.84949	0.84960			6
2025.04.29	01:15:34.121	0.84948				2
2025.04.29	01:15:37.465		0.84959			4
2025.04.29	01:15:38.144		0.84960			4
2025.04.29	01:15:39.055		0.84959			4
2025.04.29	01:15:42.227	0.84949	0.84960			6
2025.04.29	01:15:42.663	0.84951				2
2025.04.29	01:15:44.430	0.84948	0.84961			6
2025.04.29	01:15:45.465		0.84959			4
2025.04.29	01:15:47.126	0.84949				2
2025.04.29	01:15:53.689	0.84948				2
2025.04.29	01:15:55.754		0.84960			4
2025.04.29	01:15:57.056	0.84947				2
2025.04.29	01:15:57.881		0.84959			4
2025.04.29	01:16:00.686	0.84947	0.84958			6
2025.04.29	01:16:02.384		0.84959			4
2025.04.29	01:16:04.505	0.84946				2
2025.04.29	01:16:06.580	0.84947				2
2025.04.29	01:16:08.384		0.84958			4
2025.04.29	01:16:18.459	0.84948	0.84959			6
2025.04.29	01:16:20.839	0.84949	0.84960			6
2025.04.29	01:16:23.792		0.84959			4
2025.04.29	01:16:29.859		0.84960			4
2025.04.29	01:16:32.081	0.84950				2
2025.04.29	01:16:34.732	0.84951	0.84961			6
2025.04.29	01:16:35.268		0.84960			4
2025.04.29	01:16:35.803		0.84961			4
2025.04.29	01:16:37.077	0.84947	0.84958			6
2025.04.29	01:16:37.527	0.84946	0.84959			6
2025.04.29	01:16:43.297		0.84958			4
2025.04.29	01:16:43.860		0.84959			4
2025.04.29	01:16:53.022		0.84958			4
2025.04.29	01:16:56.082	0.84947				2
2025.04.29	01:17:00.439	0.84947	0.84956			6
2025.04.29	01:17:10.840	0.84946	0.84957			6
2025.04.29	01:17:19.384	0.84947	0.84956			6
2025.04.29	01:17:24.426		0.84958			4
2025.04.29	01:17:24.777	0.84950	0.84959			6
2025.04.29	01:17:26.980		0.84960			4
2025.04.29	01:17:41.849	0.84952				2
2025.04.29	01:17:42.162		0.84961			4
2025.04.29	01:17:43.033	0.84955	0.84965			6
2025.04.29	01:17:45.429	0.84952	0.84961			6
2025.04.29	01:17:47.640	0.84953	0.84962			6
2025.04.29	01:17:48.185	0.84951	0.84960			6
2025.04.29	01:17:48.737	0.84952	0.84961			6
2025.04.29	01:17:49.759	0.84955	0.84964			6
2025.04.29	01:17:50.383	0.84954				2
2025.04.29	01:17:55.079	0.84955				2
2025.04.29	01:17:55.784	0.84954				2
2025.04.29	01:17:57.518	0.84952	0.84963			6
2025.04.29	01:17:57.882		0.84961			4
2025.04.29	01:18:00.225	0.84952				2
2025.04.29	01:18:13.539	0.84947	0.84959			6
2025.04.29	01:18:15.399	0.84951	0.84960			6
2025.04.29	01:18:15.720	0.84950				2
2025.04.29	01:18:20.018		0.84959			4
2025.04.29	01:18:21.311	0.84948				2
2025.04.29	01:18:23.555	0.84949				2
2025.04.29	01:18:31.466	0.84948	0.84960			6
2025.04.29	01:18:33.880	0.84949	0.84959			6
2025.04.29	01:18:37.803	0.84946	0.84957			6
2025.04.29	01:18:38.114	0.84947				2
2025.04.29	01:18:38.624		0.84958			4
2025.04.29	01:18:39.029	0.84946				2
2025.04.29	01:18:55.779	0.84947				2
2025.04.29	01:19:04.480	0.84947				2
2025.04.29	01:19:05.186	0.84946	0.84959			6
2025.04.29	01:19:05.739	0.84945	0.84954			6
2025.04.29	01:19:06.042	0.84944	0.84953			6
2025.04.29	01:19:06.344	0.84945	0.84954			6
2025.04.29	01:19:08.681	0.84946	0.84955			6
2025.04.29	01:19:11.082	0.84944	0.84954			6
2025.04.29	01:19:14.639	0.84943	0.84952			6
2025.04.29	01:19:31.385	0.84944	0.84954			6
2025.04.29	01:19:33.567	0.84946	0.84955			6
2025.04.29	01:19:34.414	0.84949	0.84957			6
2025.04.29	01:19:37.184	0.84948				2
2025.04.29	01:19:39.128	0.84946	0.84956			6
2025.04.29	01:19:39.770	0.84945	0.84954			6
2025.04.29	01:19:42.169		0.84956			4
2025.04.29	01:19:47.122	0.84938	0.84949			6
2025.04.29	01:19:47.478	0.84939				2
2025.04.29	01:19:53.442	0.84940	0.84948			6
2025.04.29	01:20:00.496	0.84940				2
2025.04.29	01:20:03.254	0.84938				2
2025.04.29	01:20:04.556		0.84947			4
2025.04.29	01:20:05.041		0.84949			4
2025.04.29	01:20:05.679		0.84948			4
2025.04.29	01:20:06.385	0.84937				2
2025.04.29	01:20:10.444	0.84938				2
2025.04.29	01:20:13.769	0.84940				2
2025.04.29	01:20:14.110		0.84950			4
2025.04.29	01:20:27.330		0.84949			4
2025.04.29	01:20:27.803		0.84950			4
2025.04.29	01:20:30.441	0.84941				2
2025.04.29	01:20:32.439	0.84940				2
2025.04.29	01:20:36.622	0.84941				2
2025.04.29	01:20:37.863		0.84951			4
2025.04.29	01:20:40.367		0.84952			4
2025.04.29	01:20:46.577	0.84939	0.84950			6
2025.04.29	01:20:46.882	0.84940				2
2025.04.29	01:20:51.941	0.84942	0.84951			6
2025.04.29	01:21:00.660	0.84942				2
2025.04.29	01:21:16.905	0.84939	0.84949			6
2025.04.29	01:21:17.211		0.84950			4
2025.04.29	01:21:17.512		0.84949			4
2025.04.29	01:21:19.923	0.84938	0.84946			6
2025.04.29	01:21:37.526	0.84940	0.84950			6
2025.04.29	01:21:37.930	0.84941	0.84949			6
2025.04.29	01:21:40.883	0.84940	0.84950			6
2025.04.29	01:21:44.080		0.84949			4
2025.04.29	01:21:45.493	0.84943	0.84954			6
2025.04.29	01:21:45.808		0.84952			4
2025.04.29	01:21:53.797	0.84945	0.84953			6
2025.04.29	01:21:55.668	0.84944	0.84954			6
2025.04.29	01:21:55.980	0.84946				2
2025.04.29	01:22:03.373	0.84946				2
2025.04.29	01:22:11.489		0.84955			4
2025.04.29	01:22:13.104	0.84944				2
2025.04.29	01:22:13.484		0.84954			4
2025.04.29	01:22:16.313	0.84939	0.84949			6
2025.04.29	01:22:17.283	0.84943	0.84953			6
2025.04.29	01:22:18.441	0.84942	0.84951			6
2025.04.29	01:22:26.935		0.84952			4
2025.04.29	01:22:29.875		0.84950			4
2025.04.29	01:22:32.919		0.84951			4
2025.04.29	01:22:35.873		0.84952			4
2025.04.29	01:22:37.183		0.84951			4
2025.04.29	01:22:46.345		0.84952			4
2025.04.29	01:22:47.372		0.84951			4
2025.04.29	01:22:51.955	0.84939				2
2025.04.29	01:22:56.173	0.84940				2
2025.04.29	01:23:00.279	0.84940				2
2025.04.29	01:23:05.979		0.84950			4
2025.04.29	01:23:09.054		0.84951			4
2025.04.29	01:23:09.709	0.84939	0.84950			6
2025.04.29	01:23:12.232	0.84942	0.84951			6
2025.04.29	01:23:13.372		0.84952			4
2025.04.29	01:23:14.004		0.84951			4
2025.04.29	01:23:18.194		0.84952			4
2025.04.29	01:23:26.673		0.84951			4
2025.04.29	01:23:32.756	0.84943	0.84953			6
2025.04.29	01:23:33.078		0.84952			4
2025.04.29	01:23:36.132	0.84944	0.84951			6
2025.04.29	01:23:39.556	0.84945	0.84948			6
2025.04.29	01:23:39.872	0.84944				2
2025.04.29	01:23:45.506		0.84947			4
2025.04.29	01:23:51.012		0.84948			4
2025.04.29	01:23:59.383	0.84945	0.84949			6
2025.04.29	01:24:01.531	0.84945	0.84948			6
2025.04.29	01:24:09.780	0.84944				2
2025.04.29	01:24:14.752	0.84942	0.84946			6
2025.04.29	01:24:18.441	0.84943	0.84947			6
2025.04.29	01:24:19.073	0.84944				2
2025.04.29	01:24:21.200	0.84943				2
2025.04.29	01:24:23.491	0.84945	0.84948			6
2025.04.29	01:24:23.860	0.84944				2
2025.04.29	01:24:26.136		0.84947			4
2025.04.29	01:24:28.784	0.84943				2
2025.04.29	01:24:30.856	0.84944				2
2025.04.29	01:24:34.580	0.84943				2
2025.04.29	01:24:34.964	0.84944				2
2025.04.29	01:24:39.261	0.84943				2
2025.04.29	01:24:41.614	0.84944	0.84948			6
2025.04.29	01:25:01.163	0.84944				2
2025.04.29	01:25:04.762	0.84945				2
2025.04.29	01:25:07.189		0.84949			4
2025.04.29	01:25:07.530		0.84948			4
2025.04.29	01:25:14.082	0.84944	0.84951			6
2025.04.29	01:25:16.052		0.84950			4
2025.04.29	01:25:16.378	0.84946	0.84949			6
2025.04.29	01:25:17.715	0.84944	0.84952			6
2025.04.29	01:25:18.479	0.84948				2
2025.04.29	01:25:18.818	0.84944	0.84949			6
2025.04.29	01:25:19.189	0.84943	0.84950			6
2025.04.29	01:25:19.707	0.84944	0.84949			6
2025.04.29	01:25:21.500	0.84943	0.84946			6
2025.04.29	01:25:21.801		0.84949			4
2025.04.29	01:25:23.429	0.84945				2
2025.04.29	01:25:23.735		0.84948			4
2025.04.29	01:25:37.797	0.84941	0.84950			6
2025.04.29	01:25:40.682		0.84951			4
2025.04.29	01:25:46.069	0.84942	0.84947			6
2025.04.29	01:25:46.827	0.84943	0.84948			6
2025.04.29	01:25:47.565	0.84942	0.84947			6
2025.04.29	01:25:47.873	0.84943	0.84948			6
2025.04.29	01:25:50.070	0.84942				2
2025.04.29	01:25:51.282	0.84941	0.84950			6
2025.04.29	01:25:51.626		0.84949			4
2025.04.29	01:25:52.316	0.84940	0.84950			6
2025.04.29	01:25:52.658	0.84942	0.84947			6
2025.04.29	01:25:56.197		0.84946			4
2025.04.29	01:26:00.276	0.84943	0.84947			6
2025.04.29	01:26:00.964	0.84942				2
2025.04.29	01:26:02.788	0.84938				2
2025.04.29	01:26:05.986	0.84940	0.84945			6
2025.04.29	01:26:11.523		0.84944			4
2025.04.29	01:26:16.321	0.84939	0.84943			6
2025.04.29	01:26:37.925	0.84941	0.84946			6
2025.04.29	01:26:43.107	0.84942				2
2025.04.29	01:26:45.357	0.84943	0.84947			6
2025.04.29	01:26:45.660	0.84944				2
2025.04.29	01:26:46.056		0.84948			4
2025.04.29	01:26:51.625	0.84945	0.84949			6
2025.04.29	01:26:52.006		0.84948			4
2025.04.29	01:26:53.511		0.84949			4
2025.04.29	01:26:53.826	0.84944	0.84951			6
2025.04.29	01:26:54.675	0.84946	0.84949			6
2025.04.29	01:26:55.087	0.84944	0.84951			6
2025.04.29	01:26:55.661	0.84946	0.84950			6
2025.04.29	01:26:57.121	0.84947				2
2025.04.29	01:27:00.279	0.84947				2
2025.04.29	01:27:04.355	0.84949	0.84954			6
2025.04.29	01:27:04.820		0.84953			4
2025.04.29	01:27:09.510	0.84952	0.84956			6
2025.04.29	01:27:09.824	0.84951	0.84955			6
2025.04.29	01:27:22.060	0.84952	0.84957			6
2025.04.29	01:27:26.649		0.84955			4
2025.04.29	01:27:26.980	0.84949	0.84957			6
2025.04.29	01:27:27.292	0.84951	0.84955			6
2025.04.29	01:27:27.658	0.84949	0.84957			6
2025.04.29	01:27:28.596	0.84951	0.84955			6
2025.04.29	01:27:30.311	0.84950	0.84957			6
2025.04.29	01:27:43.695	0.84955	0.84958			6
2025.04.29	01:27:44.008	0.84956	0.84960			6
2025.04.29	01:27:44.470	0.84955	0.84958			6
2025.04.29	01:27:44.918		0.84959			4
2025.04.29	01:27:45.490	0.84957	0.84960			6
2025.04.29	01:27:45.834		0.84961			4
2025.04.29	01:27:46.232	0.84956	0.84960			6
2025.04.29	01:27:47.145	0.84957	0.84961			6
2025.04.29	01:27:47.453	0.84955	0.84959			6
2025.04.29	01:27:49.934	0.84953	0.84957			6
2025.04.29	01:27:50.271		0.84956			4
2025.04.29	01:27:51.107	0.84947	0.84952			6
2025.04.29	01:27:51.672	0.84946				2
2025.04.29	01:27:56.273	0.84948				2
2025.04.29	01:27:56.585	0.84942				2
2025.04.29	01:27:56.904	0.84945	0.84951			6
2025.04.29	01:27:57.347	0.84946				2
2025.04.29	01:27:59.393	0.84947	0.84950			6
2025.04.29	01:28:02.383	0.84947				2
2025.04.29	01:28:06.454		0.84951			4
2025.04.29	01:28:10.151		0.84950			4
2025.04.29	01:28:30.887	0.84943	0.84946			6
2025.04.29	01:28:31.370		0.84947			4
2025.04.29	01:28:38.317		0.84946			4
2025.04.29	01:28:56.689	0.84940	0.84947			6
2025.04.29	01:28:58.737	0.84939	0.84946			6
2025.04.29	01:29:00.472	0.84938	0.84945			6
2025.04.29	01:29:03.211	0.84940	0.84944			6
2025.04.29	01:29:07.051	0.84938	0.84945			6
2025.04.29	01:29:07.481	0.84941	0.84944			6
2025.04.29	01:29:07.814	0.84938	0.84945			6
2025.04.29	01:29:08.311	0.84941	0.84944			6
2025.04.29	01:29:10.832	0.84939	0.84945			6
2025.04.29	01:29:13.451	0.84938				2
2025.04.29	01:29:14.083	0.84940				2
2025.04.29	01:29:16.438	0.84941				2
2025.04.29	01:29:19.451	0.84938				2
2025.04.29	01:29:20.157	0.84941				2
2025.04.29	01:29:29.738		0.84943			4
2025.04.29	01:29:30.052	0.84940				2
2025.04.29	01:29:30.552		0.84944			4
2025.04.29	01:29:31.471		0.84943			4
2025.04.29	01:29:32.849	0.84941	0.84944			6
2025.04.29	01:29:59.616	0.84940				2
2025.04.29	01:30:00.022	0.84941	0.84945			6
2025.04.29	01:30:01.811	0.84940	0.84944			6
2025.04.29	01:30:02.182		0.84942			4
2025.04.29	01:30:04.621	0.84941	0.84944			6
2025.04.29	01:30:07.120	0.84945	0.84948			6
2025.04.29	01:30:07.821		0.84949			4
2025.04.29	01:30:11.131		0.84948			4
2025.04.29	01:30:11.941		0.84949			4
2025.04.29	01:30:14.639	0.84940	0.84944			6
2025.04.29	01:30:23.191	0.84941	0.84945			6
2025.04.29	01:30:28.306		0.84944			4
2025.04.29	01:30:40.472		0.84945			4
2025.04.29	01:30:40.816	0.84940	0.84943			6
2025.04.29	01:30:41.120		0.84944			4
2025.04.29	01:30:45.246	0.84943	0.84946			6
2025.04.29	01:30:46.056	0.84942				2
2025.04.29	01:30:47.207	0.84941	0.84947			6
2025.04.29	01:30:47.575	0.84940	0.84944			6
2025.04.29	01:30:50.980		0.84943			4
2025.04.29	01:30:51.671	0.84941	0.84944			6
2025.04.29	01:31:00.031	0.84941				2
2025.04.29	01:31:00.721	0.84942	0.84945			6
2025.04.29	01:31:10.435		0.84946			4
2025.04.29	01:31:12.127	0.84940	0.84944			6
2025.04.29	01:31:12.432	0.84941				2
2025.04.29	01:31:14.044		0.84945			4
2025.04.29	01:31:20.770	0.84942				2
2025.04.29	01:31:22.329	0.84941	0.84944			6
2025.04.29	01:31:22.791	0.84938	0.84942			6
2025.04.29	01:31:23.096	0.84939				2
2025.04.29	01:31:23.444	0.84938				2
2025.04.29	01:31:29.974	0.84939	0.84943			6
2025.04.29	01:31:31.120	0.84940	0.84944			6
2025.04.29	01:31:33.322	0.84938	0.84942			6
2025.04.29	01:31:35.066		0.84941			4
2025.04.29	01:31:38.842		0.84942			4
2025.04.29	01:31:40.107	0.84939				2
2025.04.29	01:31:42.580	0.84938				2
2025.04.29	01:31:45.712	0.84937	0.84941			6
2025.04.29	01:31:47.970		0.84940			4
2025.04.29	01:31:50.988	0.84936				2
2025.04.29	01:31:51.307	0.84937				2
2025.04.29	01:31:52.480	0.84936	0.84939			6
2025.04.29	01:31:53.488		0.84940			4
2025.04.29	01:31:59.441		0.84939			4
2025.04.29	01:32:04.580	0.84936				2
2025.04.29	01:32:08.082		0.84940			4
2025.04.29	01:32:09.386	0.84937				2
2025.04.29	01:32:22.066		0.84941			4
2025.04.29	01:32:22.474		0.84940			4
2025.04.29	01:32:26.408	0.84936				2
2025.04.29	01:32:26.888	0.84937	0.84941			6
2025.04.29	01:32:32.975		0.84940			4
2025.04.29	01:32:36.828	0.84936				2
2025.04.29	01:32:41.972	0.84937				2
2025.04.29	01:32:43.396	0.84936				2
2025.04.29	01:33:01.568	0.84937	0.84941			6
2025.04.29	01:33:10.479		0.84940			4
2025.04.29	01:33:20.465		0.84941			4
2025.04.29	01:33:24.873		0.84939			4
2025.04.29	01:33:25.453	0.84936				2
2025.04.29	01:33:29.898	0.84935	0.84938			6
2025.04.29	01:33:33.294	0.84940	0.84943			6
2025.04.29	01:33:55.184	0.84941				2
2025.04.29	01:33:55.620	0.84942	0.84944			6
2025.04.29	01:34:00.621	0.84942	0.84945			6
2025.04.29	01:34:01.532	0.84945	0.84949			6
2025.04.29	01:34:02.377	0.84942	0.84944			6
2025.04.29	01:34:06.513		0.84945			4
2025.04.29	01:34:09.131		0.84946			4
2025.04.29	01:34:10.579		0.84945			4
2025.04.29	01:34:16.619	0.84948	0.84950			6
2025.04.29	01:34:16.945	0.84947				2
2025.04.29	01:34:21.297		0.84951			4
2025.04.29	01:34:21.599	0.84946	0.84950			6
2025.04.29	01:34:25.183	0.84947				2
2025.04.29	01:34:27.611		0.84951			4
2025.04.29	01:34:33.876	0.84946	0.84950			6
2025.04.29	01:34:40.690	0.84947				2
2025.04.29	01:34:41.141	0.84946				2
2025.04.29	01:34:44.032		0.84949			4
2025.04.29	01:34:45.731		0.84950			4
2025.04.29	01:34:47.016		0.84949			4
2025.04.29	01:34:47.446		0.84950			4
2025.04.29	01:34:48.781		0.84949			4
2025.04.29	01:34:49.779		0.84950			4
2025.04.29	01:34:50.087		0.84949			4
2025.04.29	01:34:50.546		0.84950			4
2025.04.29	01:34:50.977	0.84944	0.84948			6
2025.04.29	01:34:55.407	0.84943	0.84947			6
2025.04.29	01:34:57.986		0.84946			4
2025.04.29	01:35:00.455	0.84943				2
2025.04.29	01:35:10.440	0.84945	0.84947			6
2025.04.29	01:35:12.579	0.84944	0.84946			6
2025.04.29	01:35:16.957		0.84947			4
2025.04.29	01:35:19.878	0.84945	0.84946			6
2025.04.29	01:35:22.008	0.84943	0.84947			6
2025.04.29	01:35:30.471	0.84946	0.84949			6
2025.04.29	01:35:32.675		0.84950			4
2025.04.29	01:35:35.092	0.84947				2
2025.04.29	01:35:37.317	0.84948	0.84951			6
2025.04.29	01:35:41.774	0.84949	0.84952			6
2025.04.29	01:35:47.719	0.84955	0.84957			6
2025.04.29	01:35:48.131	0.84954	0.84958			6
2025.04.29	01:35:48.804	0.84953	0.84957			6
2025.04.29	01:35:49.398	0.84954	0.84958			6
2025.04.29	01:35:56.375	0.84955				2
2025.04.29	01:36:00.680	0.84955				2
2025.04.29	01:36:10.241		0.84957			4
2025.04.29	01:36:15.811	0.84956	0.84958			6
2025.04.29	01:36:26.264	0.84953	0.84957			6
2025.04.29	01:36:27.427		0.84956			4
2025.04.29	01:36:45.676		0.84957			4
2025.04.29	01:37:00.279	0.84953				2
2025.04.29	01:37:00.583	0.84954				2
2025.04.29	01:37:10.803	0.84953				2
2025.04.29	01:37:11.120		0.84956			4
2025.04.29	01:37:19.471	0.84952				2
2025.04.29	01:37:27.267	0.84953	0.84957			6
2025.04.29	01:37:52.372		0.84956			4
2025.04.29	01:37:53.839	0.84952				2
2025.04.29	01:38:00.389	0.84954	0.84957			6
2025.04.29	01:38:11.831		0.84956			4
2025.04.29	01:38:22.444		0.84957			4
2025.04.29	01:38:25.575	0.84958	0.84960			6
2025.04.29	01:38:25.892	0.84959				2
2025.04.29	01:38:32.976	0.84958				2
2025.04.29	01:38:33.652		0.84959			4
2025.04.29	01:38:39.931	0.84956	0.84958			6
2025.04.29	01:38:41.116	0.84957	0.84961			6
2025.04.29	01:38:43.571	0.84959				2
2025.04.29	01:38:56.623	0.84956	0.84960			6
2025.04.29	01:38:59.626	0.84958	0.84961			6
2025.04.29	01:39:00.788	0.84958				2
2025.04.29	01:39:03.468	0.84959	0.84962			6
2025.04.29	01:39:16.618	0.84961	0.84964			6
2025.04.29	01:39:20.445		0.84965			4
2025.04.29	01:39:20.761	0.84962				2
2025.04.29	01:39:21.097		0.84966			4
2025.04.29	01:39:21.567		0.84965			4
2025.04.29	01:39:24.455		0.84966			4
2025.04.29	01:39:25.384	0.84963				2
2025.04.29	01:39:25.827	0.84962				2
2025.04.29	01:39:26.406	0.84963				2
2025.04.29	01:39:26.719		0.84965			4
2025.04.29	01:39:27.309		0.84966			4
2025.04.29	01:39:27.761		0.84965			4
2025.04.29	01:39:41.950		0.84966			4
2025.04.29	01:39:43.029	0.84962				2
2025.04.29	01:39:43.568	0.84963				2
2025.04.29	01:39:43.956	0.84962				2
2025.04.29	01:39:45.858	0.84963				2
2025.04.29	01:39:56.472	0.84962				2
2025.04.29	01:39:57.402	0.84963				2
2025.04.29	01:39:57.967	0.84962				2
2025.04.29	01:39:59.448	0.84959	0.84962			6
2025.04.29	01:40:00.096	0.84958				2
2025.04.29	01:40:05.446	0.84956	0.84960			6
2025.04.29	01:40:11.988	0.84957				2
2025.04.29	01:40:12.993		0.84961			4
2025.04.29	01:40:18.445	0.84956	0.84960			6
2025.04.29	01:40:19.204	0.84958	0.84961			6
2025.04.29	01:40:20.566	0.84957				2
2025.04.29	01:40:31.777		0.84959			4
2025.04.29	01:40:33.698		0.84961			4
2025.04.29	01:40:39.426	0.84958				2
2025.04.29	01:40:42.658	0.84957				2
2025.04.29	01:40:50.934		0.84960			4
2025.04.29	01:40:51.576	0.84958	0.84961			6
2025.04.29	01:40:55.395	0.84959	0.84962			6
2025.04.29	01:41:00.450	0.84959				2
2025.04.29	01:41:12.965	0.84961	0.84963			6
2025.04.29	01:41:13.368		0.84965			4
2025.04.29	01:41:15.148		0.84964			4
2025.04.29	01:41:25.615	0.84962	0.84965			6
2025.04.29	01:41:39.078		0.84966			4
2025.04.29	01:41:46.734		0.84965			4
2025.04.29	01:42:04.181	0.84962				2
2025.04.29	01:42:13.388	0.84961				2
2025.04.29	01:42:14.836	0.84960	0.84963			6
2025.04.29	01:42:30.037	0.84959				2
2025.04.29	01:42:35.536		0.84962			4
2025.04.29	01:42:49.941	0.84960				2
2025.04.29	01:42:52.090	0.84959				2
2025.04.29	01:43:00.367	0.84959	0.84963			6
2025.04.29	01:43:01.223	0.84960				2
2025.04.29	01:43:09.253		0.84964			4
2025.04.29	01:43:10.263	0.84961				2
2025.04.29	01:43:15.367		0.84965			4
2025.04.29	01:43:20.002	0.84964	0.84967			6
2025.04.29	01:43:43.967		0.84968			4
2025.04.29	01:43:47.682		0.84967			4
2025.04.29	01:43:52.180		0.84968			4
2025.04.29	01:43:57.661		0.84967			4
2025.04.29	01:43:59.003	0.84961	0.84965			6
2025.04.29	01:44:00.844	0.84961				2
2025.04.29	01:44:10.038	0.84962	0.84966			6
2025.04.29	01:44:13.579		0.84965			4
2025.04.29	01:44:17.802		0.84966			4
2025.04.29	01:44:22.342	0.84963				2
2025.04.29	01:44:28.281		0.84967			4
2025.04.29	01:44:29.111	0.84964	0.84968			6
2025.04.29	01:44:34.864		0.84967			4
2025.04.29	01:44:52.106	0.84963	0.84966			6
2025.04.29	01:44:52.425	0.84962				2
2025.04.29	01:45:01.261	0.84962				2
2025.04.29	01:45:25.318		0.84965			4
2025.04.29	01:45:27.410	0.84963	0.84966			6
2025.04.29	01:45:41.381	0.84962				2
2025.04.29	01:45:41.743	0.84963				2
2025.04.29	01:45:42.357	0.84962				2
2025.04.29	01:45:43.195	0.84963				2
2025.04.29	01:45:45.914	0.84962				2
2025.04.29	01:45:48.931	0.84963				2
2025.04.29	01:45:49.240	0.84962				2
2025.04.29	01:45:49.919		0.84965			4
2025.04.29	01:45:52.401	0.84963	0.84966			6
2025.04.29	01:45:52.801	0.84962				2
2025.04.29	01:45:53.946	0.84963				2
2025.04.29	01:45:59.506	0.84964				2
2025.04.29	01:46:00.284	0.84964				2
2025.04.29	01:46:05.813	0.84961	0.84965			6
2025.04.29	01:46:06.910		0.84964			4
2025.04.29	01:46:08.839	0.84960				2
2025.04.29	01:46:13.710		0.84963			4
2025.04.29	01:46:25.358	0.84959				2
2025.04.29	01:46:27.118		0.84962			4
2025.04.29	01:46:27.962	0.84960	0.84963			6
2025.04.29	01:46:40.665	0.84959				2
2025.04.29	01:46:45.918	0.84960				2
2025.04.29	01:46:46.265	0.84959				2
2025.04.29	01:46:48.966	0.84960				2
2025.04.29	01:46:50.534		0.84964			4
2025.04.29	01:46:51.397		0.84963			4
2025.04.29	01:46:57.546	0.84959	0.84962			6
2025.04.29	01:46:58.256	0.84960	0.84963			6
2025.04.29	01:47:00.433	0.84960				2
2025.04.29	01:47:16.086		0.84962			4
2025.04.29	01:47:16.682		0.84963			4
2025.04.29	01:47:20.567	0.84959	0.84962			6
2025.04.29	01:47:21.387		0.84961			4
2025.04.29	01:47:26.259	0.84957	0.84960			6
2025.04.29	01:47:35.048	0.84956				2
2025.04.29	01:47:51.061	0.84957				2
2025.04.29	01:47:51.483		0.84961			4
2025.04.29	01:47:52.107		0.84960			4
2025.04.29	01:47:52.733		0.84961			4
2025.04.29	01:48:00.504	0.84957				2
2025.04.29	01:48:08.050	0.84958	0.84962			6
2025.04.29	01:48:08.667		0.84961			4
2025.04.29	01:48:09.668	0.84960	0.84962			6
2025.04.29	01:48:10.298		0.84963			4
2025.04.29	01:48:10.657		0.84962			4
2025.04.29	01:48:11.012	0.84958				2
2025.04.29	01:48:22.502		0.84961			4
2025.04.29	01:48:23.838	0.84961	0.84963			6
2025.04.29	01:48:24.619	0.84960				2
2025.04.29	01:48:29.875	0.84959	0.84962			6
2025.04.29	01:48:30.446	0.84958				2
2025.04.29	01:48:31.873		0.84961			4
2025.04.29	01:48:32.963	0.84957	0.84960			6
2025.04.29	01:48:33.557	0.84956				2
2025.04.29	01:48:35.461	0.84957				2
2025.04.29	01:48:41.641	0.84958				2
2025.04.29	01:48:42.182	0.84957				2
2025.04.29	01:48:43.699	0.84958				2
2025.04.29	01:48:48.444	0.84957				2
2025.04.29	01:48:52.056	0.84954	0.84958			6
2025.04.29	01:48:56.235	0.84952	0.84956			6
2025.04.29	01:49:05.150	0.84952				2
2025.04.29	01:49:09.306	0.84953				2
2025.04.29	01:49:15.045	0.84951	0.84954			6
2025.04.29	01:49:18.307	0.84950				2
2025.04.29	01:49:34.271		0.84953			4
2025.04.29	01:49:47.520		0.84954			4
2025.04.29	01:50:00.802	0.84952	0.84955			6
2025.04.29	01:50:05.550	0.84951				2
2025.04.29	01:50:13.353	0.84952	0.84956			6
2025.04.29	01:50:17.180	0.84951	0.84955			6
2025.04.29	01:50:29.367	0.84952				2
2025.04.29	01:50:29.707	0.84951				2
2025.04.29	01:51:00.431	0.84951				2
2025.04.29	01:51:01.999	0.84954	0.84956			6
2025.04.29	01:51:04.720	0.84952				2
2025.04.29	01:51:41.505		0.84955			4
2025.04.29	01:51:45.046	0.84951				2
2025.04.29	01:52:02.671	0.84951				2
2025.04.29	01:52:14.642	0.84952				2
2025.04.29	01:52:30.371	0.84953	0.84956			6
2025.04.29	01:52:36.129	0.84952	0.84955			6
2025.04.29	01:52:41.750	0.84951				2
2025.04.29	01:52:48.556	0.84952				2
2025.04.29	01:53:00.423	0.84953	0.84956			6
2025.04.29	01:53:36.863	0.84952				2
2025.04.29	01:53:44.277		0.84955			4
2025.04.29	01:53:58.650		0.84956			4
2025.04.29	01:54:00.580	0.84952				2
2025.04.29	01:54:03.753	0.84955	0.84959			6
2025.04.29	01:54:04.375	0.84956				2
2025.04.29	01:54:04.883	0.84955				2
2025.04.29	01:54:16.158	0.84954	0.84957			6
2025.04.29	01:54:20.633	0.84953				2
2025.04.29	01:54:36.201	0.84952	0.84956			6
2025.04.29	01:54:39.756		0.84955			4
2025.04.29	01:54:41.139		0.84956			4
2025.04.29	01:54:41.948		0.84955			4
2025.04.29	01:54:42.562		0.84956			4
2025.04.29	01:55:02.083	0.84952				2
2025.04.29	01:55:36.250	0.84953				2
2025.04.29	01:55:49.816		0.84956			4
2025.04.29	01:55:51.962	0.84952				2
2025.04.29	01:56:00.105	0.84952				2
2025.04.29	01:56:10.494		0.84955			4
2025.04.29	01:56:12.361		0.84956			4
2025.04.29	01:56:32.776		0.84955			4
2025.04.29	01:56:38.194	0.84951				2
2025.04.29	01:56:41.629		0.84954			4
2025.04.29	01:56:50.591	0.84950	0.84953			6
2025.04.29	01:57:00.824	0.84950				2
2025.04.29	01:57:03.888	0.84951	0.84954			6
2025.04.29	01:57:13.151		0.84955			4
2025.04.29	01:57:22.556	0.84950	0.84952			6
2025.04.29	01:57:22.975	0.84946	0.84950			6
2025.04.29	01:57:23.618	0.84944	0.84949			6
2025.04.29	01:57:24.203	0.84945	0.84947			6
2025.04.29	01:57:25.458	0.84944				2
2025.04.29	01:57:26.308		0.84946			4
2025.04.29	01:57:31.028	0.84941	0.84943			6
2025.04.29	01:57:33.459		0.84944			4
2025.04.29	01:57:33.873	0.84942	0.84946			6
2025.04.29	01:57:37.641	0.84941	0.84944			6
2025.04.29	01:57:46.086	0.84943	0.84946			6
2025.04.29	01:57:48.497	0.84941	0.84943			6
2025.04.29	01:57:48.798	0.84943	0.84946			6
2025.04.29	01:57:49.703	0.84945	0.84948			6
2025.04.29	01:57:56.465	0.84944				2
2025.04.29	01:58:00.528	0.84944				2
2025.04.29	01:58:05.026	0.84945				2
2025.04.29	01:58:10.916		0.84949			4
2025.04.29	01:58:12.565	0.84946				2
2025.04.29	01:58:15.225	0.84943	0.84947			6
2025.04.29	01:58:16.517	0.84944	0.84948			6
2025.04.29	01:58:23.505	0.84942	0.84946			6
2025.04.29	01:58:25.766	0.84945	0.84949			6
2025.04.29	01:58:32.792		0.84948			4
2025.04.29	01:58:33.740		0.84949			4
2025.04.29	01:58:34.046	0.84943	0.84947			6
2025.04.29	01:58:35.193	0.84945	0.84948			6
2025.04.29	01:58:39.540		0.84949			4
2025.04.29	01:58:49.011		0.84948			4
2025.04.29	01:58:52.730		0.84949			4
2025.04.29	01:59:00.386	0.84945	0.84948			6
2025.04.29	01:59:01.411		0.84949			4
2025.04.29	01:59:17.878	0.84944	0.84948			6
2025.04.29	01:59:29.864	0.84945	0.84949			6
2025.04.29	01:59:57.091	0.84944	0.84948			6
2025.04.29	02:00:00.245	0.84944				2
2025.04.29	02:00:04.097	0.84953	0.84957			6
2025.04.29	02:00:04.824	0.84954	0.84958			6
2025.04.29	02:00:06.543	0.84955				2
2025.04.29	02:00:07.929		0.84959			4
2025.04.29	02:00:10.865		0.84958			4
2025.04.29	02:00:11.920	0.84954				2
2025.04.29	02:00:20.902	0.84955	0.84959			6
2025.04.29	02:00:21.386	0.84958	0.84962			6
2025.04.29	02:00:28.181	0.84959				2
2025.04.29	02:00:40.527		0.84963			4
2025.04.29	02:00:58.506		0.84962			4
2025.04.29	02:01:00.117	0.84959				2
2025.04.29	02:01:00.475		0.84963			4
2025.04.29	02:01:04.754	0.84965	0.84968			6
2025.04.29	02:01:05.102	0.84964				2
2025.04.29	02:01:05.486	0.84963	0.84967			6
2025.04.29	02:01:08.878	0.84960	0.84963			6
2025.04.29	02:01:10.471	0.84959				2
2025.04.29	02:01:10.951		0.84962			4
2025.04.29	02:01:11.939		0.84963			4
2025.04.29	02:01:17.516		0.84962			4
2025.04.29	02:01:18.080		0.84963			4
2025.04.29	02:01:19.370		0.84962			4
2025.04.29	02:01:20.661	0.84955	0.84959			6
2025.04.29	02:01:28.373	0.84956				2
2025.04.29	02:01:29.391		0.84960			4
2025.04.29	02:01:32.572	0.84957	0.84961			6
2025.04.29	02:01:33.626	0.84959	0.84962			6
2025.04.29	02:01:41.046	0.84957	0.84960			6
2025.04.29	02:01:41.363	0.84958	0.84962			6
2025.04.29	02:01:42.015	0.84960	0.84963			6
2025.04.29	02:01:42.406		0.84964			4
2025.04.29	02:01:43.083	0.84963	0.84966			6
2025.04.29	02:01:43.408	0.84964	0.84967			6
2025.04.29	02:01:44.512	0.84965				2
2025.04.29	02:01:46.526	0.84963				2
2025.04.29	02:01:51.215	0.84962	0.84965			6
2025.04.29	02:01:52.450		0.84964			4
2025.04.29	02:01:53.191	0.84961				2
2025.04.29	02:01:56.057	0.84959	0.84962			6
2025.04.29	02:02:00.412	0.84959				2
2025.04.29	02:02:01.421		0.84963			4
2025.04.29	02:02:06.112	0.84960				2
2025.04.29	02:02:06.754	0.84957	0.84960			6
2025.04.29	02:02:07.062	0.84959	0.84962			6
2025.04.29	02:02:07.712	0.84960				2
2025.04.29	02:02:08.150	0.84959				2
2025.04.29	02:02:08.470	0.84958	0.84961			6
2025.04.29	02:02:09.497	0.84957				2
2025.04.29	02:02:10.368	0.84956	0.84960			6
2025.04.29	02:02:10.684		0.84959			4
2025.04.29	02:02:11.684	0.84957	0.84960			6
2025.04.29	02:02:12.031	0.84956				2
2025.04.29	02:02:12.610	0.84957				2
2025.04.29	02:02:13.007	0.84958	0.84962			6
2025.04.29	02:02:13.588	0.84959				2
2025.04.29	02:02:15.840		0.84961			4
2025.04.29	02:02:16.518	0.84958				2
2025.04.29	02:02:17.026		0.84962			4
2025.04.29	02:02:17.344		0.84961			4
2025.04.29	02:02:18.154	0.84959	0.84962			6
2025.04.29	02:02:27.432	0.84958				2
2025.04.29	02:02:28.347	0.84960	0.84964			6
2025.04.29	02:02:29.559	0.84959	0.84963			6
2025.04.29	02:02:45.592	0.84960				2
2025.04.29	02:02:58.983		0.84964			4
2025.04.29	02:03:00.183	0.84960				2
2025.04.29	02:03:20.105		0.84963			4
2025.04.29	02:03:26.271		0.84964			4
2025.04.29	02:03:27.304	0.84959	0.84963			6
2025.04.29	02:03:31.621	0.84961				2
2025.04.29	02:03:32.069		0.84964			4
2025.04.29	02:03:56.127		0.84965			4
2025.04.29	02:03:59.958		0.84964			4
2025.04.29	02:04:00.479	0.84961				2
2025.04.29	02:04:06.364		0.84965			4
2025.04.29	02:04:07.791	0.84962				2
2025.04.29	02:04:09.685	0.84961				2
2025.04.29	02:04:10.180	0.84962	0.84966			6
2025.04.29	02:04:13.802		0.84965			4
2025.04.29	02:04:14.107		0.84964			4
2025.04.29	02:04:15.780	0.84961				2
2025.04.29	02:04:20.170	0.84964	0.84968			6
2025.04.29	02:04:20.770	0.84963	0.84967			6
2025.04.29	02:04:21.075	0.84964				2
2025.04.29	02:04:21.380	0.84965	0.84968			6
2025.04.29	02:04:25.370	0.84970	0.84972			6
2025.04.29	02:04:26.429		0.84973			4
2025.04.29	02:04:26.847		0.84974			4
2025.04.29	02:04:27.467	0.84969	0.84973			6
2025.04.29	02:04:29.286	0.84970	0.84974			6
2025.04.29	02:04:31.817	0.84968	0.84971			6
2025.04.29	02:04:32.372		0.84970			4
2025.04.29	02:04:34.240		0.84971			4
2025.04.29	02:04:38.057	0.84970	0.84972			6
2025.04.29	02:04:38.620	0.84969	0.84973			6
2025.04.29	02:04:44.960		0.84972			4
2025.04.29	02:04:46.220	0.84970	0.84973			6
2025.04.29	02:04:47.339	0.84969				2
2025.04.29	02:04:48.062	0.84966	0.84969			6
2025.04.29	02:04:48.401	0.84965	0.84970			6
2025.04.29	02:04:48.783	0.84966	0.84969			6
2025.04.29	02:04:49.092		0.84970			4
2025.04.29	02:04:52.559	0.84961	0.84965			6
2025.04.29	02:04:52.863	0.84962	0.84966			6
2025.04.29	02:04:53.555		0.84965			4
2025.04.29	02:04:54.417	0.84961	0.84966			6
2025.04.29	02:04:57.842		0.84965			4
2025.04.29	02:04:58.352	0.84960				2
2025.04.29	02:05:00.128	0.84960				2
2025.04.29	02:05:02.315	0.84963	0.84968			6
2025.04.29	02:05:03.303	0.84967				2
2025.04.29	02:05:03.673	0.84966				2
2025.04.29	02:05:14.184		0.84969			4
2025.04.29	02:05:21.710		0.84970			4
2025.04.29	02:05:22.992		0.84969			4
2025.04.29	02:05:33.345		0.84970			4
2025.04.29	02:05:34.386		0.84969			4
2025.04.29	02:05:37.899		0.84970			4
2025.04.29	02:05:39.537		0.84969			4
2025.04.29	02:05:46.703	0.84970	0.84972			6
2025.04.29	02:05:47.026	0.84971	0.84973			6
2025.04.29	02:05:47.364	0.84970				2
2025.04.29	02:05:47.668	0.84969				2
2025.04.29	02:05:47.984		0.84972			4
2025.04.29	02:05:48.292	0.84968	0.84971			6
2025.04.29	02:05:50.026		0.84972			4
2025.04.29	02:05:51.100		0.84971			4
2025.04.29	02:05:51.403	0.84963	0.84968			6
2025.04.29	02:05:51.927		0.84967			4
2025.04.29	02:05:55.888	0.84965	0.84968			6
2025.04.29	02:05:56.477	0.84964				2
2025.04.29	02:05:57.405	0.84968	0.84970			6
2025.04.29	02:05:58.315	0.84967	0.84971			6
2025.04.29	02:05:58.720	0.84968				2
2025.04.29	02:06:00.341	0.84968	0.84970			6
2025.04.29	02:06:00.739		0.84971			4
2025.04.29	02:06:01.076	0.84972	0.84975			6
2025.04.29	02:06:01.381	0.84968	0.84970			6
2025.04.29	02:06:01.700	0.84969	0.84972			6
2025.04.29	02:06:02.010	0.84968	0.84971			6
2025.04.29	02:06:02.324	0.84967				2
2025.04.29	02:06:02.695	0.84966	0.84969			6
2025.04.29	02:06:04.155		0.84970			4
2025.04.29	02:06:05.575	0.84965	0.84969			6
2025.04.29	02:06:06.561	0.84963	0.84968			6
2025.04.29	02:06:07.525	0.84964				2
2025.04.29	02:06:07.845	0.84965				2
2025.04.29	02:06:08.590	0.84966				2
2025.04.29	02:06:11.315		0.84969			4
2025.04.29	02:06:14.255	0.84965	0.84968			6
2025.04.29	02:06:16.791	0.84960	0.84966			6
2025.04.29	02:06:19.390	0.84961				2
2025.04.29	02:06:20.371	0.84960				2
2025.04.29	02:06:21.268	0.84961				2
2025.04.29	02:06:22.392	0.84965	0.84968			6
2025.04.29	02:06:22.696	0.84966	0.84970			6
2025.04.29	02:06:25.391	0.84967				2
2025.04.29	02:06:30.038	0.84966				2
2025.04.29	02:06:30.363	0.84967				2
2025.04.29	02:06:30.994	0.84966	0.84969			6
2025.04.29	02:06:32.002	0.84965				2
2025.04.29	02:06:33.101	0.84966				2
2025.04.29	02:06:37.455		0.84968			4
2025.04.29	02:06:37.761	0.84965				2
2025.04.29	02:06:39.351		0.84969			4
2025.04.29	02:06:39.663		0.84966			4
2025.04.29	02:06:40.366	0.84964	0.84965			6
2025.04.29	02:06:40.923	0.84965	0.84967			6
2025.04.29	02:06:42.301	0.84964	0.84968			6
2025.04.29	02:06:45.029		0.84966			4
2025.04.29	02:06:48.210	0.84960				2
2025.04.29	02:06:49.715	0.84968	0.84971			6
2025.04.29	02:06:50.020	0.84967				2
2025.04.29	02:06:50.328	0.84969	0.84972			6
2025.04.29	02:06:51.063	0.84968				2
2025.04.29	02:06:53.196		0.84971			4
2025.04.29	02:06:53.500	0.84967				2
2025.04.29	02:06:59.398	0.84968				2
2025.04.29	02:07:00.429	0.84968				2
2025.04.29	02:07:00.978		0.84972			4
2025.04.29	02:07:03.236	0.84970	0.84973			6
2025.04.29	02:07:03.765	0.84969				2
2025.04.29	02:07:04.079	0.84970				2
2025.04.29	02:07:06.743	0.84969	0.84972			6
2025.04.29	02:07:07.165		0.84973			4
2025.04.29	02:07:07.823	0.84970				2
2025.04.29	02:07:08.402	0.84969				2
2025.04.29	02:07:10.169	0.84968	0.84971			6
2025.04.29	02:07:11.281	0.84969	0.84972			6
2025.04.29	02:07:15.974	0.84970	0.84973			6
2025.04.29	02:07:16.331		0.84974			4
2025.04.29	02:07:16.641		0.84973			4
2025.04.29	02:07:19.851	0.84967	0.84971			6
2025.04.29	02:07:21.849	0.84966	0.84970			6
2025.04.29	02:07:25.519		0.84969			4
2025.04.29	02:07:27.029		0.84970			4
2025.04.29	02:07:31.004	0.84968	0.84972			6
2025.04.29	02:07:31.311	0.84970	0.84973			6
2025.04.29	02:07:32.582	0.84971				2
2025.04.29	02:07:36.472		0.84974			4
2025.04.29	02:07:36.780	0.84970				2
2025.04.29	02:07:37.109	0.84971				2
2025.04.29	02:07:42.536	0.84970	0.84973			6
2025.04.29	02:07:43.351	0.84969				2
2025.04.29	02:07:44.320	0.84970				2
2025.04.29	02:07:45.779	0.84966	0.84970			6
2025.04.29	02:07:49.831	0.84964	0.84968			6
2025.04.29	02:07:50.403	0.84963	0.84967			6
2025.04.29	02:07:51.706		0.84966			4
2025.04.29	02:07:59.947	0.84961	0.84964			6
2025.04.29	02:08:00.421	0.84960				2
2025.04.29	02:08:11.354	0.84961				2
2025.04.29	02:08:13.547	0.84960				2
2025.04.29	02:08:28.239	0.84953	0.84957			6
2025.04.29	02:08:28.887	0.84950	0.84955			6
2025.04.29	02:08:29.201	0.84948				2
2025.04.29	02:08:30.006	0.84950	0.84954			6
2025.04.29	02:08:30.419	0.84949	0.84953			6
2025.04.29	02:08:30.738	0.84945	0.84950			6
2025.04.29	02:08:31.042		0.84951			4
2025.04.29	02:08:31.396		0.84952			4
2025.04.29	02:08:32.056	0.84946				2
2025.04.29	02:08:32.373	0.84947	0.84951			6
2025.04.29	02:08:33.685		0.84953			4
2025.04.29	02:08:34.042	0.84949				2
2025.04.29	02:08:35.588	0.84948	0.84952			6
2025.04.29	02:08:36.649	0.84949				2
2025.04.29	02:08:37.864		0.84953			4
2025.04.29	02:08:38.423	0.84950				2
2025.04.29	02:08:38.749	0.84949				2
2025.04.29	02:08:41.002	0.84941	0.84948			6
2025.04.29	02:08:41.307	0.84943	0.84946			6
2025.04.29	02:08:42.136	0.84942				2
2025.04.29	02:08:42.445	0.84943				2
2025.04.29	02:08:43.896		0.84947			4
2025.04.29	02:08:44.801	0.84937	0.84946			6
2025.04.29	02:08:45.276	0.84940	0.84944			6
2025.04.29	02:08:45.802	0.84938	0.84942			6
2025.04.29	02:08:46.173	0.84937	0.84943			6
2025.04.29	02:08:46.482	0.84938	0.84942			6
2025.04.29	02:08:47.010	0.84934	0.84940			6
2025.04.29	02:08:47.742	0.84935	0.84941			6
2025.04.29	02:08:50.051	0.84936				2
2025.04.29	02:08:50.387	0.84935	0.84939			6
2025.04.29	02:08:51.107	0.84931	0.84936			6
2025.04.29	02:08:51.471	0.84929	0.84937			6
2025.04.29	02:08:51.880	0.84930				2
2025.04.29	02:08:52.324	0.84926	0.84934			6
2025.04.29	02:08:52.636	0.84927	0.84931			6
2025.04.29	02:08:52.939	0.84928	0.84932			6
2025.04.29	02:08:53.243	0.84931	0.84934			6
2025.04.29	02:08:53.763	0.84930				2
2025.04.29	02:08:54.430		0.84933			4
2025.04.29	02:08:55.137	0.84926	0.84931			6
2025.04.29	02:08:56.409	0.84927				2
2025.04.29	02:08:57.177	0.84924	0.84932			6
2025.04.29	02:08:57.480	0.84928				2
2025.04.29	02:09:00.124	0.84928				2
2025.04.29	02:09:00.595		0.84933			4
2025.04.29	02:09:02.093	0.84923	0.84931			6
2025.04.29	02:09:02.428		0.84930			4
2025.04.29	02:09:03.682	0.84924				2
2025.04.29	02:09:04.056	0.84923				2
2025.04.29	02:09:04.376	0.84921				2
2025.04.29	02:09:07.426		0.84929			4
2025.04.29	02:09:07.729	0.84922				2
2025.04.29	02:09:08.670	0.84919	0.84927			6
2025.04.29	02:09:08.974	0.84920				2
2025.04.29	02:09:10.061		0.84928			4
2025.04.29	02:09:10.602	0.84919				2
2025.04.29	02:09:10.906	0.84920				2
2025.04.29	02:09:11.221	0.84919				2
2025.04.29	02:09:12.320	0.84920				2
2025.04.29	02:09:12.676	0.84919				2
2025.04.29	02:09:14.187	0.84920				2
2025.04.29	02:09:14.900	0.84921				2
2025.04.29	02:09:15.221	0.84918				2
2025.04.29	02:09:15.524	0.84920	0.84927			6
2025.04.29	02:09:16.201	0.84917	0.84925			6
2025.04.29	02:09:16.511	0.84918	0.84926			6
2025.04.29	02:09:16.832	0.84919				2
2025.04.29	02:09:17.984	0.84924	0.84927			6
2025.04.29	02:09:18.302	0.84925	0.84928			6
2025.04.29	02:09:18.753		0.84929			4
2025.04.29	02:09:19.252	0.84921	0.84927			6
2025.04.29	02:09:19.639	0.84922				2
2025.04.29	02:09:20.303	0.84929	0.84932			6
2025.04.29	02:09:20.802	0.84931	0.84934			6
2025.04.29	02:09:21.556	0.84932				2
2025.04.29	02:09:22.886	0.84935	0.84936			6
2025.04.29	02:09:23.189	0.84934	0.84937			6
2025.04.29	02:09:23.665	0.84935				2
2025.04.29	02:09:24.279	0.84933				2
2025.04.29	02:09:24.970	0.84934				2
2025.04.29	02:09:25.810	0.84933				2
2025.04.29	02:09:26.519	0.84934				2
2025.04.29	02:09:27.097	0.84935	0.84938			6
2025.04.29	02:09:27.430		0.84939			4
2025.04.29	02:09:28.404	0.84936	0.84938			6
2025.04.29	02:09:28.731	0.84935				2
2025.04.29	02:09:30.742	0.84934				2
2025.04.29	02:09:38.370		0.84937			4
2025.04.29	02:09:38.739		0.84938			4
2025.04.29	02:09:39.055	0.84935				2
2025.04.29	02:09:42.209	0.84934				2
2025.04.29	02:09:42.931	0.84933	0.84937			6
2025.04.29	02:09:44.378	0.84934				2
2025.04.29	02:09:46.831	0.84927	0.84931			6
2025.04.29	02:09:50.761	0.84928				2
2025.04.29	02:09:53.484	0.84927				2
2025.04.29	02:09:54.411	0.84926				2
2025.04.29	02:09:55.881	0.84927				2
2025.04.29	02:10:00.444	0.84927				2
2025.04.29	02:10:01.473		0.84930			4
2025.04.29	02:10:02.422	0.84923				2
2025.04.29	02:10:02.744	0.84922	0.84928			6
2025.04.29	02:10:04.253	0.84923	0.84927			6
2025.04.29	02:10:05.223		0.84928			4
2025.04.29	02:10:13.045		0.84927			4
2025.04.29	02:10:14.026		0.84926			4
2025.04.29	02:10:14.727	0.84922	0.84923			6
2025.04.29	02:10:15.043	0.84921	0.84925			6
2025.04.29	02:10:15.391	0.84922				2
2025.04.29	02:10:19.066	0.84926	0.84927			6
2025.04.29	02:10:20.431	0.84925				2
2025.04.29	02:10:20.818		0.84926			4
2025.04.29	02:10:21.121	0.84921	0.84924			6
2025.04.29	02:10:21.502	0.84920				2
2025.04.29	02:10:21.840	0.84922	0.84926			6
2025.04.29	02:10:22.151	0.84923				2
2025.04.29	02:10:22.451	0.84922	0.84925			6
2025.04.29	02:10:22.764	0.84921	0.84924			6
2025.04.29	02:10:23.874	0.84920				2
2025.04.29	02:10:25.741	0.84921	0.84923			6
2025.04.29	02:10:26.079	0.84919				2
2025.04.29	02:10:26.601	0.84921				2
2025.04.29	02:10:26.971	0.84920	0.84922			6
2025.04.29	02:10:27.286	0.84919				2
2025.04.29	02:10:28.420	0.84922	0.84923			6
2025.04.29	02:10:28.776	0.84919	0.84922			6
2025.04.29	02:10:30.766	0.84921				2
2025.04.29	02:10:33.127	0.84922	0.84923			6
2025.04.29	02:10:34.003	0.84921				2
2025.04.29	02:10:34.307	0.84923	0.84924			6
2025.04.29	02:10:34.797	0.84920	0.84923			6
2025.04.29	02:10:37.820	0.84926	0.84927			6
2025.04.29	02:10:40.510	0.84925	0.84926			6
2025.04.29	02:10:41.068	0.84921	0.84922			6
2025.04.29	02:10:41.380	0.84920	0.84924			6
2025.04.29	02:10:42.374	0.84922	0.84923			6
2025.04.29	02:10:44.251	0.84923	0.84924			6
2025.04.29	02:10:44.565	0.84922				2
2025.04.29	02:10:44.923	0.84924	0.84925			6
2025.04.29	02:10:45.277	0.84927	0.84929			6
2025.04.29	02:10:53.889		0.84930			4
2025.04.29	02:10:55.677		0.84929			4
2025.04.29	02:10:57.578		0.84930			4
2025.04.29	02:11:00.379	0.84927				2
2025.04.29	02:11:01.729	0.84924	0.84926			6
2025.04.29	02:11:02.036	0.84923	0.84925			6
2025.04.29	02:11:02.726	0.84924				2
2025.04.29	02:11:03.090	0.84923				2
2025.04.29	02:11:03.406	0.84924				2
2025.04.29	02:11:04.943	0.84920	0.84921			6
2025.04.29	02:11:05.261	0.84921	0.84922			6
2025.04.29	02:11:15.052	0.84922	0.84923			6
2025.04.29	02:11:28.716	0.84921	0.84922			6
2025.04.29	02:11:33.518	0.84919	0.84921			6
2025.04.29	02:11:34.397	0.84922	0.84923			6
2025.04.29	02:11:36.417	0.84921	0.84922			6
2025.04.29	02:11:37.347	0.84920	0.84921			6
2025.04.29	02:11:38.827	0.84918	0.84919			6
2025.04.29	02:11:39.557	0.84920	0.84921			6
2025.04.29	02:11:39.904	0.84919	0.84922			6
2025.04.29	02:11:40.235	0.84920	0.84921			6
2025.04.29	02:11:42.454	0.84918	0.84919			6
2025.04.29	02:11:44.910	0.84917	0.84918			6
2025.04.29	02:11:45.222	0.84918	0.84922			6
2025.04.29	02:11:45.529	0.84917	0.84921			6
2025.04.29	02:11:46.399	0.84921	0.84924			6
2025.04.29	02:11:46.749		0.84925			4
2025.04.29	02:11:49.618	0.84923	0.84926			6
2025.04.29	02:11:51.103	0.84924				2
2025.04.29	02:11:52.891	0.84923				2
2025.04.29	02:11:53.893		0.84925			4
2025.04.29	02:11:56.779	0.84922				2
2025.04.29	02:12:00.037	0.84924				2
2025.04.29	02:12:01.413	0.84923	0.84924			6
2025.04.29	02:12:01.782	0.84922				2
2025.04.29	02:12:02.121	0.84923				2
2025.04.29	02:12:04.536	0.84922				2
2025.04.29	02:12:06.188	0.84923				2
2025.04.29	02:12:06.760	0.84921	0.84922			6
2025.04.29	02:12:07.081	0.84923	0.84924			6
2025.04.29	02:12:07.451	0.84922	0.84923			6
2025.04.29	02:12:07.769		0.84926			4
2025.04.29	02:12:08.121	0.84924				2
2025.04.29	02:12:09.246	0.84923				2
2025.04.29	02:12:10.106	0.84924				2
2025.04.29	02:12:10.626	0.84923				2
2025.04.29	02:12:10.961	0.84924				2
2025.04.29	02:12:12.232	0.84923				2
2025.04.29	02:12:12.670		0.84925			4
2025.04.29	02:12:13.214	0.84921				2
2025.04.29	02:12:14.857	0.84923				2
2025.04.29	02:12:15.932	0.84921				2
2025.04.29	02:12:16.702	0.84923				2
2025.04.29	02:12:19.706	0.84921				2
2025.04.29	02:12:20.376	0.84922				2
2025.04.29	02:12:20.859		0.84923			4
2025.04.29	02:12:22.480	0.84921	0.84924			6
2025.04.29	02:12:23.000	0.84927	0.84928			6
2025.04.29	02:12:26.071	0.84923	0.84925			6
2025.04.29	02:12:26.723	0.84922	0.84923			6
2025.04.29	02:12:32.171	0.84925	0.84926			6
2025.04.29	02:12:33.502		0.84927			4
2025.04.29	02:12:36.725		0.84926			4
2025.04.29	02:12:44.747	0.84924	0.84925			6
2025.04.29	02:12:46.278	0.84923	0.84924			6
2025.04.29	02:12:47.011	0.84924	0.84925			6
2025.04.29	02:12:48.633	0.84925	0.84926			6
2025.04.29	02:12:51.615	0.84924	0.84925			6
2025.04.29	02:12:55.185	0.84923	0.84924			6
2025.04.29	02:12:57.238	0.84921	0.84923			6
2025.04.29	02:13:00.430	0.84921				2
2025.04.29	02:13:01.577	0.84922				2
2025.04.29	02:13:01.880	0.84925	0.84926			6
2025.04.29	02:13:07.941	0.84923				2
2025.04.29	02:13:08.336		0.84927			4
2025.04.29	02:13:08.938	0.84922	0.84924			6
2025.04.29	02:13:10.331		0.84926			4
2025.04.29	02:13:12.075	0.84923				2
2025.04.29	02:13:14.816	0.84928	0.84929			6
2025.04.29	02:13:16.754	0.84927				2
2025.04.29	02:13:27.450	0.84924	0.84927			6
2025.04.29	02:13:27.765	0.84927	0.84928			6
2025.04.29	02:13:30.917		0.84930			4
2025.04.29	02:13:42.351		0.84931			4
2025.04.29	02:13:45.064	0.84925	0.84929			6
2025.04.29	02:13:45.890		0.84928			4
2025.04.29	02:13:51.337	0.84926				2
2025.04.29	02:13:55.106	0.84927	0.84929			6
2025.04.29	02:13:55.809	0.84925	0.84928			6
2025.04.29	02:13:56.728	0.84927	0.84929			6
2025.04.29	02:13:58.501	0.84926				2
2025.04.29	02:14:00.465	0.84926				2
2025.04.29	02:14:01.559	0.84923	0.84930			6
2025.04.29	02:14:01.986	0.84925	0.84929			6
2025.04.29	02:14:03.582	0.84924	0.84927			6
2025.04.29	02:14:11.773	0.84922	0.84925			6
2025.04.29	02:14:12.111	0.84923	0.84927			6
2025.04.29	02:14:17.631	0.84924	0.84930			6
2025.04.29	02:14:19.821	0.84927	0.84929			6
2025.04.29	02:14:21.581	0.84926	0.84930			6
2025.04.29	02:14:23.084	0.84927				2
2025.04.29	02:14:25.847	0.84922	0.84929			6
2025.04.29	02:14:26.190	0.84923				2
2025.04.29	02:14:26.707	0.84922	0.84928			6
2025.04.29	02:14:27.010	0.84920	0.84927			6
2025.04.29	02:14:30.898	0.84918	0.84926			6
2025.04.29	02:14:31.303	0.84917				2
2025.04.29	02:14:33.092	0.84918				2
2025.04.29	02:14:33.675	0.84917				2
2025.04.29	02:14:34.159	0.84919	0.84924			6
2025.04.29	02:14:34.482	0.84918				2
2025.04.29	02:14:34.833	0.84919	0.84925			6
2025.04.29	02:14:35.677	0.84921	0.84927			6
2025.04.29	02:14:36.026		0.84928			4
2025.04.29	02:14:38.392		0.84927			4
2025.04.29	02:14:40.441	0.84923				2
2025.04.29	02:14:40.754	0.84921	0.84929			6
2025.04.29	02:14:41.139	0.84920	0.84926			6
2025.04.29	02:14:41.468	0.84922	0.84927			6
2025.04.29	02:14:42.396	0.84923				2
2025.04.29	02:14:42.766	0.84921	0.84928			6
2025.04.29	02:14:57.779		0.84929			4
2025.04.29	02:15:00.579	0.84921				2
2025.04.29	02:15:00.982	0.84922				2
2025.04.29	02:15:01.757	0.84921	0.84928			6
2025.04.29	02:15:02.062	0.84920				2
2025.04.29	02:15:05.303		0.84926			4
2025.04.29	02:15:05.834	0.84921				2
2025.04.29	02:15:08.056		0.84925			4
2025.04.29	02:15:08.412	0.84923	0.84926			6
2025.04.29	02:15:08.755	0.84922				2
2025.04.29	02:15:11.163	0.84921	0.84922			6
2025.04.29	02:15:13.656	0.84926	0.84927			6
2025.04.29	02:15:14.555	0.84925	0.84926			6
2025.04.29	02:15:14.892	0.84928	0.84929			6
2025.04.29	02:15:15.306		0.84930			4
2025.04.29	02:15:16.351	0.84926	0.84927			6
2025.04.29	02:15:16.664	0.84925				2
2025.04.29	02:15:16.980	0.84927	0.84928			6
2025.04.29	02:15:17.632		0.84930			4
2025.04.29	02:15:18.974	0.84926	0.84929			6
2025.04.29	02:15:19.305	0.84927	0.84928			6
2025.04.29	02:15:19.620	0.84920	0.84925			6
2025.04.29	02:15:19.926		0.84924			4
2025.04.29	02:15:20.230	0.84922				2
2025.04.29	02:15:20.540		0.84923			4
2025.04.29	02:15:23.084	0.84923	0.84924			6
2025.04.29	02:15:23.402	0.84921	0.84922			6
2025.04.29	02:15:25.038	0.84920	0.84921			6
2025.04.29	02:15:25.599	0.84919	0.84920			6
2025.04.29	02:15:26.192	0.84917	0.84918			6
2025.04.29	02:15:26.503	0.84916	0.84922			6
2025.04.29	02:15:26.811		0.84923			4
2025.04.29	02:15:27.589		0.84922			4
2025.04.29	02:15:28.308	0.84917				2
2025.04.29	02:15:29.956	0.84918	0.84920			6
2025.04.29	02:15:30.280		0.84924			4
2025.04.29	02:15:31.026	0.84919	0.84921			6
2025.04.29	02:15:31.341	0.84921	0.84924			6
2025.04.29	02:15:31.705	0.84923	0.84925			6
2025.04.29	02:15:32.355	0.84921				2
2025.04.29	02:15:34.929	0.84924				2
2025.04.29	02:15:35.241	0.84921				2
2025.04.29	02:15:40.435	0.84924				2
2025.04.29	02:15:42.416	0.84923	0.84924			6
2025.04.29	02:15:42.723	0.84922	0.84923			6
2025.04.29	02:15:43.395	0.84921	0.84922			6
2025.04.29	02:15:44.358		0.84923			4
2025.04.29	02:15:45.306		0.84922			4
2025.04.29	02:15:46.394	0.84920	0.84921			6
2025.04.29	02:15:47.703	0.84919	0.84920			6
2025.04.29	02:15:48.825	0.84920	0.84921			6
2025.04.29	02:15:51.775	0.84919	0.84920			6
2025.04.29	02:15:55.358	0.84920	0.84921			6
2025.04.29	02:15:56.193	0.84919	0.84920			6
2025.04.29	02:15:57.871	0.84920	0.84921			6
2025.04.29	02:15:58.342	0.84921	0.84922			6
2025.04.29	02:15:59.177	0.84920	0.84921			6
2025.04.29	02:16:00.117	0.84920				2
2025.04.29	02:16:04.232	0.84919	0.84920			6
2025.04.29	02:16:06.265	0.84920	0.84921			6
2025.04.29	02:16:14.142	0.84918	0.84919			6
2025.04.29	02:16:14.449	0.84920	0.84921			6
2025.04.29	02:16:17.640	0.84919	0.84920			6
2025.04.29	02:16:18.176	0.84920	0.84921			6
2025.04.29	02:16:18.959	0.84918	0.84919			6
2025.04.29	02:16:21.646		0.84921			4
2025.04.29	02:16:21.960	0.84919				2
2025.04.29	02:16:22.857	0.84917				2
2025.04.29	02:16:23.376	0.84914	0.84920			6
2025.04.29	02:16:23.678		0.84919			4
2025.04.29	02:16:24.007	0.84913	0.84917			6
2025.04.29	02:16:24.325	0.84912	0.84915			6
2025.04.29	02:16:25.396	0.84914	0.84916			6
2025.04.29	02:16:25.767	0.84913				2
2025.04.29	02:16:26.305	0.84912				2
2025.04.29	02:16:26.634	0.84913				2
2025.04.29	02:16:29.661		0.84915			4
2025.04.29	02:16:30.365	0.84912				2
2025.04.29	02:16:31.184		0.84913			4
2025.04.29	02:16:32.121		0.84914			4
2025.04.29	02:16:34.382		0.84913			4
2025.04.29	02:16:38.617	0.84910	0.84911			6
2025.04.29	02:16:40.104	0.84911	0.84912			6
2025.04.29	02:16:44.128	0.84910	0.84911			6
2025.04.29	02:16:45.319	0.84909	0.84910			6
2025.04.29	02:16:46.072	0.84903	0.84904			6
2025.04.29	02:16:46.701	0.84902	0.84903			6
2025.04.29	02:16:47.049	0.84904	0.84905			6
2025.04.29	02:16:47.759	0.84903	0.84904			6
2025.04.29	02:16:51.572	0.84902	0.84903			6
2025.04.29	02:16:51.879	0.84903	0.84904			6
2025.04.29	02:16:52.219	0.84902	0.84903			6
2025.04.29	02:16:53.628	0.84903	0.84904			6
2025.04.29	02:16:57.085	0.84904	0.84905			6
2025.04.29	02:16:57.687	0.84901	0.84903			6
2025.04.29	02:16:58.724		0.84902			4
2025.04.29	02:17:00.581	0.84901				2
2025.04.29	02:17:01.406	0.84903	0.84904			6
2025.04.29	02:17:07.175	0.84904	0.84905			6
2025.04.29	02:17:11.226	0.84905	0.84906			6
2025.04.29	02:17:13.676	0.84904	0.84905			6
2025.04.29	02:17:15.459	0.84905	0.84906			6
2025.04.29	02:17:15.841	0.84904	0.84905			6
2025.04.29	02:17:17.483	0.84905	0.84906			6
2025.04.29	02:17:18.962	0.84903	0.84904			6
2025.04.29	02:17:21.450	0.84902	0.84903			6
2025.04.29	02:17:23.352	0.84904	0.84905			6
2025.04.29	02:17:24.349	0.84903	0.84904			6
2025.04.29	02:17:29.893	0.84904	0.84905			6
2025.04.29	02:17:39.690	0.84906	0.84907			6
2025.04.29	02:17:48.951		0.84908			4
2025.04.29	02:17:51.706		0.84907			4
2025.04.29	02:17:54.910	0.84904	0.84905			6
2025.04.29	02:17:55.222	0.84902	0.84903			6
2025.04.29	02:18:00.002	0.84902				2
2025.04.29	02:18:01.771	0.84901	0.84902			6
2025.04.29	02:18:11.691	0.84902	0.84903			6
2025.04.29	02:18:17.355	0.84903	0.84904			6
2025.04.29	02:18:25.124	0.84902	0.84903			6
2025.04.29	02:18:26.896	0.84904	0.84905			6
2025.04.29	02:18:31.181		0.84906			4
2025.04.29	02:18:31.483	0.84905	0.84908			6
2025.04.29	02:18:32.406	0.84904				2
2025.04.29	02:18:34.776	0.84903	0.84907			6
2025.04.29	02:18:36.383	0.84904				2
2025.04.29	02:18:39.086	0.84905				2
2025.04.29	02:18:39.857	0.84903				2
2025.04.29	02:18:45.477	0.84904				2
2025.04.29	02:18:49.466	0.84905	0.84906			6
2025.04.29	02:18:49.771	0.84904	0.84905			6
2025.04.29	02:18:50.585		0.84906			4
2025.04.29	02:18:51.177	0.84905				2
2025.04.29	02:18:53.129	0.84904	0.84907			6
2025.04.29	02:18:53.498	0.84905				2
2025.04.29	02:18:54.343	0.84904	0.84906			6
2025.04.29	02:18:59.786		0.84905			4
2025.04.29	02:19:00.220	0.84903				2
2025.04.29	02:19:00.582	0.84904				2
2025.04.29	02:19:01.861	0.84903	0.84904			6
2025.04.29	02:19:05.682	0.84902	0.84903			6
2025.04.29	02:19:28.422	0.84899	0.84900			6
2025.04.29	02:19:28.740	0.84898	0.84899			6
2025.04.29	02:19:29.065	0.84899	0.84901			6
2025.04.29	02:19:29.416	0.84898				2
2025.04.29	02:19:30.355	0.84897				2
2025.04.29	02:19:34.117	0.84898				2
2025.04.29	02:19:39.177	0.84900	0.84902			6
2025.04.29	02:19:39.480	0.84895	0.84901			6
2025.04.29	02:19:39.861	0.84897				2
2025.04.29	02:19:40.293	0.84895	0.84900			6
2025.04.29	02:19:41.338	0.84896	0.84901			6
2025.04.29	02:19:43.448	0.84895	0.84898			6
2025.04.29	02:19:43.761	0.84899	0.84900			6
2025.04.29	02:19:44.114		0.84901			4
2025.04.29	02:19:49.080		0.84902			4
2025.04.29	02:19:49.697	0.84898	0.84901			6
2025.04.29	02:19:50.244	0.84896	0.84899			6
2025.04.29	02:19:59.024	0.84897	0.84900			6
2025.04.29	02:20:00.218	0.84897				2
2025.04.29	02:20:00.587	0.84898	0.84901			6
2025.04.29	02:20:03.062	0.84895	0.84899			6
2025.04.29	02:20:04.404	0.84894				2
2025.04.29	02:20:05.447	0.84896	0.84900			6
2025.04.29	02:20:06.305	0.84895				2
2025.04.29	02:20:06.629	0.84894	0.84898			6
2025.04.29	02:20:07.853	0.84895				2
2025.04.29	02:20:09.176		0.84899			4
2025.04.29	02:20:10.563	0.84897	0.84900			6
2025.04.29	02:20:12.659	0.84895	0.84898			6
2025.04.29	02:20:21.151	0.84894				2
2025.04.29	02:20:24.575	0.84896	0.84900			6
2025.04.29	02:20:26.722	0.84895				2
2025.04.29	02:20:27.029	0.84897				2
2025.04.29	02:20:27.370	0.84896				2
2025.04.29	02:20:28.778	0.84893	0.84898			6
2025.04.29	02:20:29.180	0.84895	0.84899			6
2025.04.29	02:20:33.758	0.84900	0.84902			6
2025.04.29	02:20:36.387	0.84901				2
2025.04.29	02:20:37.427	0.84900				2
2025.04.29	02:20:42.216		0.84901			4
2025.04.29	02:20:43.384		0.84902			4
2025.04.29	02:20:47.847	0.84899				2
2025.04.29	02:20:49.620		0.84901			4
2025.04.29	02:20:59.092	0.84898	0.84900			6
2025.04.29	02:20:59.400	0.84895	0.84897			6
2025.04.29	02:20:59.703	0.84896				2
2025.04.29	02:21:00.263	0.84896				2
2025.04.29	02:21:01.162	0.84893	0.84894			6
2025.04.29	02:21:02.358	0.84894	0.84895			6
2025.04.29	02:21:02.661	0.84895	0.84896			6
2025.04.29	02:21:02.964	0.84898	0.84899			6
2025.04.29	02:21:03.266	0.84899	0.84900			6
2025.04.29	02:21:05.021	0.84898	0.84899			6
2025.04.29	02:21:05.458		0.84900			4
2025.04.29	02:21:05.907		0.84899			4
2025.04.29	02:21:07.285	0.84897				2
2025.04.29	02:21:07.692	0.84896	0.84898			6
2025.04.29	02:21:15.426	0.84895	0.84899			6
2025.04.29	02:21:16.842	0.84894	0.84898			6
2025.04.29	02:21:19.377		0.84897			4
2025.04.29	02:21:20.355	0.84895				2
2025.04.29	02:21:22.500	0.84894	0.84898			6
2025.04.29	02:21:23.748		0.84897			4
2025.04.29	02:21:24.298		0.84895			4
2025.04.29	02:21:28.842	0.84896	0.84897			6
2025.04.29	02:21:29.147	0.84897	0.84898			6
2025.04.29	02:21:33.410	0.84895	0.84896			6
2025.04.29	02:21:40.597	0.84900	0.84901			6
2025.04.29	02:21:40.969	0.84899	0.84900			6
2025.04.29	02:21:41.282	0.84897	0.84899			6
2025.04.29	02:21:41.585	0.84896				2
2025.04.29	02:21:41.905		0.84898			4
2025.04.29	02:21:42.312	0.84895				2
2025.04.29	02:21:45.140	0.84896				2
2025.04.29	02:21:56.806	0.84897	0.84899			6
2025.04.29	02:22:00.281	0.84897				2
2025.04.29	02:22:01.268	0.84896	0.84898			6
2025.04.29	02:22:01.603	0.84894	0.84897			6
2025.04.29	02:22:11.222	0.84893				2
2025.04.29	02:22:12.071	0.84894				2
2025.04.29	02:22:13.580	0.84893				2
2025.04.29	02:22:13.900	0.84895	0.84898			6
2025.04.29	02:22:14.867		0.84899			4
2025.04.29	02:22:21.180	0.84899	0.84901			6
2025.04.29	02:22:25.567	0.84903	0.84904			6
2025.04.29	02:22:27.061	0.84902				2
2025.04.29	02:22:28.103	0.84903				2
2025.04.29	02:22:29.864	0.84900	0.84903			6
2025.04.29	02:22:30.180	0.84901				2
2025.04.29	02:22:30.518	0.84899				2
2025.04.29	02:22:32.721	0.84902	0.84905			6
2025.04.29	02:22:33.431		0.84904			4
2025.04.29	02:22:33.779	0.84906	0.84908			6
2025.04.29	02:22:34.105		0.84909			4
2025.04.29	02:22:34.896	0.84907				2
2025.04.29	02:22:36.296	0.84906				2
2025.04.29	02:22:37.397	0.84908	0.84910			6
2025.04.29	02:22:37.701	0.84909				2
2025.04.29	02:22:38.347	0.84908				2
2025.04.29	02:22:47.745	0.84909				2
2025.04.29	02:22:51.887	0.84908				2
2025.04.29	02:23:00.359	0.84908				2
2025.04.29	02:23:02.929		0.84911			4
2025.04.29	02:23:03.915	0.84911	0.84912			6
2025.04.29	02:23:04.219	0.84913	0.84914			6
2025.04.29	02:23:15.328	0.84912				2
2025.04.29	02:23:16.605	0.84914	0.84915			6
2025.04.29	02:23:16.989	0.84913				2
2025.04.29	02:23:20.203	0.84912				2
2025.04.29	02:23:20.542	0.84913				2
2025.04.29	02:23:21.865	0.84912				2
2025.04.29	02:23:22.166		0.84914			4
2025.04.29	02:23:22.481		0.84915			4
2025.04.29	02:23:24.198		0.84914			4
2025.04.29	02:23:25.562	0.84909	0.84911			6
2025.04.29	02:23:29.365	0.84912	0.84913			6
2025.04.29	02:23:37.672		0.84914			4
2025.04.29	02:23:42.912		0.84913			4
2025.04.29	02:23:43.218	0.84916	0.84918			6
2025.04.29	02:23:44.352	0.84915				2
2025.04.29	02:23:46.279	0.84916				2
2025.04.29	02:23:47.961	0.84915	0.84919			6
2025.04.29	02:23:48.387	0.84916				2
2025.04.29	02:23:53.306	0.84915	0.84918			6
2025.04.29	02:23:53.933		0.84919			4
2025.04.29	02:23:54.335		0.84918			4
2025.04.29	02:24:00.409	0.84915	0.84919			6
2025.04.29	02:24:01.417	0.84914	0.84918			6
2025.04.29	02:24:06.303	0.84913	0.84917			6
2025.04.29	02:24:10.144	0.84914				2
2025.04.29	02:24:18.538	0.84913				2
2025.04.29	02:24:18.867	0.84914				2
2025.04.29	02:24:21.250	0.84913				2
2025.04.29	02:24:28.926	0.84912	0.84913			6
2025.04.29	02:24:43.833	0.84911				2
2025.04.29	02:24:45.719	0.84912	0.84915			6
2025.04.29	02:25:00.484	0.84912				2
2025.04.29	02:25:01.182	0.84913				2
2025.04.29	02:25:01.500		0.84916			4
2025.04.29	02:25:18.913	0.84912	0.84915			6
2025.04.29	02:25:19.736		0.84916			4
2025.04.29	02:25:20.419		0.84915			4
2025.04.29	02:25:21.717		0.84916			4
2025.04.29	02:25:24.679	0.84913				2
2025.04.29	02:25:29.213	0.84914				2
2025.04.29	02:25:35.387	0.84912	0.84914			6
2025.04.29	02:25:35.706	0.84911				2
2025.04.29	02:25:46.262	0.84912	0.84915			6
2025.04.29	02:25:48.242	0.84910	0.84913			6
2025.04.29	02:25:48.565	0.84909				2
2025.04.29	02:25:49.011	0.84910				2
2025.04.29	02:25:49.410	0.84909				2
2025.04.29	02:25:49.769	0.84910				2
2025.04.29	02:25:50.412	0.84909				2
2025.04.29	02:25:50.779	0.84910				2
2025.04.29	02:25:52.486	0.84909				2
2025.04.29	02:26:00.572	0.84909				2
2025.04.29	02:26:01.756		0.84912			4
2025.04.29	02:26:02.168		0.84913			4
2025.04.29	02:26:02.858		0.84912			4
2025.04.29	02:26:04.341	0.84908				2
2025.04.29	02:26:10.608		0.84911			4
2025.04.29	02:26:12.338	0.84902	0.84905			6
2025.04.29	02:26:21.731		0.84906			4
2025.04.29	02:26:24.457	0.84903	0.84907			6
2025.04.29	02:26:35.356	0.84904				2
2025.04.29	02:26:40.414	0.84907	0.84911			6
2025.04.29	02:26:45.478	0.84906	0.84910			6
2025.04.29	02:26:45.781	0.84908	0.84912			6
2025.04.29	02:26:46.082		0.84911			4
2025.04.29	02:26:48.354		0.84912			4
2025.04.29	02:26:55.046	0.84907	0.84910			6
2025.04.29	02:26:59.921	0.84906	0.84909			6
2025.04.29	02:27:00.331	0.84907	0.84910			6
2025.04.29	02:27:01.036	0.84906				2
2025.04.29	02:27:03.856		0.84909			4
2025.04.29	02:27:04.468		0.84910			4
2025.04.29	02:27:04.797		0.84909			4
2025.04.29	02:27:05.412		0.84910			4
2025.04.29	02:27:05.842		0.84909			4
2025.04.29	02:27:06.861		0.84910			4
2025.04.29	02:27:07.758		0.84909			4
2025.04.29	02:27:08.096		0.84910			4
2025.04.29	02:27:08.573		0.84909			4
2025.04.29	02:27:10.396		0.84910			4
2025.04.29	02:27:11.236	0.84907				2
2025.04.29	02:27:17.106	0.84910	0.84912			6
2025.04.29	02:27:18.269		0.84913			4
2025.04.29	02:27:30.081	0.84916	0.84918			6
2025.04.29	02:27:30.421	0.84915	0.84917			6
2025.04.29	02:27:31.968	0.84914				2
2025.04.29	02:27:32.281	0.84913				2
2025.04.29	02:27:42.350	0.84915				2
2025.04.29	02:27:57.742		0.84918			4
2025.04.29	02:28:03.822	0.84915				2
2025.04.29	02:28:11.889	0.84913	0.84917			6
2025.04.29	02:28:13.758		0.84916			4
2025.04.29	02:28:34.923		0.84917			4
2025.04.29	02:28:37.161		0.84916			4
2025.04.29	02:28:46.686		0.84917			4
2025.04.29	02:29:00.439	0.84913				2
2025.04.29	02:29:03.456	0.84914	0.84918			6
2025.04.29	02:29:03.870	0.84915	0.84919			6
2025.04.29	02:29:05.142	0.84913	0.84915			6
2025.04.29	02:29:05.477	0.84912				2
2025.04.29	02:29:16.280	0.84913				2
2025.04.29	02:29:35.553		0.84916			4
2025.04.29	02:29:42.039	0.84914				2
2025.04.29	02:30:01.386	0.84914				2
2025.04.29	02:30:18.403	0.84912	0.84914			6
2025.04.29	02:30:18.721	0.84918	0.84920			6
2025.04.29	02:30:19.027	0.84919	0.84921			6
2025.04.29	02:30:19.404	0.84918	0.84920			6
2025.04.29	02:30:19.831	0.84917				2
2025.04.29	02:30:20.356	0.84914	0.84917			6
2025.04.29	02:30:25.123	0.84915				2
2025.04.29	02:30:31.473	0.84914	0.84918			6
2025.04.29	02:30:32.958	0.84913	0.84917			6
2025.04.29	02:30:40.384	0.84914				2
2025.04.29	02:30:43.365	0.84915	0.84918			6
2025.04.29	02:30:43.916	0.84916				2
2025.04.29	02:30:45.464	0.84914	0.84917			6
2025.04.29	02:30:46.086		0.84918			4
2025.04.29	02:30:57.031		0.84917			4
2025.04.29	02:31:00.140	0.84914				2
2025.04.29	02:31:03.105	0.84915				2
2025.04.29	02:31:05.797	0.84913				2
2025.04.29	02:31:06.385	0.84912	0.84916			6
2025.04.29	02:31:06.747	0.84911	0.84915			6
2025.04.29	02:31:08.350		0.84914			4
2025.04.29	02:31:15.350	0.84912				2
2025.04.29	02:31:20.570		0.84915			4
2025.04.29	02:31:29.787	0.84916	0.84918			6
2025.04.29	02:31:30.427	0.84913	0.84917			6
2025.04.29	02:31:31.053		0.84915			4
2025.04.29	02:31:31.686		0.84916			4
2025.04.29	02:31:37.819	0.84912	0.84914			6
2025.04.29	02:31:38.124	0.84911				2
2025.04.29	02:31:40.274	0.84912				2
2025.04.29	02:31:48.003		0.84913			4
2025.04.29	02:31:51.708	0.84910				2
2025.04.29	02:31:55.920	0.84909	0.84912			6
2025.04.29	02:31:56.360	0.84908				2
2025.04.29	02:31:59.192	0.84909				2
2025.04.29	02:31:59.501		0.84913			4
2025.04.29	02:32:00.181	0.84910				2
2025.04.29	02:32:01.249		0.84914			4
2025.04.29	02:32:03.884		0.84913			4
2025.04.29	02:32:11.386	0.84909				2
2025.04.29	02:32:18.791	0.84908	0.84912			6
2025.04.29	02:32:20.418	0.84907	0.84911			6
2025.04.29	02:32:33.768		0.84910			4
2025.04.29	02:33:00.581	0.84907				2
2025.04.29	02:33:06.659	0.84908				2
2025.04.29	02:33:13.093	0.84907	0.84909			6
2025.04.29	02:33:23.970	0.84908	0.84910			6
2025.04.29	02:33:26.019		0.84911			4
2025.04.29	02:33:26.349		0.84912			4
2025.04.29	02:33:32.348	0.84909				2
2025.04.29	02:33:32.660	0.84910				2
2025.04.29	02:33:33.084	0.84909				2
2025.04.29	02:33:37.899	0.84908				2
2025.04.29	02:33:51.397		0.84911			4
2025.04.29	02:33:52.061		0.84909			4
2025.04.29	02:34:00.404	0.84908				2
2025.04.29	02:34:02.491	0.84909	0.84912			6
2025.04.29	02:34:04.419		0.84910			4
2025.04.29	02:34:23.557	0.84906	0.84909			6
2025.04.29	02:34:23.859	0.84909	0.84910			6
2025.04.29	02:34:24.280	0.84910	0.84912			6
2025.04.29	02:34:24.582	0.84909				2
2025.04.29	02:34:25.665	0.84916	0.84917			6
2025.04.29	02:34:25.971	0.84914				2
2025.04.29	02:34:26.360		0.84915			4
2025.04.29	02:34:35.711	0.84915	0.84918			6
2025.04.29	02:34:36.020	0.84914	0.84917			6
2025.04.29	02:34:36.332	0.84913	0.84915			6
2025.04.29	02:34:36.640		0.84916			4
2025.04.29	02:34:49.166	0.84912				2
2025.04.29	02:34:55.584	0.84913				2
2025.04.29	02:34:55.981	0.84912				2
2025.04.29	02:34:59.941	0.84913				2
2025.04.29	02:35:00.289	0.84913				2
2025.04.29	02:35:12.905	0.84914				2
2025.04.29	02:35:16.502	0.84913	0.84917			6
2025.04.29	02:35:20.506	0.84912	0.84913			6
2025.04.29	02:35:28.702	0.84913	0.84917			6
2025.04.29	02:35:34.662		0.84916			4
2025.04.29	02:35:38.832	0.84912	0.84915			6
2025.04.29	02:35:39.157		0.84916			4
2025.04.29	02:35:50.566		0.84915			4
2025.04.29	02:35:56.289	0.84911	0.84913			6
2025.04.29	02:35:56.765		0.84912			4
2025.04.29	02:36:00.413	0.84911				2
2025.04.29	02:36:06.260	0.84910	0.84911			6
2025.04.29	02:36:16.560		0.84912			4
2025.04.29	02:36:36.989	0.84909				2
2025.04.29	02:36:52.995	0.84911	0.84914			6
2025.04.29	02:36:54.189	0.84910	0.84912			6
2025.04.29	02:36:54.499		0.84913			4
2025.04.29	02:36:55.406	0.84911	0.84915			6
2025.04.29	02:37:00.361	0.84911				2
2025.04.29	02:37:02.216	0.84912				2
2025.04.29	02:37:03.877	0.84911				2
2025.04.29	02:37:07.110		0.84914			4
2025.04.29	02:37:09.979		0.84912			4
2025.04.29	02:37:11.235	0.84909	0.84911			6
2025.04.29	02:37:13.169	0.84908				2
2025.04.29	02:37:39.997		0.84912			4
2025.04.29	02:37:46.104		0.84911			4
2025.04.29	02:37:52.866	0.84907				2
2025.04.29	02:38:00.309	0.84907				2
2025.04.29	02:38:04.278		0.84910			4
2025.04.29	02:38:09.332	0.84906	0.84909			6
2025.04.29	02:38:09.646	0.84907				2
2025.04.29	02:38:10.355		0.84910			4
2025.04.29	02:38:13.378	0.84906				2
2025.04.29	02:38:22.688	0.84907				2
2025.04.29	02:38:24.271	0.84906				2
2025.04.29	02:38:26.628		0.84909			4
2025.04.29	02:38:32.431	0.84908	0.84912			6
2025.04.29	02:38:40.667	0.84909				2
2025.04.29	02:38:42.728	0.84908				2
2025.04.29	02:38:45.723	0.84909				2
2025.04.29	02:38:53.064	0.84912	0.84915			6
2025.04.29	02:38:56.319	0.84911				2
2025.04.29	02:38:57.397		0.84914			4
2025.04.29	02:39:00.354	0.84911				2
2025.04.29	02:39:07.585	0.84910	0.84913			6
2025.04.29	02:39:08.058		0.84914			4
2025.04.29	02:39:11.637		0.84913			4
2025.04.29	02:39:18.347	0.84908	0.84912			6
2025.04.29	02:39:20.424		0.84911			4
2025.04.29	02:39:21.397	0.84910	0.84913			6
2025.04.29	02:39:28.185		0.84912			4
2025.04.29	02:39:37.931		0.84913			4
2025.04.29	02:39:39.077		0.84912			4
2025.04.29	02:39:41.124		0.84913			4
2025.04.29	02:39:43.870	0.84908	0.84912			6
2025.04.29	02:39:48.351	0.84909				2
2025.04.29	02:39:49.180	0.84910	0.84913			6
2025.04.29	02:39:53.707		0.84912			4
2025.04.29	02:39:54.177	0.84911	0.84915			6
2025.04.29	02:39:54.486		0.84914			4
2025.04.29	02:39:54.961		0.84915			4
2025.04.29	02:39:59.982	0.84910	0.84914			6
2025.04.29	02:40:00.379	0.84911				2
2025.04.29	02:40:00.811	0.84910				2
2025.04.29	02:40:01.535	0.84911				2
2025.04.29	02:40:01.977		0.84915			4
2025.04.29	02:40:04.166	0.84910	0.84914			6
2025.04.29	02:40:04.542	0.84911				2
2025.04.29	02:40:04.865	0.84910				2
2025.04.29	02:40:23.357		0.84913			4
2025.04.29	02:40:23.865		0.84912			4
2025.04.29	02:40:34.435		0.84911			4
2025.04.29	02:40:34.995		0.84912			4
2025.04.29	02:40:43.753	0.84911	0.84914			6
2025.04.29	02:40:44.875		0.84913			4
2025.04.29	02:40:45.482		0.84914			4
2025.04.29	02:41:00.945	0.84911				2
2025.04.29	02:41:32.555		0.84913			4
2025.04.29	02:41:33.093		0.84912			4
2025.04.29	02:41:35.185		0.84913			4
2025.04.29	02:41:45.993		0.84914			4
2025.04.29	02:41:52.584	0.84912	0.84915			6
2025.04.29	02:41:52.899	0.84911				2
2025.04.29	02:41:53.250	0.84910	0.84914			6
2025.04.29	02:41:53.948		0.84913			4
2025.04.29	02:42:00.149	0.84913	0.84915			6
2025.04.29	02:42:00.461	0.84910	0.84913			6
2025.04.29	02:42:01.751	0.84909	0.84912			6
2025.04.29	02:42:03.003	0.84910	0.84913			6
2025.04.29	02:42:03.306	0.84909				2
2025.04.29	02:42:05.318	0.84910				2
2025.04.29	02:42:11.051		0.84912			4
2025.04.29	02:42:12.976		0.84913			4
2025.04.29	02:42:20.783		0.84912			4
2025.04.29	02:42:21.998		0.84911			4
2025.04.29	02:42:23.670	0.84908				2
2025.04.29	02:42:36.819	0.84912	0.84913			6
2025.04.29	02:42:37.124	0.84908	0.84911			6
2025.04.29	02:42:37.640	0.84911	0.84914			6
2025.04.29	02:42:43.051		0.84913			4
2025.04.29	02:42:45.272	0.84910	0.84912			6
2025.04.29	02:42:47.674	0.84909				2
2025.04.29	02:42:48.563		0.84911			4
2025.04.29	02:42:49.884		0.84913			4
2025.04.29	02:42:50.807	0.84908	0.84911			6
2025.04.29	02:42:51.330	0.84907				2
2025.04.29	02:42:53.602	0.84910	0.84913			6
2025.04.29	02:42:54.186		0.84912			4
2025.04.29	02:42:54.515		0.84913			4
2025.04.29	02:43:00.401	0.84910				2
2025.04.29	02:43:02.110	0.84909				2
2025.04.29	02:43:03.676	0.84911	0.84914			6
2025.04.29	02:43:07.641		0.84915			4
2025.04.29	02:43:08.653	0.84910	0.84914			6
2025.04.29	02:43:09.890		0.84913			4
2025.04.29	02:43:17.447	0.84911	0.84914			6
2025.04.29	02:43:17.801	0.84910				2
2025.04.29	02:43:18.280	0.84911	0.84915			6
2025.04.29	02:43:20.335		0.84914			4
2025.04.29	02:43:22.423		0.84915			4
