<DATE>	<TIME>	<BID>	<ASK>	<LAST>	<VOLUME>	<FLAGS>
2025.12.22	00:03:30.763	0.87478	0.87613			6
2025.12.22	00:04:10.547	0.87478				2
2025.12.22	00:04:40.548		0.87613			4
2025.12.22	00:05:00.436	0.87497	0.87593			6
2025.12.22	00:06:19.872	0.87497	0.87593			6
2025.12.22	00:07:06.163	0.87497				2
2025.12.22	00:07:21.903		0.87593			4
2025.12.22	00:08:00.533	0.87497				2
2025.12.22	00:08:22.246		0.87593			4
2025.12.22	00:08:40.441	0.87498	0.87592			6
2025.12.22	00:09:01.568	0.87498				2
2025.12.22	00:09:40.803		0.87592			4
2025.12.22	00:10:00.313	0.87498				2
2025.12.22	00:10:40.809		0.87592			4
2025.12.22	00:11:01.208	0.87498				2
2025.12.22	00:11:41.108		0.87592			4
2025.12.22	00:12:00.311	0.87498				2
2025.12.22	00:12:12.308	0.87499	0.87591			6
2025.12.22	00:13:00.006	0.87499				2
2025.12.22	00:13:13.330		0.87591			4
2025.12.22	00:14:01.507	0.87499				2
2025.12.22	00:14:14.093		0.87591			4
2025.12.22	00:15:00.481	0.87498	0.87592			6
2025.12.22	00:15:01.839	0.87499	0.87591			6
2025.12.22	00:15:03.281	0.87505	0.87585			6
2025.12.22	00:15:11.126	0.87506	0.87587			6
2025.12.22	00:15:15.377	0.87503	0.87583			6
2025.12.22	00:15:36.127	0.87498	0.87592			6
2025.12.22	00:15:38.138	0.87504	0.87589			6
2025.12.22	00:16:00.449	0.87504				2
2025.12.22	00:16:06.607	0.87498	0.87592			6
2025.12.22	00:16:08.178	0.87504	0.87590			6
2025.12.22	00:17:00.535	0.87504				2
2025.12.22	00:17:08.408		0.87590			4
2025.12.22	00:18:02.039	0.87504				2
2025.12.22	00:18:08.709		0.87590			4
2025.12.22	00:19:02.708	0.87504				2
2025.12.22	00:19:04.985	0.87498	0.87592			6
2025.12.22	00:19:08.331	0.87502	0.87586			6
2025.12.22	00:20:00.311	0.87502				2
2025.12.22	00:20:07.742	0.87499	0.87566			6
2025.12.22	00:20:25.493	0.87505				2
2025.12.22	00:21:03.009	0.87505				2
2025.12.22	00:21:04.807	0.87503				2
2025.12.22	00:21:08.407		0.87566			4
2025.12.22	00:22:00.538	0.87503				2
2025.12.22	00:22:05.020	0.87504				2
2025.12.22	00:22:09.907		0.87566			4
2025.12.22	00:23:01.211	0.87504				2
2025.12.22	00:23:11.707		0.87566			4
2025.12.22	00:24:02.426	0.87504				2
2025.12.22	00:24:13.512		0.87566			4
2025.12.22	00:24:21.315	0.87506	0.87563			6
2025.12.22	00:25:00.311	0.87506				2
2025.12.22	00:25:21.338		0.87563			4
2025.12.22	00:26:03.515	0.87506				2
2025.12.22	00:26:05.032	0.87507				2
2025.12.22	00:26:22.529		0.87563			4
2025.12.22	00:26:35.513	0.87501				2
2025.12.22	00:26:39.398	0.87507				2
2025.12.22	00:27:00.463	0.87507				2
2025.12.22	00:27:05.031	0.87508				2
2025.12.22	00:27:24.095		0.87563			4
2025.12.22	00:28:00.535	0.87508				2
2025.12.22	00:28:24.152		0.87563			4
2025.12.22	00:29:01.211	0.87508				2
2025.12.22	00:29:25.207		0.87563			4
2025.12.22	00:30:00.453	0.87508				2
2025.12.22	00:30:00.970	0.87505				2
2025.12.22	00:30:05.907	0.87504				2
2025.12.22	00:30:06.506	0.87502				2
2025.12.22	00:30:07.020	0.87501				2
2025.12.22	00:30:09.484	0.87499				2
2025.12.22	00:30:26.407		0.87563			4
2025.12.22	00:30:44.708	0.87505				2
2025.12.22	00:30:45.017	0.87509				2
2025.12.22	00:30:45.676	0.87512				2
2025.12.22	00:30:45.977	0.87509				2
2025.12.22	00:31:00.973	0.87509				2
2025.12.22	00:31:16.492	0.87502	0.87584			6
2025.12.22	00:31:17.533	0.87504				2
2025.12.22	00:32:00.309	0.87504				2
2025.12.22	00:32:16.507		0.87584			4
2025.12.22	00:32:17.903		0.87563			4
2025.12.22	00:33:00.066	0.87504				2
2025.12.22	00:33:17.906	0.87503	0.87563			6
2025.12.22	00:33:30.745	0.87502				2
2025.12.22	00:33:31.449	0.87499				2
2025.12.22	00:33:59.867	0.87502				2
2025.12.22	00:34:00.534	0.87502				2
2025.12.22	00:34:05.527	0.87505				2
2025.12.22	00:34:18.892		0.87563			4
2025.12.22	00:34:50.551	0.87506				2
2025.12.22	00:35:00.551	0.87506				2
2025.12.22	00:35:06.987	0.87507				2
2025.12.22	00:35:07.564	0.87510				2
2025.12.22	00:35:09.873		0.87565			4
2025.12.22	00:35:10.534		0.87563			4
2025.12.22	00:35:12.555	0.87514				2
2025.12.22	00:35:16.162		0.87569			4
2025.12.22	00:35:17.172		0.87563			4
2025.12.22	00:35:18.557	0.87517				2
2025.12.22	00:35:20.556	0.87520				2
2025.12.22	00:35:22.828		0.87567			4
2025.12.22	00:35:23.803		0.87563			4
2025.12.22	00:35:24.203		0.87567			4
2025.12.22	00:35:26.589		0.87563			4
2025.12.22	00:35:27.767		0.87574			4
2025.12.22	00:35:31.376	0.87525	0.87562			6
2025.12.22	00:35:35.551	0.87498	0.87563			6
2025.12.22	00:35:48.203	0.87502				2
2025.12.22	00:35:51.383	0.87504				2
2025.12.22	00:35:52.956	0.87498				2
2025.12.22	00:36:00.654	0.87498				2
2025.12.22	00:36:35.603		0.87563			4
2025.12.22	00:37:00.416	0.87498				2
2025.12.22	00:37:38.707		0.87563			4
2025.12.22	00:38:00.025	0.87498				2
2025.12.22	00:38:01.569	0.87503				2
2025.12.22	00:38:03.346	0.87501				2
2025.12.22	00:38:03.674	0.87498				2
2025.12.22	00:38:03.994		0.87575			4
2025.12.22	00:38:08.412		0.87579			4
2025.12.22	00:38:10.357		0.87578			4
2025.12.22	00:38:14.185	0.87499	0.87580			6
2025.12.22	00:38:14.685	0.87523	0.87562			6
2025.12.22	00:38:15.520	0.87525				2
2025.12.22	00:38:25.803	0.87523				2
2025.12.22	00:38:26.132	0.87521	0.87563			6
2025.12.22	00:38:40.859	0.87522	0.87562			6
2025.12.22	00:39:00.303	0.87522				2
2025.12.22	00:39:09.267	0.87501				2
2025.12.22	00:39:10.250	0.87509				2
2025.12.22	00:39:17.166	0.87505				2
2025.12.22	00:39:17.535	0.87500				2
2025.12.22	00:39:18.511	0.87521				2
2025.12.22	00:39:23.184	0.87500				2
2025.12.22	00:39:27.326	0.87521				2
2025.12.22	00:39:38.186	0.87501				2
2025.12.22	00:39:41.106	0.87522	0.87562			6
2025.12.22	00:40:00.304	0.87522				2
2025.12.22	00:40:10.964	0.87520				2
2025.12.22	00:40:11.967	0.87521				2
2025.12.22	00:40:15.285	0.87499				2
2025.12.22	00:40:15.595	0.87503				2
2025.12.22	00:40:16.287	0.87499				2
2025.12.22	00:40:16.789	0.87503				2
2025.12.22	00:40:17.287	0.87499				2
2025.12.22	00:40:17.708	0.87503				2
2025.12.22	00:40:18.231	0.87499				2
2025.12.22	00:40:18.608	0.87503				2
2025.12.22	00:40:19.290	0.87499				2
2025.12.22	00:40:19.788	0.87503				2
2025.12.22	00:40:20.288	0.87499				2
2025.12.22	00:40:20.708	0.87503				2
2025.12.22	00:40:21.288	0.87499				2
2025.12.22	00:40:21.788	0.87503				2
2025.12.22	00:40:22.287	0.87499				2
2025.12.22	00:40:22.789	0.87503				2
2025.12.22	00:40:23.187	0.87499				2
2025.12.22	00:40:41.438		0.87562			4
2025.12.22	00:40:47.073	0.87501				2
2025.12.22	00:40:57.354	0.87499				2
2025.12.22	00:41:01.071	0.87499				2
2025.12.22	00:41:41.452		0.87562			4
2025.12.22	00:42:00.007	0.87499				2
2025.12.22	00:42:41.676		0.87562			4
2025.12.22	00:43:00.307	0.87499				2
2025.12.22	00:43:41.782		0.87562			4
2025.12.22	00:44:00.118	0.87499				2
2025.12.22	00:44:27.177		0.87561			4
2025.12.22	00:44:27.572		0.87562			4
2025.12.22	00:44:29.108		0.87561			4
2025.12.22	00:44:29.762		0.87562			4
2025.12.22	00:44:30.505		0.87561			4
2025.12.22	00:44:30.926		0.87562			4
2025.12.22	00:45:00.607	0.87499				2
2025.12.22	00:45:03.165	0.87443	0.87575			6
2025.12.22	00:45:04.074	0.87446				2
2025.12.22	00:45:04.396	0.87443				2
2025.12.22	00:45:04.703	0.87446				2
2025.12.22	00:45:05.028	0.87439				2
2025.12.22	00:45:05.653		0.87581			4
2025.12.22	00:45:05.978	0.87440				2
2025.12.22	00:45:06.305	0.87434				2
2025.12.22	00:45:06.622	0.87499	0.87562			6
2025.12.22	00:45:12.188	0.87511	0.87550			6
2025.12.22	00:45:15.067	0.87514	0.87578			6
2025.12.22	00:45:20.567	0.87518	0.87579			6
2025.12.22	00:46:00.037	0.87518				2
2025.12.22	00:46:21.008		0.87579			4
2025.12.22	00:47:00.314	0.87518				2
2025.12.22	00:47:03.144	0.87455	0.87590			6
2025.12.22	00:47:04.393	0.87456				2
2025.12.22	00:47:06.273	0.87457				2
2025.12.22	00:47:06.600	0.87518	0.87579			6
2025.12.22	00:47:21.170	0.87510	0.87582			6
2025.12.22	00:47:44.982	0.87514	0.87581			6
2025.12.22	00:47:48.087	0.87510				2
2025.12.22	00:47:54.110		0.87580			4
2025.12.22	00:47:57.514		0.87579			4
2025.12.22	00:47:59.594		0.87584			4
2025.12.22	00:48:00.908	0.87510				2
2025.12.22	00:48:05.408		0.87583			4
2025.12.22	00:48:07.182		0.87584			4
2025.12.22	00:48:20.571	0.87520	0.87580			6
2025.12.22	00:48:22.468	0.87515	0.87577			6
2025.12.22	00:48:24.542	0.87513	0.87574			6
2025.12.22	00:48:27.483	0.87517	0.87576			6
2025.12.22	00:48:27.797	0.87513	0.87572			6
2025.12.22	00:49:00.608	0.87513				2
2025.12.22	00:49:29.100		0.87572			4
2025.12.22	00:50:01.508	0.87513				2
2025.12.22	00:50:21.428	0.87510				2
2025.12.22	00:50:28.193	0.87512				2
2025.12.22	00:50:29.222		0.87572			4
2025.12.22	00:51:04.253	0.87512				2
2025.12.22	00:51:35.600		0.87572			4
2025.12.22	00:51:39.783	0.87510	0.87567			6
2025.12.22	00:51:43.074	0.87513	0.87573			6
2025.12.22	00:51:47.182		0.87572			4
2025.12.22	00:51:47.617	0.87511	0.87574			6
2025.12.22	00:51:48.160	0.87513	0.87572			6
2025.12.22	00:52:00.533	0.87513				2
2025.12.22	00:52:48.310		0.87572			4
2025.12.22	00:53:00.012	0.87513				2
2025.12.22	00:53:16.235	0.87515	0.87568			6
2025.12.22	00:53:24.291		0.87572			4
2025.12.22	00:53:54.708	0.87524	0.87580			6
2025.12.22	00:54:00.907	0.87524				2
2025.12.22	00:54:54.908		0.87580			4
2025.12.22	00:54:59.114	0.87526				2
2025.12.22	00:55:00.392	0.87526				2
2025.12.22	00:55:28.676	0.87530	0.87584			6
2025.12.22	00:55:51.559		0.87569			4
2025.12.22	00:55:55.836	0.87528				2
2025.12.22	00:55:58.188	0.87517				2
2025.12.22	00:56:00.537	0.87520				2
2025.12.22	00:56:00.871	0.87517				2
2025.12.22	00:56:01.187	0.87524				2
2025.12.22	00:56:03.557	0.87527				2
2025.12.22	00:56:03.896	0.87523				2
2025.12.22	00:56:04.700	0.87530				2
2025.12.22	00:56:51.870		0.87569			4
2025.12.22	00:57:01.208	0.87530				2
2025.12.22	00:57:03.653		0.87584			4
2025.12.22	00:57:04.246		0.87582			4
2025.12.22	00:57:08.889		0.87581			4
2025.12.22	00:57:11.107		0.87580			4
2025.12.22	00:57:20.408		0.87579			4
2025.12.22	00:57:29.107		0.87580			4
2025.12.22	00:57:30.396		0.87579			4
2025.12.22	00:57:33.778	0.87520				2
2025.12.22	00:57:34.239	0.87519	0.87578			6
2025.12.22	00:57:37.514	0.87516				2
2025.12.22	00:57:38.964	0.87518				2
2025.12.22	00:57:43.764		0.87576			4
2025.12.22	00:57:44.592	0.87519				2
2025.12.22	00:57:48.542	0.87518	0.87577			6
2025.12.22	00:57:49.511		0.87576			4
2025.12.22	00:57:49.881	0.87519				2
2025.12.22	00:58:00.308	0.87519				2
2025.12.22	00:58:08.551	0.87522	0.87578			6
2025.12.22	00:58:08.855	0.87524				2
2025.12.22	00:58:09.964	0.87519	0.87576			6
2025.12.22	00:58:10.514	0.87521	0.87578			6
2025.12.22	00:58:15.416		0.87579			4
2025.12.22	00:58:19.992		0.87577			4
2025.12.22	00:58:21.055		0.87576			4
2025.12.22	00:58:22.642		0.87575			4
2025.12.22	00:58:24.049		0.87577			4
2025.12.22	00:58:37.641		0.87578			4
2025.12.22	00:58:46.426	0.87527	0.87575			6
2025.12.22	00:58:46.738	0.87539	0.87581			6
2025.12.22	00:58:47.408		0.87580			4
2025.12.22	00:58:48.817	0.87536	0.87579			6
2025.12.22	00:58:54.314	0.87534	0.87578			6
2025.12.22	00:58:54.627	0.87542	0.87580			6
2025.12.22	00:58:55.748		0.87581			4
2025.12.22	00:58:57.677	0.87536	0.87579			6
2025.12.22	00:58:58.477	0.87541	0.87581			6
2025.12.22	00:58:59.471	0.87533	0.87579			6
2025.12.22	00:58:59.776	0.87544	0.87581			6
2025.12.22	00:59:00.374	0.87544	0.87583			6
2025.12.22	00:59:01.793	0.87541	0.87582			6
2025.12.22	00:59:05.502	0.87540				2
2025.12.22	00:59:10.701	0.87520	0.87573			6
2025.12.22	00:59:11.037	0.87521	0.87565			6
2025.12.22	00:59:11.376	0.87520	0.87571			6
2025.12.22	00:59:11.726	0.87519				2
2025.12.22	00:59:22.055	0.87521				2
2025.12.22	00:59:24.329	0.87519				2
2025.12.22	00:59:25.026	0.87518				2
2025.12.22	00:59:25.333	0.87516	0.87575			6
2025.12.22	00:59:26.603	0.87515				2
2025.12.22	00:59:28.452	0.87518				2
2025.12.22	00:59:35.593	0.87521				2
2025.12.22	00:59:39.399	0.87518				2
2025.12.22	00:59:41.109	0.87517				2
2025.12.22	00:59:50.601	0.87519				2
2025.12.22	00:59:51.332	0.87520				2
2025.12.22	00:59:56.108	0.87519				2
2025.12.22	00:59:57.613	0.87521				2
2025.12.22	00:59:58.433	0.87544	0.87581			6
2025.12.22	01:00:00.230	0.87535	0.87580			6
2025.12.22	01:00:00.540	0.87540	0.87586			6
2025.12.22	01:00:00.864	0.87543				2
2025.12.22	01:00:01.170	0.87548				2
2025.12.22	01:00:01.478	0.87550				2
2025.12.22	01:00:02.248		0.87587			4
2025.12.22	01:00:02.919	0.87553	0.87589			6
2025.12.22	01:00:03.239	0.87554				2
2025.12.22	01:00:03.977	0.87546	0.87605			6
2025.12.22	01:00:04.280		0.87606			4
2025.12.22	01:00:05.532	0.87548	0.87603			6
2025.12.22	01:00:05.845		0.87602			4
2025.12.22	01:00:06.466	0.87545	0.87603			6
2025.12.22	01:00:06.775	0.87547				2
2025.12.22	01:00:07.386	0.87548	0.87602			6
2025.12.22	01:00:07.688	0.87556	0.87577			6
2025.12.22	01:00:08.050		0.87576			4
2025.12.22	01:00:08.385	0.87549				2
2025.12.22	01:00:08.719	0.87551				2
2025.12.22	01:00:09.583	0.87552				2
2025.12.22	01:00:09.916	0.87551				2
2025.12.22	01:00:10.374		0.87574			4
2025.12.22	01:00:10.810	0.87552	0.87572			6
2025.12.22	01:00:11.450		0.87575			4
2025.12.22	01:00:11.884	0.87553	0.87573			6
2025.12.22	01:00:12.220	0.87548	0.87577			6
2025.12.22	01:00:12.523	0.87552	0.87566			6
2025.12.22	01:00:12.844	0.87550	0.87575			6
2025.12.22	01:00:13.169		0.87576			4
2025.12.22	01:00:13.487	0.87548				2
2025.12.22	01:00:13.803	0.87545				2
2025.12.22	01:00:15.125	0.87546				2
2025.12.22	01:00:15.444	0.87545				2
2025.12.22	01:00:16.004	0.87546				2
2025.12.22	01:00:16.331	0.87545				2
2025.12.22	01:00:16.639	0.87543	0.87581			6
2025.12.22	01:00:16.952	0.87537	0.87574			6
2025.12.22	01:00:17.260	0.87538	0.87573			6
2025.12.22	01:00:18.007	0.87532				2
2025.12.22	01:00:18.319	0.87539	0.87572			6
2025.12.22	01:00:18.771	0.87533	0.87570			6
2025.12.22	01:00:19.332	0.87534				2
2025.12.22	01:00:19.643	0.87537	0.87569			6
2025.12.22	01:00:19.946		0.87570			4
2025.12.22	01:00:20.271	0.87536				2
2025.12.22	01:00:20.676	0.87543	0.87572			6
2025.12.22	01:00:21.829	0.87540	0.87571			6
2025.12.22	01:00:22.600	0.87541				2
2025.12.22	01:00:23.528	0.87539	0.87570			6
2025.12.22	01:00:24.093	0.87538	0.87572			6
2025.12.22	01:00:24.403	0.87541	0.87578			6
2025.12.22	01:00:29.690	0.87536				2
2025.12.22	01:00:30.193	0.87537				2
2025.12.22	01:00:30.500	0.87538	0.87577			6
2025.12.22	01:00:30.991	0.87544	0.87571			6
2025.12.22	01:00:31.298	0.87543				2
2025.12.22	01:00:32.044	0.87542				2
2025.12.22	01:00:32.389	0.87556	0.87575			6
2025.12.22	01:00:32.742		0.87570			4
2025.12.22	01:00:33.066		0.87572			4
2025.12.22	01:00:33.475	0.87545				2
2025.12.22	01:00:36.723		0.87571			4
2025.12.22	01:00:39.577	0.87548	0.87566			6
2025.12.22	01:00:39.881	0.87543	0.87578			6
2025.12.22	01:00:41.918	0.87545	0.87569			6
2025.12.22	01:00:42.442		0.87571			4
2025.12.22	01:00:43.809	0.87554				2
2025.12.22	01:00:44.119	0.87543	0.87570			6
2025.12.22	01:00:44.545	0.87551	0.87571			6
2025.12.22	01:00:45.769	0.87542	0.87570			6
2025.12.22	01:00:46.158	0.87543	0.87569			6
2025.12.22	01:00:46.479	0.87546				2
2025.12.22	01:00:46.798		0.87572			4
2025.12.22	01:00:47.102	0.87551	0.87567			6
2025.12.22	01:00:47.530	0.87545				2
2025.12.22	01:00:47.876	0.87544				2
2025.12.22	01:00:49.209	0.87542				2
2025.12.22	01:00:49.530	0.87543	0.87568			6
2025.12.22	01:00:49.842	0.87547	0.87569			6
2025.12.22	01:00:50.412	0.87546	0.87567			6
2025.12.22	01:00:50.729	0.87542				2
2025.12.22	01:00:51.457	0.87543				2
2025.12.22	01:00:52.204	0.87545	0.87570			6
2025.12.22	01:00:52.562	0.87552	0.87569			6
2025.12.22	01:00:52.879	0.87543				2
2025.12.22	01:00:53.443	0.87542				2
2025.12.22	01:00:53.752		0.87568			4
2025.12.22	01:00:54.308	0.87544				2
2025.12.22	01:00:55.878	0.87542	0.87572			6
2025.12.22	01:00:56.183	0.87543	0.87569			6
2025.12.22	01:00:56.499		0.87568			4
2025.12.22	01:00:57.168	0.87545	0.87567			6
2025.12.22	01:00:57.512	0.87543	0.87572			6
2025.12.22	01:00:58.063	0.87545	0.87567			6
2025.12.22	01:00:58.377	0.87546	0.87561			6
2025.12.22	01:00:58.724	0.87547	0.87565			6
2025.12.22	01:00:59.038	0.87545	0.87571			6
2025.12.22	01:00:59.373	0.87549	0.87565			6
2025.12.22	01:00:59.678	0.87552	0.87573			6
2025.12.22	01:01:00.005	0.87546				2
2025.12.22	01:01:00.307	0.87547	0.87571			6
2025.12.22	01:01:00.693	0.87544				2
2025.12.22	01:01:00.999	0.87545				2
2025.12.22	01:01:01.357	0.87543				2
2025.12.22	01:01:01.688	0.87540	0.87573			6
2025.12.22	01:01:02.094		0.87572			4
2025.12.22	01:01:02.399	0.87538	0.87571			6
2025.12.22	01:01:02.878		0.87573			4
2025.12.22	01:01:03.203	0.87540	0.87571			6
2025.12.22	01:01:03.518		0.87572			4
2025.12.22	01:01:07.259		0.87571			4
2025.12.22	01:01:08.161	0.87538				2
2025.12.22	01:01:09.504	0.87541				2
2025.12.22	01:01:10.386	0.87542				2
2025.12.22	01:01:10.698	0.87547				2
2025.12.22	01:01:11.259	0.87540				2
2025.12.22	01:01:11.673	0.87542				2
2025.12.22	01:01:12.729	0.87544	0.87569			6
2025.12.22	01:01:13.811		0.87567			4
2025.12.22	01:01:15.388	0.87546	0.87566			6
2025.12.22	01:01:15.834	0.87547				2
2025.12.22	01:01:18.325	0.87544				2
2025.12.22	01:01:18.628	0.87545				2
2025.12.22	01:01:19.310	0.87546				2
2025.12.22	01:01:19.844	0.87547				2
2025.12.22	01:01:21.130	0.87548	0.87565			6
2025.12.22	01:01:21.475	0.87549				2
2025.12.22	01:01:21.796		0.87566			4
2025.12.22	01:01:22.099	0.87550				2
2025.12.22	01:01:22.402	0.87549				2
2025.12.22	01:01:22.706	0.87550				2
2025.12.22	01:01:23.143	0.87551				2
2025.12.22	01:01:23.708	0.87549				2
2025.12.22	01:01:25.266	0.87548				2
2025.12.22	01:01:26.702	0.87550				2
2025.12.22	01:01:27.018	0.87548				2
2025.12.22	01:01:27.727	0.87551	0.87568			6
2025.12.22	01:01:28.039	0.87553	0.87570			6
2025.12.22	01:01:28.677	0.87552	0.87569			6
2025.12.22	01:01:29.719	0.87553				2
2025.12.22	01:01:30.379	0.87552				2
2025.12.22	01:01:31.808		0.87570			4
2025.12.22	01:01:32.651	0.87553	0.87569			6
2025.12.22	01:01:33.504	0.87558	0.87575			6
2025.12.22	01:01:33.821	0.87557	0.87574			6
2025.12.22	01:01:34.175	0.87556				2
2025.12.22	01:01:38.373	0.87558				2
2025.12.22	01:01:39.057	0.87557	0.87572			6
2025.12.22	01:01:40.061	0.87556	0.87573			6
2025.12.22	01:01:40.375	0.87557	0.87575			6
2025.12.22	01:01:40.698		0.87574			4
2025.12.22	01:01:41.383		0.87573			4
2025.12.22	01:01:41.693	0.87555				2
2025.12.22	01:01:42.696		0.87572			4
2025.12.22	01:01:43.682		0.87570			4
2025.12.22	01:01:44.407	0.87554				2
2025.12.22	01:01:47.412	0.87555				2
2025.12.22	01:01:48.481	0.87556	0.87572			6
2025.12.22	01:01:51.970	0.87554				2
2025.12.22	01:01:52.274	0.87555				2
2025.12.22	01:01:53.515	0.87554				2
2025.12.22	01:01:54.375	0.87555				2
2025.12.22	01:01:54.987	0.87554				2
2025.12.22	01:01:55.899	0.87556	0.87574			6
2025.12.22	01:01:56.377	0.87554	0.87573			6
2025.12.22	01:01:57.442	0.87556				2
2025.12.22	01:01:58.443	0.87553	0.87574			6
2025.12.22	01:01:58.753	0.87554				2
2025.12.22	01:01:59.766	0.87550				2
2025.12.22	01:02:00.374	0.87554				2
2025.12.22	01:02:00.689	0.87548	0.87573			6
2025.12.22	01:02:01.285	0.87554				2
2025.12.22	01:02:02.924	0.87556				2
2025.12.22	01:02:03.684	0.87553				2
2025.12.22	01:02:04.037	0.87556				2
2025.12.22	01:02:04.652	0.87557				2
2025.12.22	01:02:05.118	0.87552				2
2025.12.22	01:02:05.558	0.87558				2
2025.12.22	01:02:06.692	0.87544	0.87574			6
2025.12.22	01:02:07.327	0.87540				2
2025.12.22	01:02:09.497	0.87548	0.87579			6
2025.12.22	01:02:10.692	0.87546				2
2025.12.22	01:02:13.209	0.87544				2
2025.12.22	01:02:13.543	0.87546				2
2025.12.22	01:02:14.709	0.87547	0.87577			6
2025.12.22	01:02:16.272	0.87545				2
2025.12.22	01:02:17.350	0.87546				2
2025.12.22	01:02:18.374	0.87545	0.87574			6
2025.12.22	01:02:19.526	0.87547				2
2025.12.22	01:02:19.908	0.87548				2
2025.12.22	01:02:20.378	0.87551				2
2025.12.22	01:02:20.697	0.87548				2
2025.12.22	01:02:21.443	0.87546				2
2025.12.22	01:02:22.508	0.87545				2
2025.12.22	01:02:23.373	0.87544				2
2025.12.22	01:02:24.308	0.87543	0.87575			6
2025.12.22	01:02:24.636	0.87545	0.87574			6
2025.12.22	01:02:26.708	0.87543				2
2025.12.22	01:02:29.898	0.87542				2
2025.12.22	01:02:31.285	0.87543				2
2025.12.22	01:02:34.296	0.87544				2
2025.12.22	01:02:43.050	0.87545				2
2025.12.22	01:02:43.650	0.87544	0.87577			6
2025.12.22	01:02:43.980	0.87541				2
2025.12.22	01:02:44.292	0.87542				2
2025.12.22	01:02:45.364	0.87541				2
2025.12.22	01:02:47.434	0.87546	0.87576			6
2025.12.22	01:02:47.738		0.87578			4
2025.12.22	01:02:48.166		0.87576			4
2025.12.22	01:02:55.920		0.87574			4
2025.12.22	01:03:00.215	0.87546				2
2025.12.22	01:03:01.808	0.87543	0.87580			6
2025.12.22	01:03:03.281	0.87544				2
2025.12.22	01:03:04.191	0.87546	0.87574			6
2025.12.22	01:03:05.109		0.87571			4
2025.12.22	01:03:06.500	0.87544	0.87567			6
2025.12.22	01:03:08.410	0.87545	0.87569			6
2025.12.22	01:03:08.730		0.87570			4
2025.12.22	01:03:09.065	0.87544	0.87568			6
2025.12.22	01:03:11.035	0.87546	0.87572			6
2025.12.22	01:03:11.342	0.87543	0.87569			6
2025.12.22	01:03:11.660	0.87544	0.87570			6
2025.12.22	01:03:12.001	0.87545	0.87571			6
2025.12.22	01:03:12.456	0.87544				2
2025.12.22	01:03:13.249		0.87570			4
2025.12.22	01:03:14.250	0.87546	0.87566			6
2025.12.22	01:03:14.588	0.87543				2
2025.12.22	01:03:15.382	0.87544	0.87571			6
2025.12.22	01:03:15.686	0.87543				2
2025.12.22	01:03:17.654	0.87544				2
2025.12.22	01:03:19.098		0.87568			4
2025.12.22	01:03:22.147	0.87543	0.87567			6
2025.12.22	01:03:22.542		0.87566			4
2025.12.22	01:03:28.805		0.87568			4
2025.12.22	01:03:29.372	0.87542				2
2025.12.22	01:03:29.939		0.87567			4
2025.12.22	01:03:31.360	0.87539	0.87562			6
2025.12.22	01:03:32.710		0.87564			4
2025.12.22	01:03:33.114		0.87563			4
2025.12.22	01:03:33.420		0.87564			4
2025.12.22	01:03:33.805	0.87538	0.87563			6
2025.12.22	01:03:34.108	0.87539				2
2025.12.22	01:03:34.904		0.87564			4
2025.12.22	01:03:36.184	0.87540				2
2025.12.22	01:03:36.691	0.87541				2
2025.12.22	01:03:38.408	0.87539				2
2025.12.22	01:03:39.372	0.87540				2
2025.12.22	01:03:41.317	0.87536	0.87559			6
2025.12.22	01:03:41.658	0.87535	0.87558			6
2025.12.22	01:03:42.831	0.87536				2
2025.12.22	01:03:43.813	0.87546				2
2025.12.22	01:03:44.613	0.87535				2
2025.12.22	01:03:45.307	0.87536				2
2025.12.22	01:03:47.768		0.87559			4
2025.12.22	01:03:48.166		0.87561			4
2025.12.22	01:03:48.515	0.87535	0.87558			6
2025.12.22	01:03:50.287	0.87536	0.87559			6
2025.12.22	01:03:51.295	0.87537	0.87558			6
2025.12.22	01:03:51.599	0.87538	0.87552			6
2025.12.22	01:03:51.905		0.87554			4
2025.12.22	01:03:52.372	0.87539	0.87556			6
2025.12.22	01:03:52.801		0.87555			4
2025.12.22	01:03:54.908	0.87538				2
2025.12.22	01:03:58.209	0.87539				2
2025.12.22	01:03:59.374	0.87537				2
2025.12.22	01:03:59.693	0.87535				2
2025.12.22	01:04:00.001	0.87537				2
2025.12.22	01:04:00.444	0.87535				2
2025.12.22	01:04:01.006	0.87537				2
2025.12.22	01:04:01.311	0.87536	0.87554			6
2025.12.22	01:04:01.619		0.87557			4
2025.12.22	01:04:03.457		0.87554			4
2025.12.22	01:04:03.763	0.87538	0.87557			6
2025.12.22	01:04:04.855	0.87537	0.87554			6
2025.12.22	01:04:05.159	0.87539	0.87558			6
2025.12.22	01:04:05.864		0.87555			4
2025.12.22	01:04:06.239	0.87538	0.87557			6
2025.12.22	01:04:06.542	0.87541	0.87556			6
2025.12.22	01:04:06.880		0.87557			4
2025.12.22	01:04:07.262	0.87539				2
2025.12.22	01:04:07.761	0.87538	0.87555			6
2025.12.22	01:04:08.982		0.87554			4
2025.12.22	01:04:09.310	0.87539	0.87555			6
2025.12.22	01:04:09.919	0.87541	0.87557			6
2025.12.22	01:04:10.337	0.87542	0.87559			6
2025.12.22	01:04:10.688	0.87541	0.87557			6
2025.12.22	01:04:10.998	0.87536				2
2025.12.22	01:04:11.319	0.87542				2
2025.12.22	01:04:11.661	0.87538				2
2025.12.22	01:04:13.237		0.87556			4
2025.12.22	01:04:14.115	0.87534				2
2025.12.22	01:04:14.418	0.87543				2
2025.12.22	01:04:14.721	0.87541				2
2025.12.22	01:04:15.150	0.87538	0.87557			6
2025.12.22	01:04:15.498		0.87554			4
2025.12.22	01:04:17.287	0.87543	0.87557			6
2025.12.22	01:04:17.656	0.87538				2
2025.12.22	01:04:19.757	0.87532				2
2025.12.22	01:04:20.059	0.87541				2
2025.12.22	01:04:21.373	0.87545	0.87556			6
2025.12.22	01:04:21.676	0.87543	0.87557			6
2025.12.22	01:04:21.988		0.87556			4
2025.12.22	01:04:22.299	0.87540				2
2025.12.22	01:04:22.641	0.87543	0.87557			6
2025.12.22	01:04:22.982	0.87539				2
2025.12.22	01:04:23.318		0.87554			4
2025.12.22	01:04:25.680	0.87544	0.87555			6
2025.12.22	01:04:26.039	0.87542	0.87554			6
2025.12.22	01:04:26.343	0.87541	0.87556			6
2025.12.22	01:04:26.657	0.87542	0.87557			6
2025.12.22	01:04:27.181	0.87540	0.87556			6
2025.12.22	01:04:27.499		0.87557			4
2025.12.22	01:04:29.743	0.87543	0.87554			6
2025.12.22	01:04:30.059	0.87545	0.87555			6
2025.12.22	01:04:30.378	0.87542				2
2025.12.22	01:04:30.689	0.87543	0.87557			6
2025.12.22	01:04:31.440	0.87541	0.87556			6
2025.12.22	01:04:31.833		0.87557			4
2025.12.22	01:04:32.148	0.87536				2
2025.12.22	01:04:32.461	0.87542				2
2025.12.22	01:04:33.112	0.87543				2
2025.12.22	01:04:37.898	0.87542	0.87555			6
2025.12.22	01:04:38.712	0.87544				2
2025.12.22	01:04:39.040	0.87542	0.87556			6
2025.12.22	01:04:39.376	0.87545				2
2025.12.22	01:04:39.784	0.87543	0.87555			6
2025.12.22	01:04:40.096	0.87544				2
2025.12.22	01:04:41.940		0.87556			4
2025.12.22	01:04:43.104	0.87552	0.87553			6
2025.12.22	01:04:43.727	0.87550	0.87551			6
2025.12.22	01:04:44.358	0.87551	0.87552			6
2025.12.22	01:04:44.665	0.87550	0.87551			6
2025.12.22	01:04:44.967	0.87553	0.87554			6
2025.12.22	01:04:45.269	0.87550	0.87551			6
2025.12.22	01:04:45.891	0.87551	0.87552			6
2025.12.22	01:04:46.194	0.87550	0.87551			6
2025.12.22	01:04:46.800	0.87543	0.87555			6
2025.12.22	01:04:49.209	0.87544				2
2025.12.22	01:04:49.860	0.87543				2
2025.12.22	01:04:50.185	0.87544				2
2025.12.22	01:04:51.335	0.87545	0.87554			6
2025.12.22	01:04:51.719		0.87553			4
2025.12.22	01:04:52.056		0.87554			4
2025.12.22	01:04:52.980	0.87544				2
2025.12.22	01:04:53.405		0.87553			4
2025.12.22	01:04:57.568	0.87543				2
2025.12.22	01:04:59.327	0.87544	0.87554			6
2025.12.22	01:05:00.149	0.87545				2
2025.12.22	01:05:00.459		0.87556			4
2025.12.22	01:05:01.110	0.87546				2
2025.12.22	01:05:01.860	0.87545				2
2025.12.22	01:05:02.184		0.87554			4
2025.12.22	01:05:03.231	0.87544				2
2025.12.22	01:05:03.590		0.87556			4
2025.12.22	01:05:03.907	0.87545				2
2025.12.22	01:05:05.493		0.87555			4
2025.12.22	01:05:06.278		0.87554			4
2025.12.22	01:05:06.731		0.87556			4
2025.12.22	01:05:07.477	0.87553	0.87554			6
2025.12.22	01:05:10.881	0.87543	0.87558			6
2025.12.22	01:05:11.189	0.87542	0.87551			6
2025.12.22	01:05:11.492	0.87540	0.87552			6
2025.12.22	01:05:11.798		0.87551			4
2025.12.22	01:05:12.122	0.87537				2
2025.12.22	01:05:12.431	0.87536	0.87550			6
2025.12.22	01:05:12.830		0.87546			4
2025.12.22	01:05:13.365	0.87537	0.87548			6
2025.12.22	01:05:14.374		0.87549			4
2025.12.22	01:05:14.688	0.87535	0.87548			6
2025.12.22	01:05:15.325		0.87547			4
2025.12.22	01:05:16.988	0.87536	0.87548			6
2025.12.22	01:05:18.213	0.87540	0.87550			6
2025.12.22	01:05:18.524		0.87549			4
2025.12.22	01:05:19.370	0.87539	0.87554			6
2025.12.22	01:05:19.681	0.87541	0.87551			6
2025.12.22	01:05:20.130		0.87550			4
2025.12.22	01:05:20.440	0.87538	0.87551			6
2025.12.22	01:05:20.777	0.87539				2
2025.12.22	01:05:21.217	0.87538				2
2025.12.22	01:05:21.670		0.87549			4
2025.12.22	01:05:22.020		0.87550			4
2025.12.22	01:05:22.345	0.87539				2
2025.12.22	01:05:26.253	0.87540				2
2025.12.22	01:05:27.378	0.87539				2
2025.12.22	01:05:28.392	0.87538				2
2025.12.22	01:05:31.304		0.87549			4
2025.12.22	01:05:33.537	0.87532				2
2025.12.22	01:05:33.846	0.87527	0.87547			6
2025.12.22	01:05:34.258	0.87526				2
2025.12.22	01:05:35.057	0.87520	0.87546			6
2025.12.22	01:05:35.583	0.87529				2
2025.12.22	01:05:35.906	0.87531	0.87547			6
2025.12.22	01:05:36.312	0.87533				2
2025.12.22	01:05:36.674		0.87548			4
2025.12.22	01:05:37.011		0.87547			4
2025.12.22	01:05:37.374		0.87548			4
2025.12.22	01:05:38.536	0.87526	0.87547			6
2025.12.22	01:05:38.903	0.87525	0.87548			6
2025.12.22	01:05:39.410	0.87520				2
2025.12.22	01:05:39.912	0.87531				2
2025.12.22	01:05:40.230		0.87547			4
2025.12.22	01:05:40.612	0.87533				2
2025.12.22	01:05:42.318	0.87532				2
2025.12.22	01:05:43.275	0.87529				2
2025.12.22	01:05:47.408	0.87528				2
2025.12.22	01:05:48.811	0.87529	0.87546			6
2025.12.22	01:05:49.374	0.87528				2
2025.12.22	01:05:50.328	0.87525				2
2025.12.22	01:05:51.737	0.87524	0.87545			6
2025.12.22	01:05:53.228	0.87526				2
2025.12.22	01:05:55.059	0.87529				2
2025.12.22	01:05:55.373	0.87525				2
2025.12.22	01:05:55.690	0.87526				2
2025.12.22	01:05:59.373	0.87529				2
2025.12.22	01:06:00.011	0.87529				2
2025.12.22	01:06:01.175	0.87526	0.87546			6
2025.12.22	01:06:01.479	0.87524	0.87547			6
2025.12.22	01:06:02.788		0.87548			4
2025.12.22	01:06:03.372	0.87523				2
2025.12.22	01:06:03.747	0.87524				2
2025.12.22	01:06:05.212	0.87523				2
2025.12.22	01:06:09.095		0.87546			4
2025.12.22	01:06:09.424	0.87522	0.87547			6
2025.12.22	01:06:09.735	0.87525				2
2025.12.22	01:06:10.058	0.87526	0.87546			6
2025.12.22	01:06:11.426	0.87527				2
2025.12.22	01:06:12.684	0.87525	0.87547			6
2025.12.22	01:06:14.526	0.87526				2
2025.12.22	01:06:16.805	0.87523				2
2025.12.22	01:06:18.012		0.87548			4
2025.12.22	01:06:19.662		0.87547			4
2025.12.22	01:06:20.663	0.87522				2
2025.12.22	01:06:24.721	0.87524				2
2025.12.22	01:06:25.062	0.87531				2
2025.12.22	01:06:25.733	0.87528				2
2025.12.22	01:06:26.237	0.87526				2
2025.12.22	01:06:26.558	0.87528	0.87548			6
2025.12.22	01:06:33.327	0.87527	0.87545			6
2025.12.22	01:06:33.635	0.87532	0.87549			6
2025.12.22	01:06:33.994	0.87533	0.87550			6
2025.12.22	01:06:34.358	0.87534	0.87549			6
2025.12.22	01:06:34.660		0.87550			4
2025.12.22	01:06:34.977		0.87548			4
2025.12.22	01:06:35.279	0.87533	0.87550			6
2025.12.22	01:06:35.674	0.87534				2
2025.12.22	01:06:37.698	0.87533				2
2025.12.22	01:06:38.066	0.87534				2
2025.12.22	01:06:39.395	0.87533	0.87548			6
2025.12.22	01:06:39.737	0.87534	0.87549			6
2025.12.22	01:06:40.666		0.87550			4
2025.12.22	01:06:47.585	0.87533				2
2025.12.22	01:06:47.903	0.87534	0.87548			6
2025.12.22	01:06:48.218	0.87535	0.87550			6
2025.12.22	01:06:49.521	0.87534				2
2025.12.22	01:06:49.826	0.87535				2
2025.12.22	01:06:50.525	0.87531				2
2025.12.22	01:06:50.857	0.87528	0.87548			6
2025.12.22	01:06:51.372	0.87529				2
2025.12.22	01:06:51.977	0.87530	0.87547			6
2025.12.22	01:06:52.297	0.87531	0.87546			6
2025.12.22	01:06:55.482	0.87532	0.87549			6
2025.12.22	01:06:56.384	0.87533				2
2025.12.22	01:06:57.150	0.87531	0.87548			6
2025.12.22	01:06:58.318	0.87532	0.87549			6
2025.12.22	01:07:00.347	0.87531				2
2025.12.22	01:07:01.675		0.87547			4
2025.12.22	01:07:02.162	0.87530				2
2025.12.22	01:07:02.479		0.87548			4
2025.12.22	01:07:03.240		0.87549			4
2025.12.22	01:07:05.997		0.87546			4
2025.12.22	01:07:06.574		0.87548			4
2025.12.22	01:07:07.372		0.87549			4
2025.12.22	01:07:08.160	0.87531				2
2025.12.22	01:07:08.849	0.87532	0.87547			6
2025.12.22	01:07:09.264	0.87530	0.87546			6
2025.12.22	01:07:10.021	0.87528				2
2025.12.22	01:07:10.532	0.87532	0.87547			6
2025.12.22	01:07:15.177	0.87531	0.87546			6
2025.12.22	01:07:15.481	0.87532	0.87547			6
2025.12.22	01:07:16.574	0.87531				2
2025.12.22	01:07:17.408		0.87546			4
2025.12.22	01:07:19.403	0.87532	0.87547			6
2025.12.22	01:07:20.812	0.87529	0.87546			6
2025.12.22	01:07:22.535	0.87531				2
2025.12.22	01:07:24.348	0.87532				2
2025.12.22	01:07:24.850	0.87531	0.87547			6
2025.12.22	01:07:25.577		0.87548			4
2025.12.22	01:07:26.443	0.87530	0.87546			6
2025.12.22	01:07:27.441	0.87531				2
2025.12.22	01:07:28.881		0.87548			4
2025.12.22	01:07:29.382	0.87530	0.87546			6
2025.12.22	01:07:30.908	0.87531				2
2025.12.22	01:07:36.027	0.87529	0.87547			6
2025.12.22	01:07:36.372	0.87528				2
2025.12.22	01:07:36.678	0.87530				2
2025.12.22	01:07:38.525	0.87532	0.87548			6
2025.12.22	01:07:40.042		0.87547			4
2025.12.22	01:07:42.309	0.87531				2
2025.12.22	01:07:44.302	0.87530				2
2025.12.22	01:07:44.958	0.87532	0.87548			6
2025.12.22	01:07:45.377	0.87530	0.87547			6
2025.12.22	01:07:47.948	0.87531	0.87548			6
2025.12.22	01:07:48.828	0.87530				2
2025.12.22	01:07:49.270	0.87531	0.87547			6
2025.12.22	01:07:49.699	0.87530	0.87548			6
2025.12.22	01:07:50.841	0.87529	0.87547			6
2025.12.22	01:07:52.920		0.87548			4
2025.12.22	01:07:54.907	0.87528				2
2025.12.22	01:07:55.503	0.87527				2
2025.12.22	01:07:59.963	0.87530				2
2025.12.22	01:08:00.411	0.87530				2
2025.12.22	01:08:01.451	0.87529				2
2025.12.22	01:08:02.535	0.87530				2
2025.12.22	01:08:03.825	0.87531				2
2025.12.22	01:08:06.053	0.87527				2
2025.12.22	01:08:06.445	0.87525	0.87547			6
2025.12.22	01:08:07.263	0.87529				2
2025.12.22	01:08:07.921	0.87528	0.87548			6
2025.12.22	01:08:10.667	0.87531				2
2025.12.22	01:08:16.250	0.87532	0.87547			6
2025.12.22	01:08:17.293	0.87529	0.87548			6
2025.12.22	01:08:18.738	0.87527				2
2025.12.22	01:08:20.374	0.87529				2
2025.12.22	01:08:20.862	0.87525				2
2025.12.22	01:08:21.748	0.87530	0.87547			6
2025.12.22	01:08:22.064	0.87531	0.87548			6
2025.12.22	01:08:22.676	0.87535	0.87547			6
2025.12.22	01:08:22.980	0.87531	0.87548			6
2025.12.22	01:08:23.749	0.87532	0.87550			6
2025.12.22	01:08:24.057	0.87533	0.87548			6
2025.12.22	01:08:24.509	0.87527	0.87547			6
2025.12.22	01:08:24.814	0.87530	0.87544			6
2025.12.22	01:08:25.708	0.87528	0.87547			6
2025.12.22	01:08:27.391	0.87533				2
2025.12.22	01:08:27.700	0.87532				2
2025.12.22	01:08:28.002	0.87527				2
2025.12.22	01:08:28.389	0.87529				2
2025.12.22	01:08:30.675	0.87527				2
2025.12.22	01:08:31.093	0.87531				2
2025.12.22	01:08:32.835		0.87548			4
2025.12.22	01:08:33.486	0.87528				2
2025.12.22	01:08:34.108	0.87527				2
2025.12.22	01:08:34.440	0.87528				2
2025.12.22	01:08:36.539	0.87530	0.87549			6
2025.12.22	01:08:36.841		0.87550			4
2025.12.22	01:08:38.709	0.87526	0.87549			6
2025.12.22	01:08:41.443	0.87529				2
2025.12.22	01:08:43.509	0.87528				2
2025.12.22	01:08:43.977	0.87530				2
2025.12.22	01:08:44.443	0.87527	0.87548			6
2025.12.22	01:08:44.776	0.87530				2
2025.12.22	01:08:45.078	0.87527				2
2025.12.22	01:08:45.906	0.87524				2
2025.12.22	01:08:46.426		0.87547			4
2025.12.22	01:08:46.768	0.87526	0.87548			6
2025.12.22	01:08:47.098	0.87528	0.87547			6
2025.12.22	01:08:47.732	0.87529	0.87546			6
2025.12.22	01:08:48.054	0.87530				2
2025.12.22	01:08:48.384	0.87529	0.87547			6
2025.12.22	01:08:50.649	0.87531				2
2025.12.22	01:08:51.083	0.87530				2
2025.12.22	01:08:51.443	0.87529				2
2025.12.22	01:08:52.693	0.87533	0.87548			6
2025.12.22	01:08:53.317	0.87531				2
2025.12.22	01:08:53.945	0.87533	0.87549			6
2025.12.22	01:08:54.250		0.87550			4
2025.12.22	01:08:55.259	0.87531				2
2025.12.22	01:08:56.248		0.87549			4
2025.12.22	01:08:57.677		0.87550			4
2025.12.22	01:08:58.381	0.87533	0.87549			6
2025.12.22	01:08:58.698		0.87548			4
2025.12.22	01:08:59.059	0.87534	0.87550			6
2025.12.22	01:09:00.751	0.87534				2
2025.12.22	01:09:01.253		0.87549			4
2025.12.22	01:09:02.053	0.87533				2
2025.12.22	01:09:03.498	0.87534				2
2025.12.22	01:09:05.148		0.87548			4
2025.12.22	01:09:05.645		0.87550			4
2025.12.22	01:09:08.108	0.87535				2
2025.12.22	01:09:08.990	0.87536	0.87552			6
2025.12.22	01:09:09.310	0.87535				2
2025.12.22	01:09:10.139		0.87550			4
2025.12.22	01:09:11.208	0.87534	0.87551			6
2025.12.22	01:09:12.441	0.87535				2
2025.12.22	01:09:12.757	0.87534				2
2025.12.22	01:09:13.058	0.87536				2
2025.12.22	01:09:13.818	0.87535				2
2025.12.22	01:09:14.439		0.87550			4
2025.12.22	01:09:15.381	0.87534				2
2025.12.22	01:09:15.895	0.87535	0.87549			6
2025.12.22	01:09:16.396	0.87534				2
2025.12.22	01:09:16.978	0.87535				2
2025.12.22	01:09:18.488	0.87536	0.87551			6
2025.12.22	01:09:18.844	0.87533	0.87550			6
2025.12.22	01:09:19.505	0.87535				2
2025.12.22	01:09:20.647		0.87549			4
2025.12.22	01:09:21.608	0.87536				2
2025.12.22	01:09:23.616	0.87535				2
2025.12.22	01:09:24.133	0.87534				2
2025.12.22	01:09:25.300	0.87536	0.87551			6
2025.12.22	01:09:25.676	0.87537				2
2025.12.22	01:09:26.089	0.87535				2
2025.12.22	01:09:26.394	0.87537				2
2025.12.22	01:09:28.253	0.87535				2
2025.12.22	01:09:28.563	0.87536				2
2025.12.22	01:09:29.499	0.87524	0.87549			6
2025.12.22	01:09:30.371	0.87522	0.87548			6
2025.12.22	01:09:30.674	0.87523				2
2025.12.22	01:09:31.575	0.87524	0.87550			6
2025.12.22	01:09:32.408	0.87525	0.87549			6
2025.12.22	01:09:33.400	0.87524				2
2025.12.22	01:09:35.106		0.87548			4
2025.12.22	01:09:35.609	0.87523				2
2025.12.22	01:09:36.188	0.87524	0.87550			6
2025.12.22	01:09:38.596	0.87523	0.87549			6
2025.12.22	01:09:39.221	0.87522				2
2025.12.22	01:09:40.384	0.87525				2
2025.12.22	01:09:41.382		0.87551			4
2025.12.22	01:09:43.371	0.87518				2
2025.12.22	01:09:43.827	0.87519	0.87550			6
2025.12.22	01:09:45.307		0.87551			4
2025.12.22	01:09:46.526	0.87521				2
2025.12.22	01:09:49.208	0.87524	0.87550			6
2025.12.22	01:09:50.387	0.87527				2
2025.12.22	01:09:50.691	0.87529	0.87551			6
2025.12.22	01:09:50.998	0.87526				2
2025.12.22	01:09:51.376	0.87528				2
2025.12.22	01:09:52.370	0.87529				2
2025.12.22	01:09:55.165	0.87528				2
2025.12.22	01:09:57.270	0.87527				2
2025.12.22	01:09:58.687	0.87529				2
2025.12.22	01:09:58.997	0.87531				2
2025.12.22	01:10:00.374	0.87528				2
2025.12.22	01:10:01.977		0.87550			4
2025.12.22	01:10:02.879	0.87531	0.87549			6
2025.12.22	01:10:03.216		0.87552			4
2025.12.22	01:10:03.520		0.87550			4
2025.12.22	01:10:03.907	0.87530				2
2025.12.22	01:10:04.323		0.87549			4
2025.12.22	01:10:04.778		0.87551			4
2025.12.22	01:10:05.833		0.87552			4
2025.12.22	01:10:06.541	0.87531				2
2025.12.22	01:10:08.703	0.87529				2
2025.12.22	01:10:09.117	0.87533				2
2025.12.22	01:10:14.525	0.87535				2
2025.12.22	01:10:15.455	0.87533				2
2025.12.22	01:10:16.051	0.87530				2
2025.12.22	01:10:17.248	0.87531				2
2025.12.22	01:10:20.771	0.87532				2
2025.12.22	01:10:22.718	0.87534				2
2025.12.22	01:10:25.510	0.87533				2
2025.12.22	01:10:26.579	0.87531	0.87551			6
2025.12.22	01:10:28.115	0.87533				2
2025.12.22	01:10:35.725	0.87531				2
2025.12.22	01:10:36.228	0.87530	0.87549			6
2025.12.22	01:10:37.585	0.87531				2
2025.12.22	01:10:39.809	0.87530	0.87550			6
2025.12.22	01:10:43.880	0.87532				2
2025.12.22	01:10:45.707	0.87533				2
2025.12.22	01:10:52.405	0.87534	0.87551			6
2025.12.22	01:10:53.449	0.87533	0.87550			6
2025.12.22	01:10:54.873	0.87532				2
2025.12.22	01:10:55.885	0.87531	0.87549			6
2025.12.22	01:10:56.217	0.87529	0.87550			6
2025.12.22	01:10:56.614	0.87531				2
2025.12.22	01:10:57.888	0.87533	0.87549			6
2025.12.22	01:11:03.495	0.87531				2
2025.12.22	01:11:07.764		0.87550			4
2025.12.22	01:11:08.678	0.87533				2
2025.12.22	01:11:09.793	0.87534				2
2025.12.22	01:11:10.811	0.87530				2
2025.12.22	01:11:13.207	0.87529				2
2025.12.22	01:11:14.408	0.87531				2
2025.12.22	01:11:16.093	0.87529				2
2025.12.22	01:11:17.520	0.87528				2
2025.12.22	01:11:18.149	0.87530				2
2025.12.22	01:11:19.553	0.87529	0.87551			6
2025.12.22	01:11:20.779	0.87530				2
2025.12.22	01:11:21.803	0.87528				2
2025.12.22	01:11:22.886	0.87530				2
2025.12.22	01:11:24.106	0.87526				2
2025.12.22	01:11:25.296	0.87528	0.87549			6
2025.12.22	01:11:26.774	0.87530				2
2025.12.22	01:11:29.304	0.87528				2
2025.12.22	01:11:30.448	0.87530				2
2025.12.22	01:11:34.208	0.87532				2
2025.12.22	01:11:38.625		0.87550			4
2025.12.22	01:11:40.288		0.87549			4
2025.12.22	01:11:40.706	0.87526				2
2025.12.22	01:11:41.017		0.87545			4
2025.12.22	01:11:41.371	0.87528				2
2025.12.22	01:11:42.062	0.87530	0.87547			6
2025.12.22	01:11:47.569	0.87528				2
2025.12.22	01:11:49.680	0.87530				2
2025.12.22	01:11:58.021	0.87532				2
2025.12.22	01:11:58.453	0.87534				2
2025.12.22	01:12:00.535	0.87534				2
2025.12.22	01:12:03.492	0.87533				2
2025.12.22	01:12:09.416		0.87548			4
2025.12.22	01:12:11.118	0.87534				2
2025.12.22	01:12:12.882	0.87533				2
2025.12.22	01:12:14.525	0.87531	0.87547			6
2025.12.22	01:12:16.691	0.87533				2
2025.12.22	01:12:18.539	0.87530				2
2025.12.22	01:12:24.285	0.87532				2
2025.12.22	01:12:24.601	0.87530				2
2025.12.22	01:12:25.444	0.87532				2
2025.12.22	01:12:27.315	0.87531				2
2025.12.22	01:12:28.374	0.87534				2
2025.12.22	01:12:29.214	0.87531				2
2025.12.22	01:12:29.543	0.87532				2
2025.12.22	01:12:34.594	0.87533				2
2025.12.22	01:12:37.177	0.87535				2
2025.12.22	01:12:41.015		0.87548			4
2025.12.22	01:12:43.588	0.87537				2
2025.12.22	01:12:46.771	0.87536				2
2025.12.22	01:12:47.572	0.87537				2
2025.12.22	01:12:48.465	0.87538	0.87550			6
2025.12.22	01:12:48.769	0.87539				2
2025.12.22	01:12:49.095	0.87538	0.87549			6
2025.12.22	01:12:50.029	0.87539				2
2025.12.22	01:12:51.389		0.87556			4
2025.12.22	01:12:52.482	0.87540	0.87550			6
2025.12.22	01:12:53.380		0.87551			4
2025.12.22	01:12:53.761	0.87541	0.87552			6
2025.12.22	01:12:54.124	0.87539				2
2025.12.22	01:12:54.751		0.87551			4
2025.12.22	01:12:59.574	0.87540				2
2025.12.22	01:13:00.145	0.87539				2
2025.12.22	01:13:00.447	0.87540				2
2025.12.22	01:13:01.694	0.87539				2
2025.12.22	01:13:07.508	0.87540				2
2025.12.22	01:13:08.133		0.87552			4
2025.12.22	01:13:08.462	0.87539	0.87557			6
2025.12.22	01:13:10.571	0.87540	0.87556			6
2025.12.22	01:13:11.180		0.87557			4
2025.12.22	01:13:22.187		0.87556			4
2025.12.22	01:13:24.125		0.87557			4
2025.12.22	01:13:26.157	0.87539	0.87556			6
2025.12.22	01:13:27.800	0.87538	0.87549			6
2025.12.22	01:13:30.350	0.87539				2
2025.12.22	01:13:40.752	0.87538				2
2025.12.22	01:13:42.683		0.87555			4
2025.12.22	01:13:58.486		0.87550			4
2025.12.22	01:14:00.608	0.87538				2
2025.12.22	01:14:03.520	0.87536	0.87547			6
2025.12.22	01:14:03.836	0.87525	0.87549			6
2025.12.22	01:14:04.222		0.87547			4
2025.12.22	01:14:04.538	0.87534				2
2025.12.22	01:14:04.858	0.87521				2
2025.12.22	01:14:05.203	0.87529				2
2025.12.22	01:14:05.533	0.87528				2
2025.12.22	01:14:05.887	0.87521				2
2025.12.22	01:14:11.343	0.87524				2
2025.12.22	01:14:12.974	0.87522				2
2025.12.22	01:14:13.340	0.87523				2
2025.12.22	01:14:21.557	0.87522				2
2025.12.22	01:14:32.817	0.87521	0.87548			6
2025.12.22	01:14:33.151	0.87522				2
2025.12.22	01:14:33.477	0.87521				2
2025.12.22	01:14:37.099	0.87537				2
2025.12.22	01:14:38.297	0.87527				2
2025.12.22	01:14:39.217	0.87535	0.87546			6
2025.12.22	01:14:39.520	0.87534				2
2025.12.22	01:14:41.542	0.87529	0.87548			6
2025.12.22	01:14:42.465	0.87528	0.87549			6
2025.12.22	01:14:42.778	0.87527				2
2025.12.22	01:14:43.374	0.87526				2
2025.12.22	01:14:43.678	0.87525	0.87548			6
2025.12.22	01:14:52.212	0.87533				2
2025.12.22	01:14:52.843	0.87534				2
2025.12.22	01:14:54.046	0.87536	0.87547			6
2025.12.22	01:14:55.616	0.87535				2
2025.12.22	01:14:55.918	0.87527				2
2025.12.22	01:14:57.708	0.87523				2
2025.12.22	01:15:00.307	0.87535				2
2025.12.22	01:15:00.620	0.87523				2
2025.12.22	01:15:01.286	0.87528				2
2025.12.22	01:15:01.598	0.87523				2
2025.12.22	01:15:02.272		0.87548			4
2025.12.22	01:15:02.599	0.87522	0.87549			6
2025.12.22	01:15:03.309	0.87521	0.87547			6
2025.12.22	01:15:04.142	0.87529				2
2025.12.22	01:15:04.473	0.87524				2
2025.12.22	01:15:05.274	0.87523				2
2025.12.22	01:15:05.770		0.87548			4
2025.12.22	01:15:06.365		0.87547			4
2025.12.22	01:15:06.875	0.87521				2
2025.12.22	01:15:07.818	0.87522				2
2025.12.22	01:15:08.183	0.87521				2
2025.12.22	01:15:08.807	0.87520	0.87549			6
2025.12.22	01:15:09.441	0.87523	0.87547			6
2025.12.22	01:15:09.988	0.87521				2
2025.12.22	01:15:10.301	0.87524	0.87549			6
2025.12.22	01:15:10.959	0.87520				2
2025.12.22	01:15:11.593	0.87521	0.87547			6
2025.12.22	01:15:11.940		0.87548			4
2025.12.22	01:15:12.244		0.87547			4
2025.12.22	01:15:12.546	0.87525	0.87549			6
2025.12.22	01:15:12.853	0.87521	0.87548			6
2025.12.22	01:15:13.479	0.87522	0.87547			6
2025.12.22	01:15:14.194	0.87521				2
2025.12.22	01:15:14.502	0.87523				2
2025.12.22	01:15:14.820	0.87520	0.87549			6
2025.12.22	01:15:17.117		0.87550			4
2025.12.22	01:15:17.427		0.87551			4
2025.12.22	01:15:18.152	0.87521	0.87547			6
2025.12.22	01:15:18.458	0.87520	0.87550			6
2025.12.22	01:15:18.784		0.87551			4
2025.12.22	01:15:19.474		0.87549			4
2025.12.22	01:15:21.416	0.87521	0.87548			6
2025.12.22	01:15:21.719	0.87520	0.87549			6
2025.12.22	01:15:22.093	0.87522	0.87547			6
2025.12.22	01:15:22.397	0.87521				2
2025.12.22	01:15:22.702	0.87522	0.87551			6
2025.12.22	01:15:23.006	0.87517				2
2025.12.22	01:15:23.357	0.87519	0.87549			6
2025.12.22	01:15:23.745		0.87550			4
2025.12.22	01:15:24.106	0.87518	0.87548			6
2025.12.22	01:15:24.463	0.87520	0.87549			6
2025.12.22	01:15:24.797	0.87519				2
2025.12.22	01:15:25.167	0.87521	0.87548			6
2025.12.22	01:15:25.486		0.87549			4
2025.12.22	01:15:25.854	0.87520				2
2025.12.22	01:15:26.174	0.87521	0.87546			6
2025.12.22	01:15:26.508	0.87520	0.87545			6
2025.12.22	01:15:26.837		0.87546			4
2025.12.22	01:15:27.483		0.87549			4
2025.12.22	01:15:27.798		0.87545			4
2025.12.22	01:15:28.150		0.87546			4
2025.12.22	01:15:31.058	0.87516				2
2025.12.22	01:15:31.941	0.87519	0.87545			6
2025.12.22	01:15:32.268		0.87546			4
2025.12.22	01:15:33.157	0.87523	0.87545			6
2025.12.22	01:15:33.489	0.87521	0.87546			6
2025.12.22	01:15:34.397	0.87522				2
2025.12.22	01:15:35.093	0.87518	0.87548			6
2025.12.22	01:15:35.399	0.87521	0.87546			6
2025.12.22	01:15:35.793	0.87522				2
2025.12.22	01:15:36.373	0.87521	0.87548			6
2025.12.22	01:15:36.679	0.87526	0.87547			6
2025.12.22	01:15:36.987	0.87525				2
2025.12.22	01:15:37.298	0.87523				2
2025.12.22	01:15:37.994	0.87524				2
2025.12.22	01:15:38.300	0.87525	0.87549			6
2025.12.22	01:15:38.626	0.87526	0.87548			6
2025.12.22	01:15:39.686	0.87528				2
2025.12.22	01:15:40.067		0.87547			4
2025.12.22	01:15:40.398	0.87535				2
2025.12.22	01:15:40.709	0.87530				2
2025.12.22	01:15:41.337	0.87528	0.87550			6
2025.12.22	01:15:41.640	0.87529	0.87547			6
2025.12.22	01:15:41.948	0.87525				2
2025.12.22	01:15:42.267	0.87527				2
2025.12.22	01:15:42.657	0.87525				2
2025.12.22	01:15:42.960	0.87527				2
2025.12.22	01:15:43.271	0.87532				2
2025.12.22	01:15:43.579	0.87533				2
2025.12.22	01:15:43.921	0.87543	0.87553			6
2025.12.22	01:15:44.229	0.87537	0.87552			6
2025.12.22	01:15:44.547	0.87530				2
2025.12.22	01:15:44.880	0.87532				2
2025.12.22	01:15:45.217	0.87533				2
2025.12.22	01:15:45.661	0.87532				2
2025.12.22	01:15:46.530	0.87528				2
2025.12.22	01:15:46.854	0.87529				2
2025.12.22	01:15:47.238	0.87528				2
2025.12.22	01:15:47.574	0.87529				2
2025.12.22	01:15:47.957	0.87528				2
2025.12.22	01:15:48.382	0.87529				2
2025.12.22	01:15:48.707	0.87528				2
2025.12.22	01:15:49.081		0.87553			4
2025.12.22	01:15:49.647	0.87529	0.87554			6
2025.12.22	01:15:49.953	0.87528	0.87553			6
2025.12.22	01:15:50.684	0.87529	0.87554			6
2025.12.22	01:15:50.993	0.87528	0.87552			6
2025.12.22	01:15:51.937		0.87551			4
2025.12.22	01:15:52.265		0.87552			4
2025.12.22	01:15:52.603		0.87551			4
2025.12.22	01:15:52.918		0.87552			4
2025.12.22	01:15:53.735	0.87529				2
2025.12.22	01:15:54.048	0.87528				2
2025.12.22	01:15:54.461	0.87529	0.87551			6
2025.12.22	01:15:54.788		0.87552			4
2025.12.22	01:15:55.761	0.87528				2
2025.12.22	01:15:56.112	0.87529	0.87551			6
2025.12.22	01:15:56.720	0.87530	0.87552			6
2025.12.22	01:15:57.031	0.87532				2
2025.12.22	01:15:57.424	0.87531				2
2025.12.22	01:15:57.806	0.87532				2
2025.12.22	01:15:58.905	0.87534				2
2025.12.22	01:15:59.220		0.87550			4
2025.12.22	01:15:59.545		0.87551			4
2025.12.22	01:15:59.928	0.87530	0.87552			6
2025.12.22	01:16:00.261	0.87532				2
2025.12.22	01:16:00.576	0.87530				2
2025.12.22	01:16:00.878	0.87534	0.87551			6
2025.12.22	01:16:01.182	0.87532	0.87555			6
2025.12.22	01:16:01.498	0.87535	0.87552			6
2025.12.22	01:16:01.800		0.87551			4
2025.12.22	01:16:02.127	0.87529				2
2025.12.22	01:16:04.377	0.87527	0.87553			6
2025.12.22	01:16:05.674	0.87528				2
2025.12.22	01:16:08.105	0.87529				2
2025.12.22	01:16:11.156	0.87530				2
2025.12.22	01:16:14.020	0.87529				2
2025.12.22	01:16:15.937	0.87531	0.87551			6
2025.12.22	01:16:16.260	0.87534	0.87549			6
2025.12.22	01:16:16.808	0.87535				2
2025.12.22	01:16:17.200	0.87536				2
2025.12.22	01:16:18.167	0.87535				2
2025.12.22	01:16:19.227	0.87536				2
2025.12.22	01:16:20.311	0.87535				2
2025.12.22	01:16:20.615	0.87532				2
2025.12.22	01:16:21.228	0.87534	0.87550			6
2025.12.22	01:16:21.539	0.87533	0.87552			6
2025.12.22	01:16:21.859	0.87534	0.87553			6
2025.12.22	01:16:22.168	0.87537	0.87551			6
2025.12.22	01:16:22.481	0.87533	0.87553			6
2025.12.22	01:16:22.821	0.87536	0.87552			6
2025.12.22	01:16:23.127	0.87535	0.87553			6
2025.12.22	01:16:23.775		0.87552			4
2025.12.22	01:16:24.124	0.87537	0.87551			6
2025.12.22	01:16:24.997	0.87535	0.87552			6
2025.12.22	01:16:25.365	0.87538	0.87551			6
2025.12.22	01:16:25.747	0.87535				2
2025.12.22	01:16:26.059	0.87534	0.87552			6
2025.12.22	01:16:26.370	0.87529				2
2025.12.22	01:16:26.672	0.87533				2
2025.12.22	01:16:27.164	0.87537				2
2025.12.22	01:16:27.816	0.87535				2
2025.12.22	01:16:28.120	0.87536				2
2025.12.22	01:16:28.884	0.87534				2
2025.12.22	01:16:29.444	0.87535				2
2025.12.22	01:16:30.661		0.87551			4
2025.12.22	01:16:30.979	0.87532				2
2025.12.22	01:16:31.319	0.87531	0.87553			6
2025.12.22	01:16:31.653	0.87533	0.87551			6
2025.12.22	01:16:31.981	0.87532				2
2025.12.22	01:16:32.405	0.87531	0.87554			6
2025.12.22	01:16:32.714	0.87534	0.87551			6
2025.12.22	01:16:33.463	0.87532	0.87553			6
2025.12.22	01:16:33.818	0.87534	0.87552			6
2025.12.22	01:16:34.170	0.87531	0.87553			6
2025.12.22	01:16:34.485	0.87532				2
2025.12.22	01:16:34.797	0.87533	0.87552			6
2025.12.22	01:16:35.250	0.87531	0.87554			6
2025.12.22	01:16:35.560	0.87536				2
2025.12.22	01:16:36.109	0.87538				2
2025.12.22	01:16:36.425	0.87536				2
2025.12.22	01:16:36.876	0.87535				2
2025.12.22	01:16:37.209	0.87533				2
2025.12.22	01:16:37.523	0.87536				2
2025.12.22	01:16:38.943	0.87535				2
2025.12.22	01:16:39.257	0.87533				2
2025.12.22	01:16:39.602	0.87535				2
2025.12.22	01:16:40.375	0.87534				2
2025.12.22	01:16:40.713	0.87536				2
2025.12.22	01:16:42.512	0.87535				2
2025.12.22	01:16:44.585	0.87537				2
2025.12.22	01:16:45.684	0.87536				2
2025.12.22	01:16:46.983	0.87537				2
2025.12.22	01:16:47.464	0.87536				2
2025.12.22	01:16:48.020	0.87537				2
2025.12.22	01:16:48.715	0.87539				2
2025.12.22	01:16:49.380	0.87536				2
2025.12.22	01:16:49.682	0.87534				2
2025.12.22	01:16:50.089	0.87536				2
2025.12.22	01:16:50.481	0.87538				2
2025.12.22	01:16:50.930	0.87536				2
2025.12.22	01:16:52.168	0.87538				2
2025.12.22	01:16:52.550	0.87534				2
2025.12.22	01:16:52.952	0.87536	0.87555			6
2025.12.22	01:16:53.469	0.87533	0.87554			6
2025.12.22	01:16:53.778	0.87532				2
2025.12.22	01:16:54.637	0.87534				2
2025.12.22	01:16:55.598	0.87536				2
2025.12.22	01:16:57.360		0.87552			4
2025.12.22	01:16:58.685	0.87537				2
2025.12.22	01:17:00.535	0.87537	0.87553			6
2025.12.22	01:17:01.214		0.87554			4
2025.12.22	01:17:01.714	0.87536	0.87553			6
2025.12.22	01:17:02.909	0.87537				2
2025.12.22	01:17:03.214		0.87554			4
2025.12.22	01:17:03.714	0.87536	0.87553			6
2025.12.22	01:17:04.076	0.87537				2
2025.12.22	01:17:04.716	0.87536	0.87551			6
2025.12.22	01:17:05.046	0.87537				2
2025.12.22	01:17:06.010		0.87552			4
2025.12.22	01:17:06.880	0.87536				2
2025.12.22	01:17:07.185	0.87537				2
2025.12.22	01:17:07.490	0.87549	0.87554			6
2025.12.22	01:17:07.793	0.87545				2
2025.12.22	01:17:08.124	0.87544	0.87551			6
2025.12.22	01:17:08.437	0.87542	0.87552			6
2025.12.22	01:17:08.756	0.87543	0.87553			6
2025.12.22	01:17:09.371	0.87541	0.87551			6
2025.12.22	01:17:09.726	0.87536				2
2025.12.22	01:17:10.130	0.87535	0.87553			6
2025.12.22	01:17:10.434	0.87538	0.87552			6
2025.12.22	01:17:10.805	0.87539	0.87554			6
2025.12.22	01:17:11.120	0.87538	0.87553			6
2025.12.22	01:17:11.436		0.87554			4
2025.12.22	01:17:13.071	0.87540				2
2025.12.22	01:17:16.493	0.87539				2
2025.12.22	01:17:18.143	0.87540	0.87553			6
2025.12.22	01:17:18.945	0.87539	0.87554			6
2025.12.22	01:17:19.385	0.87540	0.87553			6
2025.12.22	01:17:20.149	0.87539	0.87554			6
2025.12.22	01:17:21.359	0.87540	0.87553			6
2025.12.22	01:17:23.447	0.87538				2
2025.12.22	01:17:23.767	0.87540				2
2025.12.22	01:17:25.998	0.87539	0.87554			6
2025.12.22	01:17:26.310	0.87536	0.87551			6
2025.12.22	01:17:26.619	0.87538				2
2025.12.22	01:17:28.377		0.87550			4
2025.12.22	01:17:32.821		0.87551			4
2025.12.22	01:17:33.985	0.87539	0.87550			6
2025.12.22	01:17:35.698		0.87551			4
2025.12.22	01:17:37.949	0.87537				2
2025.12.22	01:17:38.545	0.87536				2
2025.12.22	01:17:39.225	0.87534	0.87552			6
2025.12.22	01:17:39.601	0.87536	0.87553			6
2025.12.22	01:17:39.960	0.87538	0.87552			6
2025.12.22	01:17:40.280		0.87550			4
2025.12.22	01:17:40.629	0.87537	0.87552			6
2025.12.22	01:17:40.953	0.87538	0.87550			6
2025.12.22	01:17:41.259	0.87537				2
2025.12.22	01:17:41.657		0.87553			4
2025.12.22	01:17:41.959	0.87541	0.87550			6
2025.12.22	01:17:42.272	0.87538	0.87553			6
2025.12.22	01:17:42.787		0.87552			4
2025.12.22	01:17:43.105	0.87537				2
2025.12.22	01:17:43.444	0.87538	0.87551			6
2025.12.22	01:17:43.892	0.87537	0.87553			6
2025.12.22	01:17:44.607	0.87539	0.87551			6
2025.12.22	01:17:45.417	0.87536	0.87554			6
2025.12.22	01:17:45.719	0.87538	0.87553			6
2025.12.22	01:17:47.189	0.87536	0.87554			6
2025.12.22	01:17:47.614	0.87537	0.87553			6
2025.12.22	01:17:47.920	0.87538				2
2025.12.22	01:17:48.477	0.87537	0.87554			6
2025.12.22	01:17:51.507	0.87535	0.87551			6
2025.12.22	01:17:52.258	0.87537				2
2025.12.22	01:17:52.619	0.87539				2
2025.12.22	01:17:52.931	0.87538				2
2025.12.22	01:17:53.634	0.87540				2
2025.12.22	01:17:54.617		0.87552			4
2025.12.22	01:17:54.919	0.87538	0.87551			6
2025.12.22	01:17:55.683		0.87552			4
2025.12.22	01:17:56.003		0.87551			4
2025.12.22	01:17:56.810	0.87539				2
2025.12.22	01:17:57.170	0.87538				2
2025.12.22	01:17:57.622		0.87552			4
2025.12.22	01:17:57.977	0.87537	0.87551			6
2025.12.22	01:17:58.680	0.87535				2
2025.12.22	01:17:59.218	0.87537				2
2025.12.22	01:18:00.179	0.87536	0.87552			6
2025.12.22	01:18:00.862	0.87537	0.87551			6
2025.12.22	01:18:01.777	0.87536	0.87552			6
2025.12.22	01:18:02.093	0.87537	0.87551			6
2025.12.22	01:18:03.452		0.87550			4
2025.12.22	01:18:04.229	0.87538				2
2025.12.22	01:18:05.839	0.87539	0.87554			6
2025.12.22	01:18:06.238	0.87538	0.87553			6
2025.12.22	01:18:09.209		0.87554			4
2025.12.22	01:18:11.707		0.87553			4
2025.12.22	01:18:16.056	0.87544				2
2025.12.22	01:18:16.367	0.87542				2
2025.12.22	01:18:18.372		0.87554			4
2025.12.22	01:18:19.029	0.87543	0.87551			6
2025.12.22	01:18:19.375	0.87542	0.87550			6
2025.12.22	01:18:21.425	0.87540	0.87551			6
2025.12.22	01:18:21.734	0.87543				2
2025.12.22	01:18:22.608	0.87541				2
2025.12.22	01:18:25.507	0.87542				2
2025.12.22	01:18:30.506	0.87543	0.87550			6
2025.12.22	01:18:35.385	0.87542				2
2025.12.22	01:18:35.699	0.87541				2
2025.12.22	01:18:36.049		0.87551			4
2025.12.22	01:18:36.380	0.87543				2
2025.12.22	01:18:36.681	0.87542	0.87553			6
2025.12.22	01:18:37.081	0.87544				2
2025.12.22	01:18:37.732	0.87542				2
2025.12.22	01:18:38.042	0.87545				2
2025.12.22	01:18:38.398	0.87538	0.87555			6
2025.12.22	01:18:38.702	0.87541	0.87554			6
2025.12.22	01:18:39.025	0.87545				2
2025.12.22	01:18:39.340	0.87543	0.87553			6
2025.12.22	01:18:39.720	0.87545	0.87554			6
2025.12.22	01:18:40.038	0.87544	0.87553			6
2025.12.22	01:18:40.341	0.87543	0.87555			6
2025.12.22	01:18:40.959	0.87539	0.87554			6
2025.12.22	01:18:41.280	0.87542	0.87555			6
2025.12.22	01:18:41.593	0.87541	0.87556			6
2025.12.22	01:18:41.918	0.87544	0.87554			6
2025.12.22	01:18:42.238	0.87546	0.87553			6
2025.12.22	01:18:42.543	0.87543	0.87554			6
2025.12.22	01:18:42.848	0.87545	0.87553			6
2025.12.22	01:18:43.183	0.87543				2
2025.12.22	01:18:43.504	0.87544				2
2025.12.22	01:18:43.819	0.87545	0.87554			6
2025.12.22	01:18:44.124	0.87546				2
2025.12.22	01:18:44.467		0.87553			4
2025.12.22	01:18:44.806		0.87554			4
2025.12.22	01:18:45.805	0.87547	0.87555			6
2025.12.22	01:18:46.107	0.87546	0.87554			6
2025.12.22	01:18:46.862	0.87547				2
2025.12.22	01:18:47.178	0.87545				2
2025.12.22	01:18:47.574	0.87543	0.87553			6
2025.12.22	01:18:47.914	0.87546				2
2025.12.22	01:18:48.218	0.87545	0.87554			6
2025.12.22	01:18:48.538	0.87546	0.87553			6
2025.12.22	01:18:48.865	0.87543				2
2025.12.22	01:18:49.195	0.87546				2
2025.12.22	01:18:49.497	0.87544				2
2025.12.22	01:18:49.804	0.87545				2
2025.12.22	01:18:50.971	0.87542	0.87554			6
2025.12.22	01:18:51.295	0.87545				2
2025.12.22	01:18:51.660		0.87553			4
2025.12.22	01:18:51.979		0.87554			4
2025.12.22	01:18:52.298	0.87546	0.87553			6
2025.12.22	01:18:52.677	0.87545	0.87556			6
2025.12.22	01:18:52.981	0.87543				2
2025.12.22	01:18:53.299		0.87555			4
2025.12.22	01:18:53.608	0.87541	0.87553			6
2025.12.22	01:18:54.134	0.87545	0.87552			6
2025.12.22	01:18:54.439	0.87543	0.87553			6
2025.12.22	01:18:54.913	0.87544				2
2025.12.22	01:18:55.219	0.87545	0.87554			6
2025.12.22	01:18:55.521	0.87544	0.87553			6
2025.12.22	01:18:56.078	0.87545	0.87552			6
2025.12.22	01:18:57.185		0.87553			4
2025.12.22	01:18:57.607	0.87546	0.87552			6
2025.12.22	01:18:58.117	0.87547	0.87554			6
2025.12.22	01:18:58.420	0.87546				2
2025.12.22	01:18:58.721	0.87544				2
2025.12.22	01:18:59.219	0.87546	0.87553			6
2025.12.22	01:18:59.522	0.87544	0.87554			6
2025.12.22	01:18:59.841	0.87545	0.87553			6
2025.12.22	01:19:00.229	0.87543	0.87554			6
2025.12.22	01:19:00.536	0.87544	0.87553			6
2025.12.22	01:19:00.844	0.87546				2
2025.12.22	01:19:01.384	0.87545				2
2025.12.22	01:19:01.739	0.87546				2
2025.12.22	01:19:03.430		0.87552			4
2025.12.22	01:19:03.884	0.87545	0.87553			6
2025.12.22	01:19:04.941	0.87546	0.87552			6
2025.12.22	01:19:05.792	0.87545	0.87553			6
2025.12.22	01:19:06.120	0.87546	0.87552			6
2025.12.22	01:19:06.874		0.87553			4
2025.12.22	01:19:07.447	0.87545	0.87552			6
2025.12.22	01:19:08.030		0.87553			4
2025.12.22	01:19:08.407	0.87546				2
2025.12.22	01:19:09.036	0.87540	0.87551			6
2025.12.22	01:19:09.338	0.87541	0.87550			6
2025.12.22	01:19:09.673	0.87542				2
2025.12.22	01:19:09.978	0.87538	0.87552			6
2025.12.22	01:19:10.280	0.87542				2
2025.12.22	01:19:10.721	0.87543	0.87550			6
2025.12.22	01:19:11.049		0.87551			4
2025.12.22	01:19:11.359	0.87542				2
2025.12.22	01:19:11.661		0.87550			4
2025.12.22	01:19:12.278	0.87539	0.87551			6
2025.12.22	01:19:12.580	0.87542	0.87549			6
2025.12.22	01:19:12.910		0.87551			4
2025.12.22	01:19:13.218		0.87550			4
2025.12.22	01:19:13.753	0.87543				2
2025.12.22	01:19:14.404	0.87542	0.87553			6
2025.12.22	01:19:14.802	0.87543	0.87549			6
2025.12.22	01:19:15.212	0.87539	0.87551			6
2025.12.22	01:19:15.973	0.87538	0.87552			6
2025.12.22	01:19:16.618		0.87550			4
2025.12.22	01:19:16.932	0.87539	0.87549			6
2025.12.22	01:19:17.237	0.87537	0.87548			6
2025.12.22	01:19:17.541	0.87539				2
2025.12.22	01:19:18.374	0.87538	0.87551			6
2025.12.22	01:19:18.675	0.87539	0.87548			6
2025.12.22	01:19:19.567		0.87549			4
2025.12.22	01:19:20.373	0.87538	0.87550			6
2025.12.22	01:19:20.778	0.87539	0.87549			6
2025.12.22	01:19:21.655	0.87540	0.87548			6
2025.12.22	01:19:22.601	0.87539	0.87549			6
2025.12.22	01:19:23.693	0.87538	0.87550			6
2025.12.22	01:19:24.375	0.87540	0.87551			6
2025.12.22	01:19:26.287	0.87541	0.87549			6
2025.12.22	01:19:26.617	0.87539				2
2025.12.22	01:19:27.287	0.87542				2
2025.12.22	01:19:27.596	0.87541				2
2025.12.22	01:19:28.663	0.87540	0.87548			6
2025.12.22	01:19:29.057	0.87541	0.87549			6
2025.12.22	01:19:29.361	0.87539				2
2025.12.22	01:19:29.668	0.87537				2
2025.12.22	01:19:30.071	0.87539				2
2025.12.22	01:19:30.389	0.87540	0.87548			6
2025.12.22	01:19:30.810	0.87539	0.87549			6
2025.12.22	01:19:31.374	0.87537	0.87550			6
2025.12.22	01:19:31.678	0.87538	0.87549			6
2025.12.22	01:19:32.503	0.87539	0.87548			6
2025.12.22	01:19:32.865	0.87538	0.87549			6
2025.12.22	01:19:33.351	0.87537	0.87550			6
2025.12.22	01:19:33.667	0.87538	0.87548			6
2025.12.22	01:19:34.019		0.87549			4
2025.12.22	01:19:34.832		0.87548			4
2025.12.22	01:19:35.577	0.87540				2
2025.12.22	01:19:35.901	0.87539	0.87549			6
2025.12.22	01:19:36.436	0.87537	0.87551			6
2025.12.22	01:19:36.744	0.87540	0.87548			6
2025.12.22	01:19:37.068	0.87538	0.87549			6
2025.12.22	01:19:37.528	0.87540	0.87551			6
2025.12.22	01:19:37.840	0.87541	0.87548			6
2025.12.22	01:19:38.167		0.87549			4
2025.12.22	01:19:38.643	0.87540				2
2025.12.22	01:19:38.976	0.87539				2
2025.12.22	01:19:39.754	0.87541	0.87548			6
2025.12.22	01:19:40.109	0.87542	0.87549			6
2025.12.22	01:19:40.438	0.87540				2
2025.12.22	01:19:40.756	0.87541				2
2025.12.22	01:19:41.058	0.87539	0.87551			6
2025.12.22	01:19:41.367	0.87540	0.87550			6
2025.12.22	01:19:41.692	0.87542				2
2025.12.22	01:19:42.046	0.87541	0.87551			6
2025.12.22	01:19:42.860		0.87550			4
2025.12.22	01:19:43.249	0.87540	0.87551			6
2025.12.22	01:19:44.009	0.87541	0.87550			6
2025.12.22	01:19:44.316		0.87551			4
2025.12.22	01:19:51.315	0.87540				2
2025.12.22	01:19:56.158	0.87541				2
2025.12.22	01:19:59.220	0.87539	0.87550			6
2025.12.22	01:19:59.563	0.87541	0.87548			6
2025.12.22	01:20:00.005	0.87541	0.87549			6
2025.12.22	01:20:00.385		0.87548			4
2025.12.22	01:20:03.454	0.87540				2
2025.12.22	01:20:04.518		0.87549			4
2025.12.22	01:20:05.555	0.87541				2
2025.12.22	01:20:05.930		0.87547			4
2025.12.22	01:20:06.302	0.87540				2
2025.12.22	01:20:06.949	0.87538				2
2025.12.22	01:20:07.680	0.87539				2
2025.12.22	01:20:07.985	0.87540	0.87548			6
2025.12.22	01:20:08.874		0.87547			4
2025.12.22	01:20:09.192	0.87539				2
2025.12.22	01:20:09.886		0.87548			4
2025.12.22	01:20:10.962	0.87540				2
2025.12.22	01:20:16.659	0.87539				2
2025.12.22	01:20:17.081		0.87547			4
2025.12.22	01:20:17.906	0.87540	0.87548			6
2025.12.22	01:20:19.749		0.87547			4
2025.12.22	01:20:27.309	0.87539				2
2025.12.22	01:20:46.685	0.87538				2
2025.12.22	01:20:48.611	0.87539				2
2025.12.22	01:20:49.844	0.87538				2
2025.12.22	01:20:50.148	0.87539				2
2025.12.22	01:21:00.741	0.87539				2
2025.12.22	01:21:04.844	0.87538				2
2025.12.22	01:21:12.307	0.87539				2
2025.12.22	01:21:14.322	0.87538				2
2025.12.22	01:21:20.932		0.87547			4
2025.12.22	01:21:23.598	0.87527				2
2025.12.22	01:21:23.911	0.87528				2
2025.12.22	01:21:28.380		0.87549			4
2025.12.22	01:21:29.526	0.87538	0.87546			6
2025.12.22	01:21:29.842	0.87542	0.87548			6
2025.12.22	01:21:30.155	0.87532	0.87547			6
2025.12.22	01:21:30.466	0.87538	0.87545			6
2025.12.22	01:21:30.935	0.87539	0.87546			6
2025.12.22	01:21:31.238	0.87540	0.87547			6
2025.12.22	01:21:31.886	0.87538				2
2025.12.22	01:21:32.189	0.87539				2
2025.12.22	01:21:33.108	0.87540				2
2025.12.22	01:21:34.069	0.87539				2
2025.12.22	01:21:34.973		0.87548			4
2025.12.22	01:21:35.357	0.87540	0.87546			6
2025.12.22	01:21:35.658	0.87538	0.87547			6
2025.12.22	01:21:36.140		0.87548			4
2025.12.22	01:21:36.561	0.87540	0.87547			6
2025.12.22	01:21:37.176	0.87539	0.87548			6
2025.12.22	01:21:37.563		0.87547			4
2025.12.22	01:21:37.957		0.87548			4
2025.12.22	01:21:38.275	0.87540	0.87547			6
2025.12.22	01:21:38.800	0.87531				2
2025.12.22	01:21:39.133		0.87548			4
2025.12.22	01:21:39.442	0.87532	0.87547			6
2025.12.22	01:21:39.892	0.87531				2
2025.12.22	01:21:41.150		0.87548			4
2025.12.22	01:21:41.467	0.87540	0.87547			6
2025.12.22	01:21:41.782		0.87546			4
2025.12.22	01:21:42.236		0.87547			4
2025.12.22	01:21:42.991	0.87539				2
2025.12.22	01:21:43.339	0.87540				2
2025.12.22	01:21:44.334		0.87546			4
2025.12.22	01:21:44.893	0.87539	0.87547			6
2025.12.22	01:21:45.234	0.87538				2
2025.12.22	01:21:46.380	0.87539				2
2025.12.22	01:21:47.599	0.87538				2
2025.12.22	01:21:48.464	0.87539				2
2025.12.22	01:21:51.183	0.87537				2
2025.12.22	01:21:52.648	0.87538				2
2025.12.22	01:21:53.677	0.87536				2
2025.12.22	01:21:56.079		0.87548			4
2025.12.22	01:21:57.005		0.87547			4
2025.12.22	01:21:57.508		0.87548			4
2025.12.22	01:21:57.920	0.87539	0.87549			6
2025.12.22	01:21:58.256	0.87541				2
2025.12.22	01:21:58.565	0.87540				2
2025.12.22	01:21:59.399	0.87539				2
2025.12.22	01:21:59.713	0.87540				2
2025.12.22	01:22:00.067	0.87540				2
2025.12.22	01:22:00.410	0.87541	0.87548			6
2025.12.22	01:22:00.719	0.87539	0.87549			6
2025.12.22	01:22:01.519	0.87537				2
2025.12.22	01:22:01.852	0.87538				2
2025.12.22	01:22:02.679	0.87537				2
2025.12.22	01:22:03.490	0.87540	0.87547			6
2025.12.22	01:22:03.799	0.87541	0.87549			6
2025.12.22	01:22:04.105	0.87540				2
2025.12.22	01:22:04.528	0.87542	0.87550			6
2025.12.22	01:22:07.882	0.87543				2
2025.12.22	01:22:08.967	0.87542				2
2025.12.22	01:22:09.977	0.87543				2
2025.12.22	01:22:10.682	0.87542				2
2025.12.22	01:22:11.710	0.87541				2
2025.12.22	01:22:12.073	0.87540	0.87547			6
2025.12.22	01:22:12.710	0.87538				2
2025.12.22	01:22:15.948	0.87537				2
2025.12.22	01:22:21.656	0.87536				2
2025.12.22	01:22:40.096	0.87537	0.87545			6
2025.12.22	01:22:40.551	0.87536				2
2025.12.22	01:22:42.567	0.87538				2
2025.12.22	01:22:45.958	0.87537	0.87546			6
2025.12.22	01:22:50.133	0.87536	0.87547			6
2025.12.22	01:22:50.470	0.87537	0.87546			6
2025.12.22	01:22:53.727	0.87538	0.87545			6
2025.12.22	01:22:56.410	0.87537	0.87546			6
2025.12.22	01:23:01.777	0.87538				2
2025.12.22	01:23:03.156		0.87547			4
2025.12.22	01:23:04.155	0.87539				2
2025.12.22	01:23:08.498	0.87538				2
2025.12.22	01:23:08.806	0.87539				2
2025.12.22	01:23:19.012	0.87540	0.87548			6
2025.12.22	01:23:20.056	0.87539	0.87549			6
2025.12.22	01:23:20.400	0.87541	0.87548			6
2025.12.22	01:23:21.294	0.87540	0.87547			6
2025.12.22	01:23:21.685	0.87538				2
2025.12.22	01:23:22.209	0.87539				2
2025.12.22	01:23:23.365	0.87540	0.87548			6
2025.12.22	01:23:24.376	0.87538	0.87549			6
2025.12.22	01:23:24.679	0.87539	0.87548			6
2025.12.22	01:23:24.991		0.87547			4
2025.12.22	01:23:25.699	0.87540	0.87549			6
2025.12.22	01:23:26.015	0.87541				2
2025.12.22	01:23:26.601	0.87540	0.87548			6
2025.12.22	01:23:26.934	0.87541				2
2025.12.22	01:23:27.276	0.87540				2
2025.12.22	01:23:27.953		0.87547			4
2025.12.22	01:23:28.992		0.87550			4
2025.12.22	01:23:29.298	0.87539	0.87548			6
2025.12.22	01:23:30.227	0.87540				2
2025.12.22	01:23:30.539	0.87539				2
2025.12.22	01:23:31.419	0.87538	0.87550			6
2025.12.22	01:23:31.728	0.87541				2
2025.12.22	01:23:32.392	0.87539				2
2025.12.22	01:23:32.734	0.87540				2
2025.12.22	01:23:36.803	0.87539				2
2025.12.22	01:23:46.730		0.87549			4
2025.12.22	01:23:47.731		0.87550			4
2025.12.22	01:23:49.856		0.87549			4
2025.12.22	01:23:53.465	0.87540				2
2025.12.22	01:23:53.878	0.87539	0.87548			6
2025.12.22	01:23:54.200	0.87538	0.87547			6
2025.12.22	01:23:54.519		0.87546			4
2025.12.22	01:23:55.371		0.87545			4
2025.12.22	01:23:55.686		0.87544			4
2025.12.22	01:23:56.007	0.87537	0.87546			6
2025.12.22	01:23:56.506	0.87538				2
2025.12.22	01:23:56.835	0.87539				2
2025.12.22	01:23:58.808	0.87538				2
2025.12.22	01:23:59.135		0.87545			4
2025.12.22	01:23:59.801	0.87539				2
2025.12.22	01:24:00.130	0.87539				2
2025.12.22	01:24:00.803	0.87538	0.87546			6
2025.12.22	01:24:01.629	0.87537	0.87544			6
2025.12.22	01:24:04.906	0.87536				2
2025.12.22	01:24:08.407	0.87537				2
2025.12.22	01:24:09.055	0.87529				2
2025.12.22	01:24:09.359	0.87533				2
2025.12.22	01:24:09.702	0.87536				2
2025.12.22	01:24:11.655	0.87535				2
2025.12.22	01:24:15.916	0.87537				2
2025.12.22	01:24:18.610	0.87536				2
2025.12.22	01:24:19.339	0.87538	0.87545			6
2025.12.22	01:24:45.113		0.87546			4
2025.12.22	01:24:46.133	0.87536				2
2025.12.22	01:24:48.509		0.87545			4
2025.12.22	01:24:50.749		0.87546			4
2025.12.22	01:24:51.236		0.87545			4
2025.12.22	01:24:54.126	0.87535	0.87542			6
2025.12.22	01:24:54.482	0.87534	0.87543			6
2025.12.22	01:24:56.670	0.87536				2
2025.12.22	01:24:58.735	0.87537				2
2025.12.22	01:24:59.076	0.87534	0.87546			6
2025.12.22	01:24:59.467	0.87533				2
2025.12.22	01:25:00.086	0.87533				2
2025.12.22	01:25:00.534	0.87535	0.87545			6
2025.12.22	01:25:00.893	0.87533	0.87546			6
2025.12.22	01:25:01.218	0.87534				2
2025.12.22	01:25:01.581	0.87536				2
2025.12.22	01:25:02.470	0.87535				2
2025.12.22	01:25:03.391	0.87533				2
2025.12.22	01:25:04.123	0.87534				2
2025.12.22	01:25:04.942	0.87535	0.87545			6
2025.12.22	01:25:05.738	0.87538	0.87546			6
2025.12.22	01:25:06.087	0.87534	0.87545			6
2025.12.22	01:25:06.399	0.87531	0.87546			6
2025.12.22	01:25:06.708	0.87530	0.87545			6
2025.12.22	01:25:07.458	0.87529				2
2025.12.22	01:25:07.863	0.87530	0.87546			6
2025.12.22	01:25:08.184		0.87545			4
2025.12.22	01:25:08.913	0.87529	0.87546			6
2025.12.22	01:25:09.219	0.87527	0.87545			6
2025.12.22	01:25:09.558	0.87528				2
2025.12.22	01:25:10.049	0.87536	0.87544			6
2025.12.22	01:25:10.361	0.87533	0.87543			6
2025.12.22	01:25:10.701	0.87528				2
2025.12.22	01:25:11.266	0.87529	0.87544			6
2025.12.22	01:25:11.587	0.87528	0.87543			6
2025.12.22	01:25:12.303	0.87530	0.87545			6
2025.12.22	01:25:12.623	0.87529	0.87543			6
2025.12.22	01:25:13.357	0.87531	0.87546			6
2025.12.22	01:25:13.681	0.87530	0.87545			6
2025.12.22	01:25:15.542	0.87531	0.87546			6
2025.12.22	01:25:17.474		0.87545			4
2025.12.22	01:25:21.274	0.87530				2
2025.12.22	01:25:21.628	0.87531				2
2025.12.22	01:25:22.274	0.87530				2
2025.12.22	01:25:22.663	0.87531				2
2025.12.22	01:25:23.254	0.87530				2
2025.12.22	01:25:23.579	0.87531				2
2025.12.22	01:25:24.021	0.87530				2
2025.12.22	01:25:24.735	0.87531				2
2025.12.22	01:25:25.088	0.87530				2
2025.12.22	01:25:25.594	0.87531	0.87546			6
2025.12.22	01:25:25.898		0.87545			4
2025.12.22	01:25:27.826		0.87546			4
2025.12.22	01:25:29.100		0.87545			4
2025.12.22	01:25:33.054		0.87546			4
2025.12.22	01:25:33.982		0.87545			4
2025.12.22	01:25:34.491	0.87532				2
2025.12.22	01:25:35.125	0.87530				2
2025.12.22	01:25:36.003		0.87544			4
2025.12.22	01:25:36.500	0.87531	0.87543			6
2025.12.22	01:25:36.952		0.87544			4
2025.12.22	01:25:37.368		0.87543			4
2025.12.22	01:25:38.069	0.87530				2
2025.12.22	01:25:39.074		0.87544			4
2025.12.22	01:25:39.758	0.87531	0.87543			6
2025.12.22	01:25:40.075		0.87545			4
2025.12.22	01:25:40.432		0.87543			4
2025.12.22	01:25:40.746	0.87530	0.87545			6
2025.12.22	01:25:41.049		0.87543			4
2025.12.22	01:25:41.358	0.87529				2
2025.12.22	01:25:42.159	0.87531				2
2025.12.22	01:25:42.730	0.87528				2
2025.12.22	01:25:43.181	0.87529				2
2025.12.22	01:25:44.252		0.87544			4
2025.12.22	01:25:44.559		0.87543			4
2025.12.22	01:25:46.292	0.87530				2
2025.12.22	01:25:47.047	0.87529				2
2025.12.22	01:25:47.444	0.87530				2
2025.12.22	01:25:47.756	0.87529				2
2025.12.22	01:25:48.251	0.87530				2
2025.12.22	01:25:48.664	0.87529				2
2025.12.22	01:25:50.407	0.87527				2
2025.12.22	01:25:50.737	0.87528	0.87544			6
2025.12.22	01:25:51.055	0.87529	0.87543			6
2025.12.22	01:25:51.467	0.87528				2
2025.12.22	01:25:51.892	0.87530	0.87545			6
2025.12.22	01:25:52.292	0.87537	0.87544			6
2025.12.22	01:25:52.661	0.87536	0.87543			6
2025.12.22	01:25:53.023	0.87528				2
2025.12.22	01:25:53.553	0.87530				2
2025.12.22	01:25:53.874		0.87544			4
2025.12.22	01:25:54.182	0.87529	0.87543			6
2025.12.22	01:25:55.097		0.87544			4
2025.12.22	01:25:55.615		0.87543			4
2025.12.22	01:25:55.919		0.87544			4
2025.12.22	01:25:56.264	0.87528	0.87543			6
2025.12.22	01:25:57.119	0.87529				2
2025.12.22	01:25:57.963	0.87530	0.87544			6
2025.12.22	01:25:58.265	0.87529	0.87543			6
2025.12.22	01:25:59.173	0.87531	0.87544			6
2025.12.22	01:25:59.534	0.87530	0.87543			6
2025.12.22	01:26:00.214	0.87530	0.87544			6
2025.12.22	01:26:00.519		0.87543			4
2025.12.22	01:26:01.352	0.87529				2
2025.12.22	01:26:01.988	0.87530				2
2025.12.22	01:26:02.297	0.87529				2
2025.12.22	01:26:02.621	0.87530				2
2025.12.22	01:26:04.359	0.87529				2
2025.12.22	01:26:05.001	0.87531	0.87545			6
2025.12.22	01:26:05.318	0.87530	0.87542			6
2025.12.22	01:26:05.638	0.87529	0.87543			6
2025.12.22	01:26:06.246	0.87530				2
2025.12.22	01:26:06.559		0.87542			4
2025.12.22	01:26:06.980	0.87531				2
2025.12.22	01:26:07.336	0.87530	0.87543			6
2025.12.22	01:26:07.645		0.87542			4
2025.12.22	01:26:08.503	0.87529	0.87543			6
2025.12.22	01:26:08.990	0.87530				2
2025.12.22	01:26:09.574	0.87531				2
2025.12.22	01:26:10.679	0.87530	0.87544			6
2025.12.22	01:26:11.077		0.87543			4
2025.12.22	01:26:11.839		0.87544			4
2025.12.22	01:26:12.140	0.87531	0.87543			6
2025.12.22	01:26:12.472	0.87530				2
2025.12.22	01:26:12.834	0.87531				2
2025.12.22	01:26:13.141	0.87529				2
2025.12.22	01:26:15.591		0.87545			4
2025.12.22	01:26:15.934	0.87531	0.87543			6
2025.12.22	01:26:16.236	0.87530				2
2025.12.22	01:26:16.873		0.87544			4
2025.12.22	01:26:17.211		0.87543			4
2025.12.22	01:26:17.526		0.87544			4
2025.12.22	01:26:18.306		0.87543			4
2025.12.22	01:26:20.582		0.87542			4
2025.12.22	01:26:20.893		0.87543			4
2025.12.22	01:26:21.353		0.87544			4
2025.12.22	01:26:21.672		0.87542			4
2025.12.22	01:26:22.529		0.87543			4
2025.12.22	01:26:23.371	0.87531				2
2025.12.22	01:26:23.680		0.87542			4
2025.12.22	01:26:23.983		0.87543			4
2025.12.22	01:26:24.300	0.87525	0.87542			6
2025.12.22	01:26:24.619	0.87523				2
2025.12.22	01:26:25.595	0.87521	0.87541			6
2025.12.22	01:26:25.904	0.87518	0.87539			6
2025.12.22	01:26:26.738	0.87520	0.87540			6
2025.12.22	01:26:27.051	0.87519	0.87541			6
2025.12.22	01:26:29.030		0.87540			4
2025.12.22	01:26:29.450	0.87518	0.87536			6
2025.12.22	01:26:29.761	0.87519	0.87537			6
2025.12.22	01:26:30.177	0.87518				2
2025.12.22	01:26:30.487	0.87515				2
2025.12.22	01:26:30.793	0.87516	0.87535			6
2025.12.22	01:26:31.375	0.87517				2
2025.12.22	01:26:31.808		0.87532			4
2025.12.22	01:26:32.184	0.87516				2
2025.12.22	01:26:34.992	0.87517				2
2025.12.22	01:26:41.506	0.87526	0.87535			6
2025.12.22	01:26:41.844	0.87528	0.87534			6
2025.12.22	01:26:42.151	0.87527				2
2025.12.22	01:26:42.458	0.87526	0.87535			6
2025.12.22	01:26:42.777		0.87536			4
2025.12.22	01:26:43.362		0.87532			4
2025.12.22	01:26:43.665	0.87524	0.87533			6
2025.12.22	01:26:43.980	0.87522				2
2025.12.22	01:26:44.343	0.87524	0.87532			6
2025.12.22	01:26:44.651	0.87523	0.87533			6
2025.12.22	01:26:44.977	0.87524	0.87534			6
2025.12.22	01:26:45.288		0.87533			4
2025.12.22	01:26:45.689	0.87525	0.87534			6
2025.12.22	01:26:46.059	0.87523				2
2025.12.22	01:26:46.372	0.87524	0.87533			6
2025.12.22	01:26:46.784	0.87526	0.87532			6
2025.12.22	01:26:47.439	0.87525				2
2025.12.22	01:26:47.822	0.87524				2
2025.12.22	01:26:48.147	0.87521				2
2025.12.22	01:26:48.469	0.87520	0.87533			6
2025.12.22	01:26:48.868	0.87521	0.87534			6
2025.12.22	01:26:49.208		0.87532			4
2025.12.22	01:26:50.751	0.87522	0.87534			6
2025.12.22	01:26:51.061		0.87532			4
2025.12.22	01:26:52.094	0.87520	0.87534			6
2025.12.22	01:26:52.422	0.87522	0.87532			6
2025.12.22	01:26:53.272	0.87524				2
2025.12.22	01:26:53.575		0.87533			4
2025.12.22	01:26:54.301	0.87527	0.87534			6
2025.12.22	01:26:54.604	0.87524	0.87535			6
2025.12.22	01:26:55.172	0.87523	0.87534			6
2025.12.22	01:26:55.537	0.87524	0.87533			6
2025.12.22	01:26:56.367		0.87534			4
2025.12.22	01:26:56.682	0.87526	0.87533			6
2025.12.22	01:26:57.014		0.87532			4
2025.12.22	01:26:58.208	0.87523				2
2025.12.22	01:27:00.533	0.87523				2
2025.12.22	01:27:01.390	0.87522				2
2025.12.22	01:27:02.708	0.87521				2
2025.12.22	01:27:03.092	0.87520	0.87534			6
2025.12.22	01:27:03.402	0.87521				2
2025.12.22	01:27:03.791	0.87523				2
2025.12.22	01:27:05.899	0.87522	0.87532			6
2025.12.22	01:27:06.912	0.87523				2
2025.12.22	01:27:07.258	0.87521	0.87533			6
2025.12.22	01:27:08.347	0.87519				2
2025.12.22	01:27:11.583	0.87520	0.87535			6
2025.12.22	01:27:13.369	0.87522				2
2025.12.22	01:27:16.008	0.87523				2
2025.12.22	01:27:18.362	0.87520				2
2025.12.22	01:27:19.447	0.87521				2
2025.12.22	01:27:22.282	0.87520				2
2025.12.22	01:27:23.397	0.87522				2
2025.12.22	01:27:23.959	0.87523				2
2025.12.22	01:27:28.365	0.87520				2
2025.12.22	01:27:29.068	0.87517				2
2025.12.22	01:27:31.256	0.87518				2
2025.12.22	01:27:33.324	0.87517				2
2025.12.22	01:27:33.660	0.87518				2
2025.12.22	01:27:34.271	0.87517				2
2025.12.22	01:27:40.955	0.87519				2
2025.12.22	01:27:42.300	0.87518				2
2025.12.22	01:27:44.365	0.87519				2
2025.12.22	01:27:46.691	0.87529	0.87542			6
2025.12.22	01:27:47.672		0.87541			4
2025.12.22	01:27:47.977		0.87542			4
2025.12.22	01:27:48.286		0.87541			4
2025.12.22	01:27:48.634		0.87542			4
2025.12.22	01:27:53.180	0.87516	0.87532			6
2025.12.22	01:27:53.492		0.87531			4
2025.12.22	01:27:53.849		0.87532			4
2025.12.22	01:27:54.334	0.87514				2
2025.12.22	01:27:54.673	0.87516				2
2025.12.22	01:27:55.013	0.87514	0.87531			6
2025.12.22	01:27:55.318		0.87530			4
2025.12.22	01:27:55.632		0.87532			4
2025.12.22	01:27:56.345		0.87530			4
2025.12.22	01:27:56.734	0.87512				2
2025.12.22	01:27:57.039	0.87514	0.87532			6
2025.12.22	01:27:58.736	0.87513				2
2025.12.22	01:27:59.203	0.87514	0.87530			6
2025.12.22	01:27:59.522	0.87513				2
2025.12.22	01:28:00.252	0.87513				2
2025.12.22	01:28:00.698	0.87511				2
2025.12.22	01:28:01.551	0.87514				2
2025.12.22	01:28:02.174	0.87513				2
2025.12.22	01:28:03.393	0.87514	0.87532			6
2025.12.22	01:28:04.191	0.87515				2
2025.12.22	01:28:06.141	0.87513	0.87530			6
2025.12.22	01:28:06.490		0.87532			4
2025.12.22	01:28:07.350	0.87514	0.87530			6
2025.12.22	01:28:07.658	0.87513				2
2025.12.22	01:28:08.364	0.87516				2
2025.12.22	01:28:08.670	0.87513				2
2025.12.22	01:28:11.334	0.87514	0.87529			6
2025.12.22	01:28:16.495	0.87513				2
2025.12.22	01:28:16.803		0.87531			4
2025.12.22	01:28:17.119	0.87512	0.87530			6
2025.12.22	01:28:17.861	0.87513				2
2025.12.22	01:28:18.215	0.87512	0.87529			6
2025.12.22	01:28:18.546	0.87513				2
2025.12.22	01:28:18.928	0.87511				2
2025.12.22	01:28:19.523	0.87512				2
2025.12.22	01:28:21.360	0.87513				2
2025.12.22	01:28:21.668	0.87512				2
2025.12.22	01:28:22.689		0.87530			4
2025.12.22	01:28:23.704		0.87529			4
2025.12.22	01:28:24.411	0.87513				2
2025.12.22	01:28:24.730	0.87512				2
2025.12.22	01:28:25.128	0.87513				2
2025.12.22	01:28:25.449		0.87530			4
2025.12.22	01:28:25.755	0.87512	0.87529			6
2025.12.22	01:28:26.472	0.87513				2
2025.12.22	01:28:26.775	0.87516				2
2025.12.22	01:28:27.083	0.87513				2
2025.12.22	01:28:27.919		0.87528			4
2025.12.22	01:28:28.231	0.87511				2
2025.12.22	01:28:30.143	0.87513				2
2025.12.22	01:28:30.483	0.87512				2
2025.12.22	01:28:31.350	0.87513	0.87527			6
2025.12.22	01:28:33.469	0.87512				2
2025.12.22	01:28:34.623	0.87511	0.87526			6
2025.12.22	01:28:35.000		0.87525			4
2025.12.22	01:28:35.540		0.87526			4
2025.12.22	01:28:36.417		0.87525			4
2025.12.22	01:28:38.160		0.87527			4
2025.12.22	01:28:39.141	0.87510	0.87526			6
2025.12.22	01:28:39.522		0.87527			4
2025.12.22	01:28:39.838	0.87511				2
2025.12.22	01:28:42.948		0.87525			4
2025.12.22	01:28:43.258		0.87529			4
2025.12.22	01:28:43.560	0.87514				2
2025.12.22	01:28:45.998		0.87527			4
2025.12.22	01:28:46.701		0.87529			4
2025.12.22	01:28:49.095		0.87530			4
2025.12.22	01:28:49.436	0.87512	0.87529			6
2025.12.22	01:28:50.003	0.87513	0.87525			6
2025.12.22	01:28:50.340	0.87511				2
2025.12.22	01:28:51.268	0.87514	0.87527			6
2025.12.22	01:28:51.645	0.87512				2
2025.12.22	01:28:53.250	0.87515	0.87526			6
2025.12.22	01:28:53.608	0.87511	0.87527			6
2025.12.22	01:28:54.345		0.87526			4
2025.12.22	01:28:54.655		0.87527			4
2025.12.22	01:28:54.959		0.87525			4
2025.12.22	01:28:55.261	0.87513	0.87529			6
2025.12.22	01:28:55.579	0.87511	0.87527			6
2025.12.22	01:28:57.197	0.87510				2
2025.12.22	01:28:57.510	0.87511				2
2025.12.22	01:28:58.109	0.87514				2
2025.12.22	01:28:58.419	0.87512	0.87525			6
2025.12.22	01:29:00.535	0.87512				2
2025.12.22	01:29:02.081		0.87527			4
2025.12.22	01:29:02.404	0.87513	0.87528			6
2025.12.22	01:29:02.713	0.87514	0.87527			6
2025.12.22	01:29:03.029	0.87513	0.87525			6
2025.12.22	01:29:03.339	0.87512	0.87527			6
2025.12.22	01:29:04.012		0.87526			4
2025.12.22	01:29:04.350	0.87511	0.87527			6
2025.12.22	01:29:05.013		0.87526			4
2025.12.22	01:29:05.708	0.87513				2
2025.12.22	01:29:06.085		0.87525			4
2025.12.22	01:29:06.398	0.87512				2
2025.12.22	01:29:06.795		0.87526			4
2025.12.22	01:29:07.689	0.87513				2
2025.12.22	01:29:08.287	0.87512	0.87527			6
2025.12.22	01:29:08.599	0.87514				2
2025.12.22	01:29:08.905	0.87513				2
2025.12.22	01:29:09.277	0.87514				2
2025.12.22	01:29:09.581		0.87525			4
2025.12.22	01:29:10.490		0.87529			4
2025.12.22	01:29:11.118	0.87515				2
2025.12.22	01:29:11.473	0.87514				2
2025.12.22	01:29:13.391	0.87512				2
2025.12.22	01:29:14.657	0.87513				2
2025.12.22	01:29:15.868	0.87512	0.87528			6
2025.12.22	01:29:16.373	0.87513				2
2025.12.22	01:29:18.362		0.87529			4
2025.12.22	01:29:18.906		0.87528			4
2025.12.22	01:29:20.920	0.87514	0.87529			6
2025.12.22	01:29:21.222	0.87513	0.87528			6
2025.12.22	01:29:23.387	0.87512	0.87529			6
2025.12.22	01:29:23.752	0.87513	0.87528			6
2025.12.22	01:29:28.363	0.87514	0.87529			6
2025.12.22	01:29:29.317		0.87528			4
2025.12.22	01:29:33.387		0.87529			4
2025.12.22	01:29:34.418	0.87512	0.87528			6
2025.12.22	01:29:35.372	0.87514				2
2025.12.22	01:29:35.688	0.87512	0.87529			6
2025.12.22	01:29:36.374		0.87528			4
2025.12.22	01:29:37.703	0.87513				2
2025.12.22	01:29:38.363	0.87514	0.87529			6
2025.12.22	01:29:45.813	0.87512	0.87525			6
2025.12.22	01:29:46.866		0.87527			4
2025.12.22	01:29:47.671	0.87513				2
2025.12.22	01:29:47.983	0.87512				2
2025.12.22	01:29:48.355	0.87513				2
2025.12.22	01:29:50.487	0.87512				2
2025.12.22	01:29:50.900	0.87513				2
2025.12.22	01:29:51.624	0.87512				2
2025.12.22	01:29:53.279	0.87514				2
2025.12.22	01:29:53.648	0.87513				2
2025.12.22	01:29:55.564		0.87529			4
2025.12.22	01:29:58.361	0.87514				2
2025.12.22	01:30:00.442	0.87512				2
2025.12.22	01:30:01.329	0.87514	0.87528			6
2025.12.22	01:30:02.377	0.87515				2
2025.12.22	01:30:02.683	0.87514	0.87529			6
2025.12.22	01:30:02.999	0.87515				2
2025.12.22	01:30:03.368	0.87517	0.87518			6
2025.12.22	01:30:04.281	0.87516	0.87517			6
2025.12.22	01:30:04.906	0.87517	0.87518			6
2025.12.22	01:30:05.541	0.87516	0.87517			6
2025.12.22	01:30:05.846	0.87518	0.87519			6
2025.12.22	01:30:06.790	0.87512	0.87529			6
2025.12.22	01:30:07.192	0.87511				2
2025.12.22	01:30:08.283	0.87524	0.87538			6
2025.12.22	01:30:08.599	0.87523	0.87530			6
2025.12.22	01:30:08.958	0.87524	0.87538			6
2025.12.22	01:30:09.339	0.87522	0.87531			6
2025.12.22	01:30:09.694	0.87525	0.87537			6
2025.12.22	01:30:10.058	0.87523	0.87530			6
2025.12.22	01:30:10.381	0.87524	0.87538			6
2025.12.22	01:30:11.364	0.87522	0.87530			6
2025.12.22	01:30:11.793	0.87525	0.87534			6
2025.12.22	01:30:12.100	0.87522	0.87535			6
2025.12.22	01:30:12.401	0.87525	0.87533			6
2025.12.22	01:30:12.718		0.87534			4
2025.12.22	01:30:13.037		0.87533			4
2025.12.22	01:30:13.357	0.87516	0.87530			6
2025.12.22	01:30:13.661	0.87514	0.87531			6
2025.12.22	01:30:13.973	0.87521	0.87528			6
2025.12.22	01:30:14.304	0.87522	0.87542			6
2025.12.22	01:30:14.626	0.87523	0.87535			6
2025.12.22	01:30:14.935	0.87522	0.87532			6
2025.12.22	01:30:15.373		0.87535			4
2025.12.22	01:30:15.685		0.87541			4
2025.12.22	01:30:16.031		0.87539			4
2025.12.22	01:30:18.367		0.87535			4
2025.12.22	01:30:18.701		0.87536			4
2025.12.22	01:30:19.007		0.87537			4
2025.12.22	01:30:19.349		0.87528			4
2025.12.22	01:30:19.871	0.87520				2
2025.12.22	01:30:21.470	0.87522				2
2025.12.22	01:30:23.367		0.87529			4
2025.12.22	01:30:23.771	0.87513	0.87528			6
2025.12.22	01:30:24.922	0.87522	0.87530			6
2025.12.22	01:30:25.516	0.87513	0.87528			6
2025.12.22	01:30:26.514	0.87514				2
2025.12.22	01:30:26.827	0.87513				2
2025.12.22	01:30:27.138	0.87522	0.87530			6
2025.12.22	01:30:27.722	0.87513	0.87528			6
2025.12.22	01:30:28.027	0.87514				2
2025.12.22	01:30:28.349	0.87511				2
2025.12.22	01:30:30.582	0.87512				2
2025.12.22	01:30:31.229	0.87513				2
2025.12.22	01:30:31.917	0.87512				2
2025.12.22	01:30:38.946	0.87511	0.87526			6
2025.12.22	01:30:40.870	0.87518	0.87525			6
2025.12.22	01:30:41.500	0.87511	0.87528			6
2025.12.22	01:30:41.841	0.87514	0.87527			6
2025.12.22	01:30:42.159	0.87515	0.87528			6
2025.12.22	01:30:42.595		0.87527			4
2025.12.22	01:30:42.898	0.87514	0.87529			6
2025.12.22	01:30:43.216	0.87519	0.87530			6
2025.12.22	01:30:43.565	0.87520	0.87529			6
2025.12.22	01:30:44.894	0.87521				2
2025.12.22	01:30:47.127	0.87522	0.87530			6
2025.12.22	01:30:48.367	0.87516	0.87527			6
2025.12.22	01:30:50.150	0.87517				2
2025.12.22	01:30:50.507	0.87515				2
2025.12.22	01:30:52.558	0.87517	0.87529			6
2025.12.22	01:30:52.861	0.87520				2
2025.12.22	01:30:53.421	0.87521				2
2025.12.22	01:30:53.837	0.87522				2
2025.12.22	01:30:56.763	0.87521				2
2025.12.22	01:30:57.198	0.87522				2
2025.12.22	01:30:57.787	0.87521				2
2025.12.22	01:30:58.100	0.87522				2
2025.12.22	01:30:58.411	0.87520	0.87528			6
2025.12.22	01:31:00.422	0.87521				2
2025.12.22	01:31:01.527	0.87520				2
2025.12.22	01:31:01.842	0.87521				2
2025.12.22	01:31:02.473	0.87519				2
2025.12.22	01:31:03.049	0.87520				2
2025.12.22	01:31:03.367	0.87521	0.87529			6
2025.12.22	01:31:04.064	0.87520	0.87532			6
2025.12.22	01:31:04.472	0.87522	0.87529			6
2025.12.22	01:31:04.791	0.87520	0.87531			6
2025.12.22	01:31:05.119	0.87521	0.87528			6
2025.12.22	01:31:05.435	0.87519				2
2025.12.22	01:31:05.906	0.87520	0.87530			6
2025.12.22	01:31:06.218	0.87522	0.87529			6
2025.12.22	01:31:07.237	0.87521	0.87528			6
2025.12.22	01:31:07.604	0.87519	0.87529			6
2025.12.22	01:31:07.919	0.87520	0.87528			6
2025.12.22	01:31:08.242	0.87521				2
2025.12.22	01:31:08.559	0.87526	0.87534			6
2025.12.22	01:31:11.954	0.87527				2
2025.12.22	01:31:13.050	0.87526				2
2025.12.22	01:31:13.363	0.87524	0.87535			6
2025.12.22	01:31:13.678	0.87523	0.87537			6
2025.12.22	01:31:14.007	0.87525	0.87534			6
2025.12.22	01:31:15.459	0.87523				2
2025.12.22	01:31:18.662	0.87524				2
2025.12.22	01:31:19.372	0.87526				2
2025.12.22	01:31:21.464	0.87524				2
2025.12.22	01:31:22.621	0.87526				2
2025.12.22	01:31:23.690	0.87523				2
2025.12.22	01:31:25.294	0.87525	0.87535			6
2025.12.22	01:31:25.611	0.87524				2
2025.12.22	01:31:25.919	0.87518				2
2025.12.22	01:31:26.233	0.87519				2
2025.12.22	01:31:26.623	0.87517				2
2025.12.22	01:31:27.379	0.87522	0.87537			6
2025.12.22	01:31:27.699	0.87521	0.87538			6
2025.12.22	01:31:28.054		0.87537			4
2025.12.22	01:31:28.358		0.87536			4
2025.12.22	01:31:28.672	0.87518	0.87533			6
2025.12.22	01:31:29.519	0.87520				2
2025.12.22	01:31:30.472	0.87521				2
2025.12.22	01:31:31.159	0.87520				2
2025.12.22	01:31:32.296		0.87536			4
2025.12.22	01:31:32.599		0.87533			4
2025.12.22	01:31:34.495		0.87536			4
2025.12.22	01:31:34.830	0.87519	0.87533			6
2025.12.22	01:31:36.040	0.87520				2
2025.12.22	01:31:36.759	0.87519	0.87537			6
2025.12.22	01:31:37.061	0.87520	0.87536			6
2025.12.22	01:31:37.372	0.87521	0.87534			6
2025.12.22	01:31:38.110	0.87519	0.87536			6
2025.12.22	01:31:38.419	0.87522	0.87537			6
2025.12.22	01:31:38.725		0.87536			4
2025.12.22	01:31:39.577	0.87523				2
2025.12.22	01:31:41.649		0.87537			4
2025.12.22	01:31:42.038		0.87536			4
2025.12.22	01:31:43.367		0.87537			4
2025.12.22	01:31:44.077		0.87536			4
2025.12.22	01:31:47.609	0.87522				2
2025.12.22	01:31:48.396		0.87537			4
2025.12.22	01:31:48.761	0.87523				2
2025.12.22	01:31:49.759	0.87522				2
2025.12.22	01:31:50.678		0.87535			4
2025.12.22	01:31:51.781	0.87521				2
2025.12.22	01:31:52.097	0.87518				2
2025.12.22	01:31:53.367		0.87536			4
2025.12.22	01:31:54.402	0.87516	0.87535			6
2025.12.22	01:31:54.756	0.87517				2
2025.12.22	01:31:55.402	0.87516				2
2025.12.22	01:31:55.831	0.87517				2
2025.12.22	01:31:56.441	0.87516				2
2025.12.22	01:31:56.757	0.87518				2
2025.12.22	01:31:59.284	0.87521				2
2025.12.22	01:31:59.593		0.87534			4
2025.12.22	01:32:00.169	0.87521	0.87537			6
2025.12.22	01:32:00.479		0.87539			4
2025.12.22	01:32:00.786		0.87535			4
2025.12.22	01:32:01.092	0.87520	0.87534			6
2025.12.22	01:32:01.414		0.87536			4
2025.12.22	01:32:01.716		0.87537			4
2025.12.22	01:32:02.041		0.87536			4
2025.12.22	01:32:02.374		0.87537			4
2025.12.22	01:32:02.679		0.87536			4
2025.12.22	01:32:03.375		0.87537			4
2025.12.22	01:32:03.694		0.87536			4
2025.12.22	01:32:10.127		0.87533			4
2025.12.22	01:32:10.550		0.87536			4
2025.12.22	01:32:10.860	0.87521				2
2025.12.22	01:32:15.978		0.87537			4
2025.12.22	01:32:16.394	0.87522	0.87535			6
2025.12.22	01:32:16.699		0.87536			4
2025.12.22	01:32:17.006	0.87523	0.87535			6
2025.12.22	01:32:17.349		0.87537			4
2025.12.22	01:32:17.658	0.87522	0.87536			6
2025.12.22	01:32:17.978	0.87524	0.87537			6
2025.12.22	01:32:18.295	0.87525	0.87535			6
2025.12.22	01:32:18.650	0.87524	0.87537			6
2025.12.22	01:32:19.007	0.87526	0.87535			6
2025.12.22	01:32:19.408	0.87525				2
2025.12.22	01:32:20.889		0.87536			4
2025.12.22	01:32:21.378	0.87526	0.87535			6
2025.12.22	01:32:21.736	0.87524	0.87537			6
2025.12.22	01:32:22.053	0.87526	0.87535			6
2025.12.22	01:32:23.292	0.87524				2
2025.12.22	01:32:23.614	0.87522				2
2025.12.22	01:32:24.373	0.87523				2
2025.12.22	01:32:24.681	0.87522				2
2025.12.22	01:32:25.148	0.87523	0.87537			6
2025.12.22	01:32:25.458	0.87522				2
2025.12.22	01:32:25.806	0.87523	0.87536			6
2025.12.22	01:32:26.489	0.87522				2
2025.12.22	01:32:27.199	0.87523	0.87537			6
2025.12.22	01:32:27.522		0.87536			4
2025.12.22	01:32:29.529	0.87524				2
2025.12.22	01:32:31.315	0.87521				2
2025.12.22	01:32:31.667	0.87522				2
2025.12.22	01:32:32.002	0.87523				2
2025.12.22	01:32:38.110	0.87526				2
2025.12.22	01:32:38.419	0.87525	0.87533			6
2025.12.22	01:32:38.744	0.87523	0.87537			6
2025.12.22	01:32:39.083	0.87522				2
2025.12.22	01:32:39.407	0.87523				2
2025.12.22	01:32:39.746	0.87522				2
2025.12.22	01:32:40.068	0.87526	0.87534			6
2025.12.22	01:32:40.372	0.87524	0.87536			6
2025.12.22	01:32:40.692		0.87535			4
2025.12.22	01:32:41.023	0.87525	0.87533			6
2025.12.22	01:32:41.550	0.87526	0.87534			6
2025.12.22	01:32:41.884	0.87524	0.87535			6
2025.12.22	01:32:42.199		0.87536			4
2025.12.22	01:32:42.962	0.87523				2
2025.12.22	01:32:43.265	0.87524	0.87540			6
2025.12.22	01:32:43.936	0.87526	0.87538			6
2025.12.22	01:32:44.292	0.87525	0.87540			6
2025.12.22	01:32:44.601	0.87526	0.87536			6
2025.12.22	01:32:45.457	0.87525	0.87540			6
2025.12.22	01:32:46.133	0.87526				2
2025.12.22	01:32:46.455	0.87527	0.87539			6
2025.12.22	01:32:47.398	0.87526				2
2025.12.22	01:32:47.785	0.87528				2
2025.12.22	01:32:48.306	0.87526				2
2025.12.22	01:32:48.694	0.87525				2
2025.12.22	01:32:49.107		0.87536			4
2025.12.22	01:32:49.445	0.87523	0.87540			6
2025.12.22	01:32:49.753	0.87526	0.87536			6
2025.12.22	01:32:50.636	0.87525	0.87537			6
2025.12.22	01:32:51.091	0.87522	0.87539			6
2025.12.22	01:32:51.403	0.87526	0.87537			6
2025.12.22	01:32:51.714	0.87524	0.87539			6
2025.12.22	01:32:52.019	0.87525	0.87538			6
2025.12.22	01:32:52.686	0.87527	0.87536			6
2025.12.22	01:32:52.992	0.87525	0.87538			6
2025.12.22	01:32:53.298		0.87540			4
2025.12.22	01:32:53.634	0.87526	0.87537			6
2025.12.22	01:32:54.279	0.87524	0.87539			6
2025.12.22	01:32:54.582	0.87527	0.87537			6
2025.12.22	01:32:55.563	0.87524	0.87540			6
2025.12.22	01:32:56.625	0.87525	0.87539			6
2025.12.22	01:32:57.105	0.87524	0.87540			6
2025.12.22	01:32:57.432	0.87525	0.87539			6
2025.12.22	01:32:58.321	0.87524				2
2025.12.22	01:32:59.588	0.87525	0.87540			6
2025.12.22	01:32:59.926		0.87539			4
2025.12.22	01:33:00.287	0.87534	0.87542			6
2025.12.22	01:33:00.599		0.87546			4
2025.12.22	01:33:00.936	0.87537	0.87547			6
2025.12.22	01:33:01.238	0.87538	0.87549			6
2025.12.22	01:33:01.547	0.87541	0.87548			6
2025.12.22	01:33:01.872	0.87540	0.87549			6
2025.12.22	01:33:02.178		0.87548			4
2025.12.22	01:33:02.487	0.87536	0.87549			6
2025.12.22	01:33:02.802	0.87540	0.87546			6
2025.12.22	01:33:03.178	0.87536	0.87547			6
2025.12.22	01:33:03.486	0.87537				2
2025.12.22	01:33:08.368	0.87536	0.87546			6
2025.12.22	01:33:14.381	0.87535	0.87545			6
2025.12.22	01:33:15.315	0.87536				2
2025.12.22	01:33:16.770	0.87537	0.87546			6
2025.12.22	01:33:19.733	0.87538	0.87544			6
2025.12.22	01:33:20.042		0.87543			4
2025.12.22	01:33:22.073	0.87537				2
2025.12.22	01:33:22.412	0.87538				2
2025.12.22	01:33:23.234	0.87536	0.87544			6
2025.12.22	01:33:23.536		0.87543			4
2025.12.22	01:33:23.857	0.87537				2
2025.12.22	01:33:24.202		0.87546			4
2025.12.22	01:33:25.205	0.87536				2
2025.12.22	01:33:25.539	0.87537	0.87545			6
2025.12.22	01:33:26.108		0.87544			4
2025.12.22	01:33:26.605		0.87546			4
2025.12.22	01:33:27.166	0.87533	0.87541			6
2025.12.22	01:33:27.470	0.87531				2
2025.12.22	01:33:28.274	0.87532				2
2025.12.22	01:33:28.603	0.87526				2
2025.12.22	01:33:28.917	0.87527				2
2025.12.22	01:33:29.622	0.87526				2
2025.12.22	01:33:30.337	0.87528	0.87542			6
2025.12.22	01:33:30.658	0.87527	0.87543			6
2025.12.22	01:33:30.977	0.87528				2
2025.12.22	01:33:31.291	0.87529				2
2025.12.22	01:33:32.361	0.87528				2
2025.12.22	01:33:32.673	0.87529				2
2025.12.22	01:33:33.739	0.87527				2
2025.12.22	01:33:35.292	0.87529	0.87542			6
2025.12.22	01:33:37.691	0.87530				2
2025.12.22	01:33:40.541	0.87528	0.87539			6
2025.12.22	01:33:40.846	0.87526				2
2025.12.22	01:33:43.912	0.87524	0.87538			6
2025.12.22	01:33:44.442		0.87537			4
2025.12.22	01:33:45.581	0.87525	0.87540			6
2025.12.22	01:33:45.884	0.87522	0.87536			6
2025.12.22	01:33:46.229	0.87531	0.87542			6
2025.12.22	01:33:46.690		0.87541			4
2025.12.22	01:33:48.368	0.87523	0.87536			6
2025.12.22	01:33:49.108	0.87527				2
2025.12.22	01:33:50.703	0.87526				2
2025.12.22	01:33:52.777	0.87527				2
2025.12.22	01:33:53.366	0.87524				2
2025.12.22	01:33:54.619	0.87523				2
2025.12.22	01:33:54.963	0.87524				2
2025.12.22	01:33:57.427	0.87523				2
2025.12.22	01:33:59.584	0.87524				2
2025.12.22	01:34:00.335	0.87524				2
2025.12.22	01:34:01.510	0.87522				2
2025.12.22	01:34:01.812	0.87524				2
2025.12.22	01:34:05.760	0.87523				2
2025.12.22	01:34:06.071	0.87525				2
2025.12.22	01:34:06.387	0.87529				2
2025.12.22	01:34:07.420	0.87525	0.87534			6
2025.12.22	01:34:07.752	0.87527				2
2025.12.22	01:34:08.106	0.87526	0.87532			6
2025.12.22	01:34:08.414	0.87521	0.87533			6
2025.12.22	01:34:08.718	0.87526	0.87532			6
2025.12.22	01:34:09.886	0.87525	0.87533			6
2025.12.22	01:34:10.207	0.87526				2
2025.12.22	01:34:10.515	0.87524				2
2025.12.22	01:34:10.855	0.87527				2
2025.12.22	01:34:11.593		0.87536			4
2025.12.22	01:34:12.094	0.87528	0.87535			6
2025.12.22	01:34:12.447	0.87527	0.87536			6
2025.12.22	01:34:13.917	0.87526	0.87537			6
2025.12.22	01:34:15.006		0.87533			4
2025.12.22	01:34:15.422	0.87520				2
2025.12.22	01:34:15.786	0.87521				2
2025.12.22	01:34:16.299	0.87527				2
2025.12.22	01:34:16.653	0.87526	0.87534			6
2025.12.22	01:34:17.469		0.87536			4
2025.12.22	01:34:18.375	0.87527	0.87532			6
2025.12.22	01:34:18.700	0.87526	0.87533			6
2025.12.22	01:34:19.563		0.87535			4
2025.12.22	01:34:19.922		0.87532			4
2025.12.22	01:34:21.104	0.87525	0.87533			6
2025.12.22	01:34:21.413	0.87526	0.87532			6
2025.12.22	01:34:21.793	0.87525				2
2025.12.22	01:34:22.100	0.87524				2
2025.12.22	01:34:22.417	0.87522	0.87533			6
2025.12.22	01:34:22.719	0.87526				2
2025.12.22	01:34:23.064	0.87527				2
2025.12.22	01:34:26.070		0.87534			4
2025.12.22	01:34:27.472		0.87533			4
2025.12.22	01:34:27.780		0.87534			4
2025.12.22	01:34:28.146	0.87528				2
2025.12.22	01:34:28.495	0.87527				2
2025.12.22	01:34:29.430		0.87535			4
2025.12.22	01:34:30.533		0.87536			4
2025.12.22	01:34:33.368		0.87533			4
2025.12.22	01:34:33.719	0.87531	0.87538			6
2025.12.22	01:34:34.050	0.87526	0.87536			6
2025.12.22	01:34:35.851	0.87527				2
2025.12.22	01:34:37.537	0.87529				2
2025.12.22	01:34:42.607	0.87527				2
2025.12.22	01:34:43.151	0.87528				2
2025.12.22	01:34:45.345	0.87529				2
2025.12.22	01:34:53.513	0.87528				2
2025.12.22	01:34:58.696	0.87527				2
2025.12.22	01:34:59.177	0.87528				2
2025.12.22	01:35:00.414	0.87528				2
2025.12.22	01:35:01.420	0.87526				2
2025.12.22	01:35:01.727	0.87528				2
2025.12.22	01:35:02.136	0.87527				2
2025.12.22	01:35:03.571	0.87528				2
2025.12.22	01:35:07.648	0.87527				2
2025.12.22	01:35:13.796	0.87525				2
2025.12.22	01:35:17.707	0.87526				2
2025.12.22	01:35:26.945	0.87525				2
2025.12.22	01:35:27.538	0.87526				2
2025.12.22	01:35:28.669	0.87524				2
2025.12.22	01:35:28.986	0.87526				2
2025.12.22	01:35:30.126	0.87525				2
2025.12.22	01:35:31.235	0.87522				2
2025.12.22	01:35:31.849	0.87524				2
2025.12.22	01:35:33.109	0.87530	0.87542			6
2025.12.22	01:35:33.419	0.87531	0.87537			6
2025.12.22	01:35:34.079	0.87530	0.87536			6
2025.12.22	01:35:37.841	0.87531	0.87537			6
2025.12.22	01:35:38.367	0.87529	0.87536			6
2025.12.22	01:35:41.722	0.87530				2
2025.12.22	01:35:42.652	0.87529				2
2025.12.22	01:35:43.222	0.87531	0.87537			6
2025.12.22	01:35:43.567	0.87530	0.87536			6
2025.12.22	01:35:48.367	0.87527				2
2025.12.22	01:35:50.510	0.87528				2
2025.12.22	01:35:53.373	0.87531	0.87537			6
2025.12.22	01:35:58.340	0.87528	0.87536			6
2025.12.22	01:35:59.703	0.87529				2
2025.12.22	01:36:00.111	0.87528				2
2025.12.22	01:36:00.432	0.87529				2
2025.12.22	01:36:01.472	0.87530				2
2025.12.22	01:36:01.967	0.87528				2
2025.12.22	01:36:02.372	0.87529				2
2025.12.22	01:36:04.267	0.87531	0.87537			6
2025.12.22	01:36:08.156	0.87530	0.87536			6
2025.12.22	01:36:08.816	0.87528				2
2025.12.22	01:36:09.227	0.87520				2
2025.12.22	01:36:09.567	0.87519				2
2025.12.22	01:36:10.358	0.87520				2
2025.12.22	01:36:10.776	0.87519				2
2025.12.22	01:36:11.114	0.87522				2
2025.12.22	01:36:11.472	0.87520				2
2025.12.22	01:36:12.712	0.87522				2
2025.12.22	01:36:13.419	0.87520				2
2025.12.22	01:36:15.717	0.87523				2
2025.12.22	01:36:16.282	0.87522				2
2025.12.22	01:36:20.482	0.87525				2
2025.12.22	01:36:21.249	0.87523				2
2025.12.22	01:36:21.711	0.87525				2
2025.12.22	01:36:22.274	0.87523				2
2025.12.22	01:36:23.520	0.87525				2
2025.12.22	01:36:24.026	0.87517				2
2025.12.22	01:36:24.340	0.87530				2
2025.12.22	01:36:25.710	0.87529				2
2025.12.22	01:36:28.372	0.87530				2
2025.12.22	01:36:30.404	0.87531	0.87537			6
2025.12.22	01:36:31.048	0.87530	0.87536			6
2025.12.22	01:36:31.370	0.87529				2
2025.12.22	01:36:33.371	0.87528				2
2025.12.22	01:36:34.403	0.87527				2
