<DATE>	<TIME>	<BID>	<ASK>	<LAST>	<VOLUME>	<FLAGS>
2025.12.26	00:03:31.255	0.87011	0.87146			6
2025.12.26	00:04:00.076	0.87011				2
2025.12.26	00:04:12.250	0.87010	0.87147			6
2025.12.26	00:04:16.940	0.86997	0.87206			6
2025.12.26	00:04:48.169	0.87010	0.87147			6
2025.12.26	00:05:00.023	0.87010				2
2025.12.26	00:05:02.531	0.87009	0.87149			6
2025.12.26	00:05:04.438	0.87040				2
2025.12.26	00:05:06.896	0.87058				2
2025.12.26	00:05:07.823	0.87064				2
2025.12.26	00:05:09.070	0.87067				2
2025.12.26	00:05:09.371	0.87065				2
2025.12.26	00:05:09.681	0.87070				2
2025.12.26	00:05:10.601	0.87066				2
2025.12.26	00:05:15.246	0.87068				2
2025.12.26	00:05:21.771	0.87071				2
2025.12.26	00:05:27.616	0.87073				2
2025.12.26	00:05:28.220	0.87072				2
2025.12.26	00:05:28.837	0.87071				2
2025.12.26	00:05:29.138	0.86997	0.87208			6
2025.12.26	00:05:31.788	0.86996				2
2025.12.26	00:05:59.705	0.87071	0.87149			6
2025.12.26	00:06:00.007	0.87071				2
2025.12.26	00:06:02.457		0.87150			4
2025.12.26	00:06:02.770	0.87069				2
2025.12.26	00:06:06.484	0.87070				2
2025.12.26	00:06:15.790	0.87067				2
2025.12.26	00:06:26.010	0.87073				2
2025.12.26	00:06:28.167	0.86996	0.87212			6
2025.12.26	00:06:59.157	0.87072	0.87150			6
2025.12.26	00:07:00.108	0.87072				2
2025.12.26	00:07:26.002	0.87081				2
2025.12.26	00:07:28.458	0.87089				2
2025.12.26	00:07:55.788	0.86996	0.87212			6
2025.12.26	00:08:12.112	0.86996				2
2025.12.26	00:08:27.258	0.87103	0.87156			6
2025.12.26	00:08:30.631	0.87098	0.87151			6
2025.12.26	00:08:32.467	0.87099	0.87152			6
2025.12.26	00:08:40.752	0.87101	0.87154			6
2025.12.26	00:08:41.068	0.87104	0.87157			6
2025.12.26	00:08:45.662	0.87100	0.87153			6
2025.12.26	00:08:52.124	0.87099	0.87152			6
2025.12.26	00:08:55.523	0.87102	0.87155			6
2025.12.26	00:08:55.825	0.87106	0.87159			6
2025.12.26	00:09:00.142	0.87106				2
2025.12.26	00:09:03.853	0.86996	0.87212			6
2025.12.26	00:09:34.540	0.87098	0.87151			6
2025.12.26	00:09:40.989	0.87101	0.87154			6
2025.12.26	00:09:41.311	0.87104	0.87157			6
2025.12.26	00:09:41.614	0.87105	0.87158			6
2025.12.26	00:09:41.923	0.87104	0.87157			6
2025.12.26	00:09:45.594	0.87099	0.87152			6
2025.12.26	00:09:48.073	0.86996	0.87214			6
2025.12.26	00:09:50.386	0.86997				2
2025.12.26	00:10:00.431	0.87088	0.87266			6
2025.12.26	00:10:01.606	0.87076				2
2025.12.26	00:10:03.617		0.87211			4
2025.12.26	00:10:06.221	0.87080	0.87207			6
2025.12.26	00:10:07.231	0.87078	0.87209			6
2025.12.26	00:10:10.920	0.87102	0.87155			6
2025.12.26	00:10:11.223	0.87105	0.87158			6
2025.12.26	00:10:15.590	0.87099	0.87152			6
2025.12.26	00:10:25.669	0.87104	0.87157			6
2025.12.26	00:10:31.616	0.87106	0.87159			6
2025.12.26	00:10:45.547	0.87100	0.87153			6
2025.12.26	00:10:51.854	0.87069	0.87214			6
2025.12.26	00:10:53.461	0.87084	0.87203			6
2025.12.26	00:10:55.848		0.87202			4
2025.12.26	00:10:58.208	0.87106	0.87159			6
2025.12.26	00:10:59.158	0.87084	0.87202			6
2025.12.26	00:11:00.730	0.87084				2
2025.12.26	00:11:04.456	0.87099	0.87152			6
2025.12.26	00:11:05.402	0.87084	0.87202			6
2025.12.26	00:11:06.007	0.87085				2
2025.12.26	00:11:10.671	0.87099	0.87152			6
2025.12.26	00:11:10.975	0.87104	0.87157			6
2025.12.26	00:11:11.300	0.87106	0.87159			6
2025.12.26	00:11:11.607	0.87085	0.87202			6
2025.12.26	00:11:16.918	0.87106	0.87159			6
2025.12.26	00:11:17.549	0.87105	0.87158			6
2025.12.26	00:11:17.874	0.87085	0.87202			6
2025.12.26	00:11:21.009		0.87201			4
2025.12.26	00:11:23.242	0.87105	0.87158			6
2025.12.26	00:11:24.194	0.87085	0.87201			6
2025.12.26	00:11:37.508	0.87086				2
2025.12.26	00:11:39.083	0.87085	0.87202			6
2025.12.26	00:11:42.115	0.87084	0.87203			6
2025.12.26	00:11:46.208		0.87202			4
2025.12.26	00:12:00.695	0.87084				2
2025.12.26	00:12:03.309	0.87085				2
2025.12.26	00:12:06.448	0.87086	0.87201			6
2025.12.26	00:12:09.908		0.87200			4
2025.12.26	00:12:25.933	0.87087				2
2025.12.26	00:13:00.008	0.87087				2
2025.12.26	00:13:10.209	0.87088	0.87199			6
2025.12.26	00:13:18.184	0.87104	0.87266			6
2025.12.26	00:13:19.270	0.87098				2
2025.12.26	00:13:20.271	0.87096				2
2025.12.26	00:13:21.271	0.87104				2
2025.12.26	00:13:22.363	0.87097				2
2025.12.26	00:13:23.362	0.87096				2
2025.12.26	00:13:24.365	0.87094	0.87235			6
2025.12.26	00:13:25.509	0.87095				2
2025.12.26	00:13:43.289	0.87093	0.87237			6
2025.12.26	00:13:45.609		0.87236			4
2025.12.26	00:13:49.981	0.87101	0.87229			6
2025.12.26	00:13:57.009		0.87228			4
2025.12.26	00:13:58.209	0.87102				2
2025.12.26	00:14:00.536	0.87102				2
2025.12.26	00:14:03.110	0.87101				2
2025.12.26	00:14:05.409	0.87102				2
2025.12.26	00:14:24.308		0.87227			4
2025.12.26	00:14:27.760	0.87104	0.87266			6
2025.12.26	00:14:28.763		0.87226			4
2025.12.26	00:14:40.208		0.87225			4
2025.12.26	00:14:42.608		0.87226			4
2025.12.26	00:14:46.809		0.87225			4
2025.12.26	00:14:55.507	0.87105				2
2025.12.26	00:15:00.306	0.87104				2
2025.12.26	00:15:04.210	0.87105				2
2025.12.26	00:15:17.350		0.87220			4
2025.12.26	00:15:54.009	0.87106				2
2025.12.26	00:16:00.608	0.87106				2
2025.12.26	00:16:06.454		0.87221			4
2025.12.26	00:16:08.778	0.87105	0.87222			6
2025.12.26	00:16:09.109	0.87104	0.87224			6
2025.12.26	00:16:09.609		0.87223			4
2025.12.26	00:16:09.930		0.87224			4
2025.12.26	00:16:10.766		0.87220			4
2025.12.26	00:16:13.767	0.87105				2
2025.12.26	00:16:18.537		0.87219			4
2025.12.26	00:16:23.414		0.87221			4
2025.12.26	00:16:24.011	0.87104				2
2025.12.26	00:16:33.746	0.87105	0.87220			6
2025.12.26	00:16:38.409		0.87221			4
2025.12.26	00:16:48.560		0.87220			4
2025.12.26	00:17:00.911	0.87105				2
2025.12.26	00:17:12.610	0.87106				2
2025.12.26	00:17:48.610		0.87220			4
2025.12.26	00:18:01.808	0.87106				2
2025.12.26	00:18:02.401		0.87213			4
2025.12.26	00:18:38.345	0.87107	0.87212			6
2025.12.26	00:18:48.666	0.87131	0.87206			6
2025.12.26	00:19:01.508	0.87131				2
2025.12.26	00:19:08.415	0.87108	0.87211			6
2025.12.26	00:19:12.609	0.87109	0.87210			6
2025.12.26	00:19:18.696	0.87131	0.87205			6
2025.12.26	00:19:23.413	0.87109	0.87210			6
2025.12.26	00:19:33.508	0.87131	0.87205			6
2025.12.26	00:19:53.412	0.87109	0.87210			6
2025.12.26	00:20:00.309	0.87109				2
2025.12.26	00:20:03.530	0.87131	0.87205			6
2025.12.26	00:20:08.109		0.87204			4
2025.12.26	00:20:08.416	0.87110	0.87209			6
2025.12.26	00:20:10.208	0.87109	0.87210			6
2025.12.26	00:20:11.762	0.87110	0.87209			6
2025.12.26	00:20:18.744	0.87131	0.87206			6
2025.12.26	00:20:20.111		0.87205			4
2025.12.26	00:20:38.408	0.87111	0.87208			6
2025.12.26	00:20:48.776	0.87131	0.87205			6
2025.12.26	00:20:53.415	0.87111	0.87208			6
2025.12.26	00:21:01.508	0.87111				2
2025.12.26	00:21:03.588	0.87131	0.87205			6
2025.12.26	00:21:08.418	0.87111	0.87208			6
2025.12.26	00:21:10.208	0.87110	0.87209			6
2025.12.26	00:21:16.159	0.87084	0.87189			6
2025.12.26	00:21:16.574	0.87093				2
2025.12.26	00:21:17.366	0.87092				2
2025.12.26	00:21:17.708	0.87093				2
2025.12.26	00:21:18.798	0.87102	0.87192			6
2025.12.26	00:21:23.416	0.87094	0.87189			6
2025.12.26	00:21:26.806		0.87188			4
2025.12.26	00:21:30.008	0.87093				2
2025.12.26	00:21:31.575	0.87092	0.87189			6
2025.12.26	00:21:33.613	0.87102	0.87190			6
2025.12.26	00:21:38.408	0.87094	0.87189			6
2025.12.26	00:21:39.552	0.87088				2
2025.12.26	00:21:48.426	0.87099	0.87187			6
2025.12.26	00:21:53.413	0.87088	0.87188			6
2025.12.26	00:22:00.007	0.87088				2
2025.12.26	00:22:00.837	0.87092				2
2025.12.26	00:22:01.535	0.87088				2
2025.12.26	00:22:03.638	0.87101	0.87190			6
2025.12.26	00:22:08.417	0.87089	0.87188			6
2025.12.26	00:22:18.451	0.87099				2
2025.12.26	00:22:21.657	0.87101	0.87192			6
2025.12.26	00:22:23.413	0.87089	0.87188			6
2025.12.26	00:22:31.668	0.87094	0.87187			6
2025.12.26	00:22:33.667	0.87103	0.87194			6
2025.12.26	00:22:36.659	0.87101	0.87190			6
2025.12.26	00:22:46.881	0.87103	0.87193			6
2025.12.26	00:22:48.311	0.87104				2
2025.12.26	00:22:51.609	0.87101	0.87190			6
2025.12.26	00:22:53.408	0.87089	0.87188			6
2025.12.26	00:23:01.508	0.87094				2
2025.12.26	00:23:03.009	0.87095				2
2025.12.26	00:23:03.692	0.87104	0.87191			6
2025.12.26	00:23:06.658	0.87101	0.87188			6
2025.12.26	00:23:08.415	0.87089				2
2025.12.26	00:23:16.906	0.87095				2
2025.12.26	00:23:18.309	0.87104	0.87190			6
2025.12.26	00:23:23.415	0.87095	0.87187			6
2025.12.26	00:23:30.308	0.87096				2
2025.12.26	00:23:33.719	0.87105	0.87193			6
2025.12.26	00:23:46.932	0.87120	0.87199			6
2025.12.26	00:23:53.416	0.87112	0.87207			6
2025.12.26	00:23:57.743	0.87113	0.87206			6
2025.12.26	00:23:59.002	0.87108	0.87211			6
2025.12.26	00:23:59.663	0.87114	0.87205			6
2025.12.26	00:24:00.008	0.87114				2
2025.12.26	00:24:01.026	0.87113	0.87206			6
2025.12.26	00:24:03.750	0.87119	0.87200			6
2025.12.26	00:24:08.414	0.87112	0.87207			6
2025.12.26	00:24:18.562	0.87120	0.87199			6
2025.12.26	00:24:30.575	0.87131				2
2025.12.26	00:24:31.545	0.87120				2
2025.12.26	00:24:38.416	0.87112	0.87207			6
2025.12.26	00:24:48.590	0.87119	0.87200			6
2025.12.26	00:24:51.792	0.87120	0.87199			6
2025.12.26	00:24:53.414	0.87112	0.87207			6
2025.12.26	00:24:59.710	0.87111	0.87208			6
2025.12.26	00:25:00.536	0.87111				2
2025.12.26	00:25:03.801	0.87130	0.87199			6
2025.12.26	00:25:06.789	0.87118	0.87201			6
2025.12.26	00:25:17.012	0.87130	0.87200			6
2025.12.26	00:25:23.416	0.87113	0.87206			6
2025.12.26	00:25:25.211	0.87112				2
2025.12.26	00:25:30.607		0.87207			4
2025.12.26	00:25:33.427	0.87130	0.87200			6
2025.12.26	00:25:36.795	0.87118	0.87201			6
2025.12.26	00:25:38.414	0.87113	0.87206			6
2025.12.26	00:25:39.797		0.87205			4
2025.12.26	00:25:42.608		0.87206			4
2025.12.26	00:25:48.640	0.87129	0.87201			6
2025.12.26	00:25:51.792	0.87120	0.87199			6
2025.12.26	00:25:53.127	0.87117				2
2025.12.26	00:25:53.438	0.87112	0.87207			6
2025.12.26	00:26:01.808	0.87112				2
2025.12.26	00:26:03.456	0.87128	0.87202			6
2025.12.26	00:26:04.809		0.87201			4
2025.12.26	00:26:21.790	0.87118				2
2025.12.26	00:26:23.416	0.87111	0.87208			6
2025.12.26	00:26:33.482	0.87131	0.87201			6
2025.12.26	00:26:36.792	0.87118				2
2025.12.26	00:26:38.415	0.87110	0.87209			6
2025.12.26	00:26:47.032	0.87113	0.87206			6
2025.12.26	00:26:48.167	0.87112	0.87207			6
2025.12.26	00:26:48.700	0.87129	0.87201			6
2025.12.26	00:26:49.871		0.87202			4
2025.12.26	00:26:51.791	0.87118	0.87201			6
2025.12.26	00:26:53.415	0.87111	0.87208			6
2025.12.26	00:26:54.907	0.87110	0.87209			6
2025.12.26	00:26:55.507	0.87111	0.87208			6
2025.12.26	00:26:56.098	0.87110	0.87209			6
2025.12.26	00:26:56.783	0.87111	0.87208			6
2025.12.26	00:26:59.110	0.87112	0.87207			6
2025.12.26	00:27:01.209	0.87111				2
2025.12.26	00:27:03.508	0.87130	0.87202			6
2025.12.26	00:27:05.829		0.87203			4
2025.12.26	00:27:12.855		0.87204			4
2025.12.26	00:27:23.415	0.87113	0.87206			6
2025.12.26	00:27:26.858	0.87112	0.87207			6
2025.12.26	00:27:28.210	0.87111				2
2025.12.26	00:27:33.308	0.87130	0.87202			6
2025.12.26	00:27:33.846		0.87203			4
2025.12.26	00:27:38.415	0.87112	0.87207			6
2025.12.26	00:27:38.847		0.87206			4
2025.12.26	00:27:39.186	0.87114	0.87205			6
2025.12.26	00:27:39.879	0.87118	0.87204			6
2025.12.26	00:27:43.840	0.87116	0.87203			6
2025.12.26	00:27:48.749	0.87132	0.87204			6
2025.12.26	00:27:50.407		0.87203			4
2025.12.26	00:27:56.708		0.87204			4
2025.12.26	00:27:58.207		0.87203			4
2025.12.26	00:28:06.010	0.87132				2
2025.12.26	00:28:07.797		0.87204			4
2025.12.26	00:28:08.416	0.87117	0.87202			6
2025.12.26	00:28:08.727		0.87203			4
2025.12.26	00:28:13.735		0.87204			4
2025.12.26	00:28:18.777	0.87132				2
2025.12.26	00:28:23.415	0.87117				2
2025.12.26	00:28:25.788		0.87203			4
2025.12.26	00:28:33.599	0.87132	0.87204			6
2025.12.26	00:28:53.417	0.87117	0.87203			6
2025.12.26	00:28:55.209		0.87204			4
2025.12.26	00:28:57.909		0.87203			4
2025.12.26	00:29:00.309	0.87117				2
2025.12.26	00:29:03.608	0.87132	0.87204			6
2025.12.26	00:29:08.416	0.87112	0.87207			6
2025.12.26	00:29:14.710	0.87111	0.87208			6
2025.12.26	00:29:18.431	0.87131	0.87203			6
2025.12.26	00:29:18.952	0.87133	0.87204			6
2025.12.26	00:29:24.044		0.87203			4
2025.12.26	00:29:25.041		0.87204			4
2025.12.26	00:29:26.110		0.87203			4
2025.12.26	00:29:30.015		0.87202			4
2025.12.26	00:29:35.016		0.87203			4
2025.12.26	00:29:38.408	0.87112	0.87207			6
2025.12.26	00:29:48.458	0.87133	0.87204			6
2025.12.26	00:29:53.408	0.87111	0.87207			6
2025.12.26	00:29:53.984		0.87208			4
2025.12.26	00:30:01.031	0.87119	0.87202			6
2025.12.26	00:30:01.985	0.87115	0.87204			6
2025.12.26	00:30:03.672	0.87119	0.87201			6
2025.12.26	00:30:04.527	0.87118	0.87198			6
2025.12.26	00:30:05.111	0.87117				2
2025.12.26	00:30:06.089		0.87189			4
2025.12.26	00:30:10.998	0.87115				2
2025.12.26	00:30:12.010	0.87114				2
2025.12.26	00:30:16.808	0.87115				2
2025.12.26	00:30:29.877	0.87116				2
2025.12.26	00:30:32.408	0.87115				2
2025.12.26	00:30:33.610	0.87116				2
2025.12.26	00:30:36.307	0.87115				2
2025.12.26	00:30:37.808	0.87116				2
2025.12.26	00:30:56.411	0.87123	0.87201			6
2025.12.26	00:30:57.547	0.87116	0.87197			6
2025.12.26	00:30:59.097	0.87115				2
2025.12.26	00:31:00.609	0.87115				2
2025.12.26	00:31:06.951	0.87116	0.87192			6
2025.12.26	00:31:10.507	0.87117				2
2025.12.26	00:31:11.950		0.87188			4
2025.12.26	00:31:12.478	0.87123	0.87201			6
2025.12.26	00:31:54.116	0.87117	0.87193			6
2025.12.26	00:31:54.599	0.87121	0.87198			6
2025.12.26	00:32:00.308	0.87121				2
2025.12.26	00:32:14.288	0.87120				2
2025.12.26	00:32:18.882	0.87124	0.87202			6
2025.12.26	00:32:48.544	0.87117	0.87200			6
2025.12.26	00:32:48.908	0.87118				2
2025.12.26	00:32:49.217	0.87117	0.87202			6
2025.12.26	00:32:49.543	0.87118	0.87201			6
2025.12.26	00:32:50.543	0.87117	0.87202			6
2025.12.26	00:32:51.544	0.87118	0.87201			6
2025.12.26	00:32:52.808	0.87117				2
2025.12.26	00:32:53.544		0.87202			4
2025.12.26	00:32:59.270	0.87119				2
2025.12.26	00:33:00.241	0.87121				2
2025.12.26	00:33:00.769	0.87119				2
2025.12.26	00:33:01.807		0.87201			4
2025.12.26	00:33:03.910		0.87202			4
2025.12.26	00:33:07.209		0.87201			4
2025.12.26	00:33:12.311		0.87202			4
2025.12.26	00:33:13.509		0.87201			4
2025.12.26	00:33:15.908		0.87202			4
2025.12.26	00:33:17.709		0.87201			4
2025.12.26	00:33:32.407		0.87202			4
2025.12.26	00:33:36.910	0.87120	0.87201			6
2025.12.26	00:33:37.212	0.87118				2
2025.12.26	00:33:37.663	0.87120				2
2025.12.26	00:33:38.107	0.87118	0.87202			6
2025.12.26	00:33:47.043		0.87201			4
2025.12.26	00:33:53.408		0.87202			4
2025.12.26	00:33:55.509		0.87201			4
2025.12.26	00:34:00.007	0.87118	0.87202			6
2025.12.26	00:34:02.210		0.87201			4
2025.12.26	00:34:32.710	0.87119	0.87200			6
2025.12.26	00:34:34.283	0.87120	0.87199			6
2025.12.26	00:34:36.308	0.87119	0.87200			6
2025.12.26	00:34:40.759	0.87120	0.87199			6
2025.12.26	00:34:41.164	0.87119	0.87200			6
2025.12.26	00:34:44.707	0.87120	0.87199			6
2025.12.26	00:34:45.150	0.87122	0.87197			6
2025.12.26	00:34:58.210	0.87121				2
2025.12.26	00:34:59.188	0.87122				2
2025.12.26	00:35:00.537	0.87122				2
2025.12.26	00:35:01.235	0.87121				2
2025.12.26	00:35:02.218		0.87198			4
2025.12.26	00:35:17.408	0.87120	0.87199			6
2025.12.26	00:35:22.439		0.87198			4
2025.12.26	00:35:24.308		0.87199			4
2025.12.26	00:35:31.809	0.87121	0.87198			6
2025.12.26	00:35:32.236	0.87120	0.87199			6
2025.12.26	00:35:33.897	0.87121	0.87198			6
2025.12.26	00:35:35.148	0.87120	0.87199			6
2025.12.26	00:35:37.508	0.87121	0.87198			6
2025.12.26	00:35:56.440	0.87124	0.87195			6
2025.12.26	00:36:03.309	0.87124				2
2025.12.26	00:36:27.128	0.87134	0.87221			6
2025.12.26	00:36:27.628	0.87114	0.87220			6
2025.12.26	00:36:27.940	0.87123	0.87271			6
2025.12.26	00:36:28.980	0.87125	0.87269			6
2025.12.26	00:36:29.408	0.87126				2
2025.12.26	00:36:29.857	0.87102	0.87230			6
2025.12.26	00:36:30.170	0.87103	0.87229			6
2025.12.26	00:36:30.927	0.87102	0.87292			6
2025.12.26	00:36:32.028	0.87119	0.87266			6
2025.12.26	00:36:33.009	0.87126	0.87237			6
2025.12.26	00:36:33.319	0.87128	0.87264			6
2025.12.26	00:36:33.922	0.87110	0.87209			6
2025.12.26	00:36:35.942	0.87135	0.87226			6
2025.12.26	00:36:36.939	0.87118	0.87201			6
2025.12.26	00:36:38.409	0.87119	0.87200			6
2025.12.26	00:36:41.220	0.87118	0.87201			6
2025.12.26	00:36:42.312	0.87119	0.87200			6
2025.12.26	00:36:46.930	0.87118				2
2025.12.26	00:36:50.408	0.87119				2
2025.12.26	00:36:53.408	0.87118				2
2025.12.26	00:36:55.406	0.87129	0.87213			6
2025.12.26	00:36:56.479	0.87123	0.87196			6
2025.12.26	00:37:01.210	0.87124	0.87195			6
2025.12.26	00:37:56.924	0.87125	0.87194			6
2025.12.26	00:37:57.909	0.87124	0.87195			6
2025.12.26	00:37:58.896	0.87125	0.87194			6
2025.12.26	00:37:59.908	0.87124	0.87195			6
2025.12.26	00:38:01.904	0.87124				2
2025.12.26	00:38:18.009		0.87194			4
2025.12.26	00:38:20.217	0.87126	0.87193			6
2025.12.26	00:38:21.205	0.87124	0.87194			6
2025.12.26	00:38:25.917	0.87126	0.87193			6
2025.12.26	00:38:27.308	0.87125	0.87194			6
2025.12.26	00:38:28.916	0.87124	0.87195			6
2025.12.26	00:38:34.623	0.87125	0.87193			6
2025.12.26	00:38:38.108	0.87126				2
2025.12.26	00:38:56.793	0.87125	0.87194			6
2025.12.26	00:39:00.009	0.87125				2
2025.12.26	00:39:37.045	0.87126	0.87193			6
2025.12.26	00:39:41.920	0.87125				2
2025.12.26	00:39:42.607		0.87194			4
2025.12.26	00:39:57.786	0.87126	0.87193			6
2025.12.26	00:39:58.919	0.87125	0.87194			6
2025.12.26	00:40:00.309	0.87125				2
2025.12.26	00:40:12.909		0.87193			4
2025.12.26	00:40:13.218		0.87194			4
2025.12.26	00:40:20.907	0.87126	0.87193			6
2025.12.26	00:40:21.310	0.87125	0.87194			6
2025.12.26	00:40:27.946		0.87193			4
2025.12.26	00:40:28.349		0.87194			4
2025.12.26	00:40:28.945	0.87126	0.87193			6
2025.12.26	00:40:29.410	0.87125	0.87194			6
2025.12.26	00:40:31.900	0.87126	0.87193			6
2025.12.26	00:40:48.900		0.87192			4
2025.12.26	00:40:51.310		0.87193			4
2025.12.26	00:41:00.008	0.87126				2
2025.12.26	00:41:14.325	0.87127	0.87192			6
2025.12.26	00:41:14.709	0.87126	0.87193			6
2025.12.26	00:41:15.908		0.87192			4
2025.12.26	00:41:18.307		0.87193			4
2025.12.26	00:41:21.300	0.87127	0.87192			6
2025.12.26	00:41:24.910	0.87126	0.87193			6
2025.12.26	00:41:26.108	0.87127				2
2025.12.26	00:41:29.909		0.87192			4
2025.12.26	00:41:30.611		0.87193			4
2025.12.26	00:41:40.930		0.87192			4
2025.12.26	00:41:41.408		0.87193			4
2025.12.26	00:41:42.258	0.87124	0.87196			6
2025.12.26	00:41:44.259	0.87122	0.87199			6
2025.12.26	00:42:01.809	0.87121				2
2025.12.26	00:42:09.608		0.87200			4
2025.12.26	00:42:45.264		0.87198			4
2025.12.26	00:42:48.922	0.87120	0.87199			6
2025.12.26	00:42:51.608	0.87119	0.87200			6
2025.12.26	00:42:53.807	0.87116	0.87203			6
2025.12.26	00:42:54.844	0.87115				2
2025.12.26	00:43:00.310	0.87115				2
2025.12.26	00:43:04.067		0.87201			4
2025.12.26	00:43:04.502		0.87203			4
2025.12.26	00:43:17.710	0.87116				2
2025.12.26	00:43:34.208	0.87115				2
2025.12.26	00:43:36.908	0.87116				2
2025.12.26	00:43:45.279	0.87115	0.87204			6
2025.12.26	00:44:04.617	0.87115				2
2025.12.26	00:44:27.020		0.87201			4
2025.12.26	00:44:27.523		0.87204			4
2025.12.26	00:44:37.727		0.87202			4
2025.12.26	00:44:38.218	0.87116	0.87204			6
2025.12.26	00:44:42.449	0.87109	0.87211			6
2025.12.26	00:44:44.661	0.87110				2
2025.12.26	00:44:45.311	0.87109				2
2025.12.26	00:44:45.660	0.87104	0.87216			6
2025.12.26	00:44:46.508	0.87102				2
2025.12.26	00:44:46.853		0.87224			4
2025.12.26	00:44:47.172	0.87105	0.87215			6
2025.12.26	00:44:48.102	0.87101	0.87242			6
2025.12.26	00:44:48.553	0.87110	0.87245			6
2025.12.26	00:44:49.104	0.87107	0.87212			6
2025.12.26	00:44:49.405	0.87108	0.87211			6
2025.12.26	00:44:49.717	0.87106	0.87213			6
2025.12.26	00:44:50.197	0.87109	0.87210			6
2025.12.26	00:44:50.653	0.87106	0.87213			6
2025.12.26	00:44:51.223	0.87104	0.87215			6
2025.12.26	00:44:56.711	0.87107	0.87212			6
2025.12.26	00:45:00.647	0.87106	0.87213			6
2025.12.26	00:45:01.189	0.87108	0.87211			6
2025.12.26	00:45:01.737	0.87105	0.87214			6
2025.12.26	00:45:03.234	0.87128	0.87225			6
2025.12.26	00:45:06.372	0.87107	0.87212			6
2025.12.26	00:45:06.682	0.87108				2
2025.12.26	00:45:08.189	0.87109	0.87252			6
2025.12.26	00:45:08.502	0.87106	0.87255			6
2025.12.26	00:45:09.291	0.87109	0.87252			6
2025.12.26	00:45:11.856	0.87121	0.87240			6
2025.12.26	00:45:14.637	0.87127	0.87192			6
2025.12.26	00:45:14.938	0.87125	0.87194			6
2025.12.26	00:45:20.010	0.87123	0.87238			6
2025.12.26	00:45:21.012		0.87196			4
2025.12.26	00:45:23.666	0.87122	0.87239			6
2025.12.26	00:45:24.666		0.87197			4
2025.12.26	00:45:28.670	0.87121	0.87240			6
2025.12.26	00:45:29.667	0.87122	0.87197			6
2025.12.26	00:45:31.897	0.87121	0.87240			6
2025.12.26	00:45:32.894	0.87122	0.87197			6
2025.12.26	00:45:36.793	0.87121	0.87240			6
2025.12.26	00:45:37.502	0.87124	0.87237			6
2025.12.26	00:45:37.811	0.87121	0.87198			6
2025.12.26	00:45:38.709	0.87123				2
2025.12.26	00:45:40.672	0.87121	0.87242			6
2025.12.26	00:45:41.309	0.87122	0.87241			6
2025.12.26	00:45:41.672		0.87199			4
2025.12.26	00:45:43.688	0.87121	0.87242			6
2025.12.26	00:45:44.306	0.87122	0.87241			6
2025.12.26	00:45:44.689	0.87123	0.87198			6
2025.12.26	00:45:45.083	0.87085	0.87189			6
2025.12.26	00:45:48.083		0.87188			4
2025.12.26	00:45:48.702		0.87189			4
2025.12.26	00:45:50.753	0.87123	0.87198			6
2025.12.26	00:45:51.070	0.87122	0.87199			6
2025.12.26	00:45:52.685	0.87120	0.87242			6
2025.12.26	00:45:53.310	0.87122	0.87241			6
2025.12.26	00:45:53.683	0.87123	0.87198			6
2025.12.26	00:45:55.568	0.87120	0.87242			6
2025.12.26	00:45:56.308	0.87122	0.87241			6
2025.12.26	00:45:56.780		0.87198			4
2025.12.26	00:45:58.580		0.87199			4
2025.12.26	00:46:01.600	0.87120	0.87243			6
2025.12.26	00:46:02.309	0.87122	0.87241			6
2025.12.26	00:46:02.675	0.87121	0.87200			6
2025.12.26	00:46:03.057		0.87216			4
2025.12.26	00:46:03.677	0.87122	0.87215			6
2025.12.26	00:46:04.076	0.87120	0.87217			6
2025.12.26	00:46:08.681		0.87254			4
2025.12.26	00:46:09.680	0.87122	0.87215			6
2025.12.26	00:46:11.675	0.87120	0.87254			6
2025.12.26	00:46:12.674	0.87122	0.87215			6
2025.12.26	00:46:13.308	0.87120	0.87217			6
2025.12.26	00:46:16.669		0.87254			4
2025.12.26	00:46:17.310	0.87121				2
2025.12.26	00:46:17.664	0.87112	0.87191			6
2025.12.26	00:46:17.968	0.87114	0.87190			6
2025.12.26	00:46:20.672	0.87120	0.87226			6
2025.12.26	00:46:21.311	0.87121	0.87224			6
2025.12.26	00:46:21.676	0.87122	0.87215			6
2025.12.26	00:46:22.309	0.87120	0.87217			6
2025.12.26	00:46:23.946	0.87122	0.87215			6
2025.12.26	00:46:24.694	0.87130	0.87249			6
2025.12.26	00:46:25.635		0.87207			4
2025.12.26	00:46:27.685	0.87132	0.87231			6
2025.12.26	00:46:28.635	0.87131	0.87206			6
2025.12.26	00:46:29.858	0.87122	0.87215			6
2025.12.26	00:46:32.694	0.87120	0.87254			6
2025.12.26	00:46:33.172	0.87122				2
2025.12.26	00:46:33.694	0.87123	0.87214			6
2025.12.26	00:46:34.638	0.87120	0.87217			6
2025.12.26	00:46:35.688	0.87121	0.87254			6
2025.12.26	00:46:36.310	0.87122				2
2025.12.26	00:46:36.689	0.87126	0.87211			6
2025.12.26	00:46:37.310	0.87127	0.87210			6
2025.12.26	00:46:40.152		0.87209			4
2025.12.26	00:46:40.581	0.87125	0.87252			6
2025.12.26	00:46:41.676	0.87127	0.87208			6
2025.12.26	00:46:42.310	0.87125	0.87210			6
2025.12.26	00:46:44.357		0.87211			4
2025.12.26	00:46:44.956		0.87252			4
2025.12.26	00:46:45.696	0.87127	0.87209			6
2025.12.26	00:46:46.318	0.87125	0.87211			6
2025.12.26	00:46:48.696		0.87216			4
2025.12.26	00:46:49.001		0.87219			4
2025.12.26	00:46:49.310	0.87126	0.87218			6
2025.12.26	00:46:49.968	0.87108	0.87195			6
2025.12.26	00:46:52.069	0.87126	0.87251			6
2025.12.26	00:46:53.057	0.87127	0.87208			6
2025.12.26	00:46:54.701		0.87209			4
2025.12.26	00:46:56.960	0.87126	0.87251			6
2025.12.26	00:46:57.960	0.87127	0.87209			6
2025.12.26	00:47:00.952	0.87126	0.87251			6
2025.12.26	00:47:01.952	0.87127	0.87208			6
2025.12.26	00:47:02.339		0.87209			4
2025.12.26	00:47:03.218	0.87135	0.87230			6
2025.12.26	00:47:04.798		0.87241			4
2025.12.26	00:47:05.100	0.87136				2
2025.12.26	00:47:06.029	0.87135	0.87230			6
2025.12.26	00:47:06.356	0.87127	0.87209			6
2025.12.26	00:47:08.949	0.87126	0.87251			6
2025.12.26	00:47:09.702	0.87127	0.87208			6
2025.12.26	00:47:10.784		0.87209			4
2025.12.26	00:47:12.951	0.87126	0.87251			6
2025.12.26	00:47:13.954	0.87127	0.87208			6
2025.12.26	00:47:14.366		0.87209			4
2025.12.26	00:47:15.980	0.87126	0.87251			6
2025.12.26	00:47:16.981	0.87127	0.87208			6
2025.12.26	00:47:17.957		0.87209			4
2025.12.26	00:47:20.953	0.87126	0.87251			6
2025.12.26	00:47:21.867	0.87127	0.87208			6
2025.12.26	00:47:24.984	0.87126	0.87218			6
2025.12.26	00:47:25.973	0.87127	0.87208			6
2025.12.26	00:47:27.277		0.87209			4
2025.12.26	00:47:28.946	0.87126	0.87251			6
2025.12.26	00:47:29.948	0.87127	0.87209			6
2025.12.26	00:47:32.953	0.87126	0.87251			6
2025.12.26	00:47:33.952	0.87127	0.87208			6
2025.12.26	00:47:35.220		0.87209			4
2025.12.26	00:47:35.958	0.87126	0.87251			6
2025.12.26	00:47:36.958	0.87127	0.87208			6
2025.12.26	00:47:38.222	0.87125	0.87211			6
2025.12.26	00:47:39.313	0.87128	0.87208			6
2025.12.26	00:47:39.727	0.87127	0.87251			6
2025.12.26	00:47:40.039	0.87128	0.87250			6
2025.12.26	00:47:40.975	0.87129	0.87208			6
2025.12.26	00:47:41.349	0.87128	0.87207			6
2025.12.26	00:47:42.282	0.87129	0.87206			6
2025.12.26	00:47:43.057	0.87128	0.87249			6
2025.12.26	00:47:44.181	0.87129	0.87206			6
2025.12.26	00:47:46.282	0.87133	0.87203			6
2025.12.26	00:47:46.940		0.87204			4
2025.12.26	00:47:48.307		0.87203			4
2025.12.26	00:47:49.065	0.87135	0.87243			6
2025.12.26	00:47:49.937	0.87134	0.87203			6
2025.12.26	00:47:53.741	0.87133	0.87245			6
2025.12.26	00:47:54.744		0.87212			4
2025.12.26	00:47:55.481	0.87103	0.87202			6
2025.12.26	00:47:55.782	0.87134				2
2025.12.26	00:47:56.315	0.87133	0.87203			6
2025.12.26	00:47:59.762		0.87245			4
2025.12.26	00:48:00.764	0.87134	0.87202			6
2025.12.26	00:48:01.315	0.87133	0.87203			6
2025.12.26	00:48:04.479		0.87209			4
2025.12.26	00:48:04.780		0.87245			4
2025.12.26	00:48:05.747	0.87134	0.87202			6
2025.12.26	00:48:07.377	0.87133	0.87203			6
2025.12.26	00:48:09.731		0.87245			4
2025.12.26	00:48:10.536		0.87212			4
2025.12.26	00:48:11.757	0.87134	0.87202			6
2025.12.26	00:48:12.316	0.87133	0.87203			6
2025.12.26	00:48:15.749		0.87245			4
2025.12.26	00:48:16.749		0.87254			4
2025.12.26	00:48:40.299	0.87136				2
2025.12.26	00:48:40.622	0.87137	0.87267			6
2025.12.26	00:48:41.732	0.87136				2
2025.12.26	00:48:42.443	0.87133				2
2025.12.26	00:48:42.747	0.87137				2
2025.12.26	00:48:43.887	0.87133				2
2025.12.26	00:48:44.901	0.87134	0.87255			6
2025.12.26	00:48:45.204	0.87135				2
2025.12.26	00:48:45.507	0.87134				2
2025.12.26	00:48:45.818	0.87136	0.87268			6
2025.12.26	00:48:46.119	0.87134	0.87255			6
2025.12.26	00:48:46.423	0.87136				2
2025.12.26	00:48:47.051	0.87137	0.87267			6
2025.12.26	00:48:47.470		0.87268			4
2025.12.26	00:48:48.320	0.87136				2
2025.12.26	00:48:49.260	0.87137	0.87267			6
2025.12.26	00:48:53.057	0.87131				2
2025.12.26	00:48:54.315		0.87268			4
2025.12.26	00:48:58.883	0.87127	0.87254			6
2025.12.26	00:48:59.199		0.87266			4
2025.12.26	00:48:59.818	0.87132				2
2025.12.26	00:49:00.290	0.87132				2
2025.12.26	00:49:02.320	0.87131				2
2025.12.26	00:49:03.321	0.87132				2
2025.12.26	00:49:07.321	0.87131				2
2025.12.26	00:49:09.526	0.87132				2
2025.12.26	00:49:11.996	0.87131				2
2025.12.26	00:49:16.678		0.87249			4
2025.12.26	00:49:18.745	0.87130	0.87250			6
2025.12.26	00:49:19.936	0.87131				2
2025.12.26	00:49:22.497	0.87130				2
2025.12.26	00:49:35.845	0.87131				2
2025.12.26	00:49:39.757	0.87130				2
2025.12.26	00:49:40.354	0.87131	0.87251			6
2025.12.26	00:49:44.655	0.87130	0.87209			6
2025.12.26	00:49:54.771	0.87129	0.87210			6
2025.12.26	00:50:00.772	0.87130				2
2025.12.26	00:50:01.703	0.87129				2
2025.12.26	00:50:04.779	0.87128	0.87211			6
2025.12.26	00:50:08.081	0.87129	0.87210			6
2025.12.26	00:50:32.005	0.87128	0.87211			6
2025.12.26	00:50:32.319	0.87129				2
2025.12.26	00:50:33.450	0.87127	0.87213			6
2025.12.26	00:50:36.207	0.87129	0.87210			6
2025.12.26	00:50:41.204		0.87208			4
2025.12.26	00:50:42.230		0.87210			4
2025.12.26	00:50:42.817	0.87126	0.87213			6
2025.12.26	00:50:53.223	0.87129	0.87210			6
2025.12.26	00:50:54.788		0.87211			4
2025.12.26	00:50:57.198	0.87126	0.87213			6
2025.12.26	00:51:00.489	0.87126				2
2025.12.26	00:51:10.535		0.87214			4
2025.12.26	00:51:13.538		0.87213			4
2025.12.26	00:51:17.249	0.87129	0.87210			6
2025.12.26	00:51:19.380		0.87254			4
2025.12.26	00:51:19.701		0.87210			4
2025.12.26	00:51:20.112		0.87252			4
2025.12.26	00:51:20.801		0.87210			4
2025.12.26	00:51:21.152		0.87254			4
2025.12.26	00:51:21.497		0.87210			4
2025.12.26	00:51:28.711	0.87130	0.87209			6
2025.12.26	00:51:30.794	0.87129	0.87210			6
2025.12.26	00:51:39.799	0.87125	0.87213			6
2025.12.26	00:51:40.106	0.87126	0.87214			6
2025.12.26	00:51:40.419	0.87128	0.87211			6
2025.12.26	00:51:41.588	0.87130	0.87209			6
2025.12.26	00:51:56.462		0.87210			4
2025.12.26	00:52:01.552	0.87129				2
2025.12.26	00:52:13.189	0.87133	0.87206			6
2025.12.26	00:52:38.410	0.87134				2
2025.12.26	00:52:42.302		0.87205			4
2025.12.26	00:52:46.028	0.87131				2
2025.12.26	00:52:50.300	0.87132	0.87204			6
2025.12.26	00:52:57.009	0.87131	0.87205			6
2025.12.26	00:52:59.299	0.87130				2
2025.12.26	00:53:00.765	0.87132	0.87201			6
2025.12.26	00:53:03.301	0.87134	0.87199			6
2025.12.26	00:53:04.954	0.87133				2
2025.12.26	00:53:05.970		0.87200			4
2025.12.26	00:53:15.758	0.87136	0.87201			6
2025.12.26	00:54:04.967	0.87137	0.87200			6
2025.12.26	00:54:38.930	0.87134	0.87203			6
2025.12.26	00:54:39.907		0.87204			4
2025.12.26	00:54:42.306	0.87133				2
2025.12.26	00:54:44.708	0.87134				2
2025.12.26	00:54:47.709		0.87203			4
2025.12.26	00:55:00.764	0.87134				2
2025.12.26	00:55:06.909	0.87131	0.87233			6
2025.12.26	00:55:07.267		0.87235			4
2025.12.26	00:55:08.162	0.87130	0.87207			6
2025.12.26	00:55:08.951	0.87131	0.87206			6
2025.12.26	00:55:09.601	0.87130	0.87207			6
2025.12.26	00:55:16.909	0.87131	0.87206			6
2025.12.26	00:55:22.190	0.87132	0.87205			6
2025.12.26	00:55:31.890	0.87133	0.87204			6
2025.12.26	00:55:34.322	0.87129	0.87225			6
2025.12.26	00:55:36.608		0.87224			4
2025.12.26	00:55:39.607	0.87130	0.87223			6
2025.12.26	00:55:46.738		0.87225			4
2025.12.26	00:55:47.937	0.87131	0.87224			6
2025.12.26	00:55:49.318		0.87237			4
2025.12.26	00:55:50.096		0.87231			4
2025.12.26	00:56:00.378	0.87131	0.87229			6
2025.12.26	00:56:21.191	0.87132				2
2025.12.26	00:56:24.306	0.87131				2
2025.12.26	00:56:28.893	0.87132				2
2025.12.26	00:56:30.009	0.87131				2
2025.12.26	00:56:31.192	0.87132	0.87236			6
2025.12.26	00:56:33.196		0.87231			4
2025.12.26	00:56:34.191		0.87235			4
2025.12.26	00:56:34.763	0.87137				2
2025.12.26	00:56:36.597		0.87226			4
2025.12.26	00:56:40.679	0.87136	0.87217			6
2025.12.26	00:56:41.388	0.87135	0.87218			6
2025.12.26	00:56:42.191	0.87138	0.87214			6
2025.12.26	00:56:42.499	0.87135	0.87222			6
2025.12.26	00:56:43.371		0.87237			4
2025.12.26	00:56:47.193	0.87136	0.87236			6
2025.12.26	00:56:57.584		0.87232			4
2025.12.26	00:57:00.010	0.87136				2
2025.12.26	00:57:28.390	0.87134	0.87222			6
2025.12.26	00:57:28.718		0.87223			4
2025.12.26	00:57:29.706	0.87135	0.87233			6
2025.12.26	00:57:30.723	0.87133	0.87226			6
2025.12.26	00:57:31.728	0.87136	0.87201			6
2025.12.26	00:57:34.808	0.87135	0.87202			6
2025.12.26	00:57:47.936	0.87136	0.87201			6
2025.12.26	00:58:00.354	0.87136				2
2025.12.26	00:58:01.318	0.87135	0.87202			6
2025.12.26	00:58:03.962	0.87082	0.87233			6
2025.12.26	00:58:04.607		0.87227			4
2025.12.26	00:58:06.010		0.87225			4
2025.12.26	00:58:06.315		0.87224			4
2025.12.26	00:58:08.708		0.87223			4
2025.12.26	00:58:09.907		0.87222			4
2025.12.26	00:58:11.708		0.87221			4
2025.12.26	00:58:14.708		0.87220			4
2025.12.26	00:58:16.208		0.87219			4
2025.12.26	00:58:18.007	0.87086	0.87223			6
2025.12.26	00:58:21.610		0.87222			4
2025.12.26	00:58:25.208		0.87221			4
2025.12.26	00:58:26.108		0.87222			4
2025.12.26	00:58:27.009		0.87221			4
2025.12.26	00:58:30.606		0.87220			4
2025.12.26	00:58:36.309		0.87219			4
2025.12.26	00:58:39.309		0.87218			4
2025.12.26	00:58:45.008		0.87217			4
2025.12.26	00:58:45.316	0.87087	0.87218			6
2025.12.26	00:58:46.322		0.87219			4
2025.12.26	00:58:48.008		0.87218			4
2025.12.26	00:58:48.638		0.87217			4
2025.12.26	00:58:48.941		0.87218			4
2025.12.26	00:58:49.256		0.87217			4
2025.12.26	00:58:50.230		0.87216			4
2025.12.26	00:58:50.536		0.87215			4
2025.12.26	00:58:51.801		0.87214			4
2025.12.26	00:58:52.107		0.87215			4
2025.12.26	00:58:52.727		0.87214			4
2025.12.26	00:58:53.363		0.87213			4
2025.12.26	00:58:54.902		0.87212			4
2025.12.26	00:58:55.210		0.87211			4
2025.12.26	00:58:55.515		0.87212			4
2025.12.26	00:58:55.822		0.87211			4
2025.12.26	00:58:56.126		0.87212			4
2025.12.26	00:58:56.431		0.87211			4
2025.12.26	00:58:57.350		0.87210			4
2025.12.26	00:58:57.657		0.87209			4
2025.12.26	00:58:58.903	0.87090				2
2025.12.26	00:58:59.526		0.87208			4
2025.12.26	00:58:59.835		0.87209			4
2025.12.26	00:59:00.138	0.87090	0.87208			6
2025.12.26	00:59:00.762		0.87207			4
2025.12.26	00:59:01.082	0.87113	0.87224			6
2025.12.26	00:59:01.693	0.87114				2
2025.12.26	00:59:01.999		0.87223			4
2025.12.26	00:59:02.615	0.87115				2
2025.12.26	00:59:02.924	0.87114				2
2025.12.26	00:59:03.230	0.87115	0.87222			6
2025.12.26	00:59:03.538	0.87116	0.87221			6
2025.12.26	00:59:05.964		0.87222			4
2025.12.26	00:59:06.283		0.87221			4
2025.12.26	00:59:06.977		0.87222			4
2025.12.26	00:59:07.899		0.87221			4
2025.12.26	00:59:10.872	0.87117	0.87220			6
2025.12.26	00:59:12.418		0.87221			4
2025.12.26	00:59:13.037		0.87220			4
2025.12.26	00:59:13.654		0.87221			4
2025.12.26	00:59:13.960		0.87220			4
2025.12.26	00:59:15.516		0.87221			4
2025.12.26	00:59:16.437		0.87220			4
2025.12.26	00:59:16.756		0.87221			4
2025.12.26	00:59:17.062		0.87220			4
2025.12.26	00:59:17.374		0.87221			4
2025.12.26	00:59:17.983		0.87220			4
2025.12.26	00:59:18.297		0.87221			4
2025.12.26	00:59:18.599		0.87220			4
2025.12.26	00:59:18.917		0.87221			4
2025.12.26	00:59:19.218		0.87220			4
2025.12.26	00:59:20.769		0.87221			4
2025.12.26	00:59:23.865		0.87220			4
2025.12.26	00:59:28.816		0.87221			4
2025.12.26	00:59:29.119		0.87220			4
2025.12.26	00:59:31.297		0.87221			4
2025.12.26	00:59:32.878		0.87220			4
2025.12.26	00:59:34.109		0.87221			4
2025.12.26	00:59:34.418		0.87220			4
2025.12.26	00:59:34.722		0.87221			4
2025.12.26	00:59:35.037		0.87220			4
2025.12.26	00:59:35.653		0.87221			4
2025.12.26	00:59:35.964		0.87220			4
2025.12.26	00:59:36.270		0.87221			4
2025.12.26	00:59:36.580		0.87220			4
2025.12.26	00:59:37.195		0.87221			4
2025.12.26	00:59:37.816		0.87220			4
2025.12.26	00:59:42.388	0.87118	0.87219			6
2025.12.26	00:59:42.699	0.87117	0.87220			6
2025.12.26	00:59:43.318	0.87118	0.87219			6
2025.12.26	00:59:44.323	0.87117	0.87220			6
2025.12.26	00:59:45.910	0.87116	0.87221			6
2025.12.26	00:59:46.958	0.87117	0.87220			6
2025.12.26	01:00:00.308	0.87137	0.87259			6
2025.12.26	01:00:01.109	0.87139	0.87272			6
2025.12.26	01:00:01.438	0.87126				2
2025.12.26	01:00:02.197	0.87128				2
2025.12.26	01:00:02.778		0.87263			4
2025.12.26	01:00:03.309	0.87133	0.87234			6
2025.12.26	01:00:03.612	0.87144	0.87242			6
2025.12.26	01:00:03.924	0.87143				2
2025.12.26	01:00:04.238	0.87138	0.87239			6
2025.12.26	01:00:04.540	0.87141	0.87242			6
2025.12.26	01:00:04.872	0.87135	0.87236			6
2025.12.26	01:00:05.500	0.87136	0.87237			6
2025.12.26	01:00:05.819	0.87137	0.87238			6
2025.12.26	01:00:06.128	0.87152	0.87245			6
2025.12.26	01:00:06.442	0.87155	0.87232			6
2025.12.26	01:00:06.744	0.87151	0.87230			6
2025.12.26	01:00:07.050	0.87154	0.87236			6
2025.12.26	01:00:07.398	0.87160	0.87238			6
2025.12.26	01:00:07.750	0.87157	0.87246			6
2025.12.26	01:00:08.072	0.87142	0.87238			6
2025.12.26	01:00:08.373	0.87148	0.87240			6
2025.12.26	01:00:08.683	0.87155	0.87235			6
2025.12.26	01:00:09.230	0.87156	0.87230			6
2025.12.26	01:00:09.538	0.87161	0.87246			6
2025.12.26	01:00:09.855	0.87164				2
2025.12.26	01:00:10.159	0.87153	0.87228			6
2025.12.26	01:00:10.465	0.87154	0.87227			6
2025.12.26	01:00:10.841	0.87159	0.87239			6
2025.12.26	01:00:11.188	0.87163	0.87244			6
2025.12.26	01:00:11.650	0.87141	0.87239			6
2025.12.26	01:00:11.966	0.87129	0.87234			6
2025.12.26	01:00:12.280	0.87160	0.87230			6
2025.12.26	01:00:12.586		0.87238			4
2025.12.26	01:00:12.932	0.87163	0.87245			6
2025.12.26	01:00:13.331	0.87167	0.87249			6
2025.12.26	01:00:13.812	0.87152	0.87229			6
2025.12.26	01:00:14.128	0.87160	0.87234			6
2025.12.26	01:00:14.471	0.87138	0.87233			6
2025.12.26	01:00:14.778	0.87165	0.87246			6
2025.12.26	01:00:15.281	0.87151	0.87232			6
2025.12.26	01:00:15.600	0.87127	0.87234			6
2025.12.26	01:00:15.912	0.87163	0.87235			6
2025.12.26	01:00:16.218	0.87166	0.87241			6
2025.12.26	01:00:16.532	0.87169	0.87244			6
2025.12.26	01:00:16.839	0.87171				2
2025.12.26	01:00:17.173	0.87154	0.87228			6
2025.12.26	01:00:17.479		0.87278			4
2025.12.26	01:00:17.801	0.87178	0.87269			6
2025.12.26	01:00:18.123	0.87199	0.87257			6
2025.12.26	01:00:18.438	0.87195	0.87249			6
2025.12.26	01:00:18.871	0.87209	0.87280			6
2025.12.26	01:00:19.173	0.87167	0.87284			6
2025.12.26	01:00:19.475	0.87123	0.87259			6
2025.12.26	01:00:19.791	0.87119	0.87257			6
2025.12.26	01:00:20.485	0.87124	0.87260			6
2025.12.26	01:00:20.825	0.87129	0.87264			6
2025.12.26	01:00:21.130	0.87193	0.87271			6
2025.12.26	01:00:21.499	0.87196	0.87275			6
2025.12.26	01:00:21.908	0.87119	0.87272			6
2025.12.26	01:00:22.225		0.87267			4
2025.12.26	01:00:22.572		0.87263			4
2025.12.26	01:00:22.880		0.87266			4
2025.12.26	01:00:23.235	0.87125	0.87264			6
2025.12.26	01:00:23.537	0.87191	0.87273			6
2025.12.26	01:00:23.839	0.87206	0.87284			6
2025.12.26	01:00:24.145	0.87208	0.87286			6
2025.12.26	01:00:24.468	0.87120	0.87265			6
2025.12.26	01:00:24.778	0.87110				2
2025.12.26	01:00:25.097	0.87123	0.87263			6
2025.12.26	01:00:25.398	0.87119				2
2025.12.26	01:00:25.707	0.87133				2
2025.12.26	01:00:26.076	0.87159	0.87266			6
2025.12.26	01:00:26.379	0.87169	0.87269			6
2025.12.26	01:00:26.682		0.87261			4
2025.12.26	01:00:27.396	0.87192	0.87270			6
2025.12.26	01:00:27.892		0.87261			4
2025.12.26	01:00:28.771	0.87193				2
2025.12.26	01:00:29.258	0.87190	0.87273			6
2025.12.26	01:00:29.568	0.87150	0.87271			6
2025.12.26	01:00:29.927	0.87154	0.87269			6
2025.12.26	01:00:30.252		0.87270			4
2025.12.26	01:00:30.945	0.87149	0.87279			6
2025.12.26	01:00:31.386	0.87147	0.87278			6
2025.12.26	01:00:33.990	0.87153	0.87269			6
2025.12.26	01:00:35.798	0.87170	0.87283			6
2025.12.26	01:00:36.832		0.87281			4
2025.12.26	01:00:37.192	0.87169				2
2025.12.26	01:00:37.758	0.87170				2
2025.12.26	01:00:38.075	0.87155				2
2025.12.26	01:00:38.415	0.87170	0.87282			6
2025.12.26	01:00:39.180	0.87173				2
2025.12.26	01:00:39.525	0.87159				2
2025.12.26	01:00:40.491	0.87161	0.87281			6
2025.12.26	01:00:40.803	0.87174				2
2025.12.26	01:00:41.528		0.87282			4
2025.12.26	01:00:47.557	0.87171	0.87281			6
2025.12.26	01:00:53.319	0.87170	0.87282			6
2025.12.26	01:00:54.007	0.87169	0.87283			6
2025.12.26	01:00:56.424	0.87173	0.87279			6
2025.12.26	01:00:56.837	0.87174	0.87280			6
2025.12.26	01:00:59.101	0.87186	0.87266			6
2025.12.26	01:00:59.409	0.87206	0.87273			6
2025.12.26	01:01:00.309	0.87197	0.87282			6
2025.12.26	01:01:00.625	0.87156	0.87296			6
2025.12.26	01:01:00.946	0.87148	0.87297			6
2025.12.26	01:01:01.272	0.87155				2
2025.12.26	01:01:03.389	0.87156	0.87296			6
2025.12.26	01:01:04.199		0.87298			4
2025.12.26	01:01:06.222	0.87147	0.87297			6
2025.12.26	01:01:07.292	0.87156	0.87298			6
2025.12.26	01:01:08.318	0.87154				2
2025.12.26	01:01:09.285	0.87176				2
2025.12.26	01:01:10.781		0.87297			4
2025.12.26	01:01:12.515	0.87180	0.87299			6
2025.12.26	01:01:13.857	0.87176	0.87297			6
2025.12.26	01:01:14.493	0.87177	0.87299			6
2025.12.26	01:01:15.338	0.87153				2
2025.12.26	01:01:16.558	0.87180				2
2025.12.26	01:01:17.407	0.87176	0.87296			6
2025.12.26	01:01:18.480		0.87295			4
2025.12.26	01:01:19.554		0.87294			4
2025.12.26	01:01:29.539	0.87180	0.87295			6
2025.12.26	01:01:30.367		0.87302			4
2025.12.26	01:01:32.408		0.87301			4
2025.12.26	01:01:36.413		0.87300			4
2025.12.26	01:01:36.718	0.87173	0.87320			6
2025.12.26	01:01:37.023	0.87182	0.87321			6
2025.12.26	01:01:37.331		0.87320			4
2025.12.26	01:01:37.691		0.87319			4
2025.12.26	01:01:37.999		0.87322			4
2025.12.26	01:01:38.658		0.87321			4
2025.12.26	01:01:40.207		0.87322			4
2025.12.26	01:01:40.594		0.87320			4
2025.12.26	01:01:42.190	0.87186				2
2025.12.26	01:01:43.207		0.87321			4
2025.12.26	01:01:43.812		0.87320			4
2025.12.26	01:01:45.439		0.87321			4
2025.12.26	01:01:46.137		0.87320			4
2025.12.26	01:01:47.173	0.87189	0.87318			6
2025.12.26	01:01:47.838		0.87323			4
2025.12.26	01:01:48.372		0.87320			4
2025.12.26	01:01:49.327		0.87319			4
2025.12.26	01:01:49.641		0.87318			4
2025.12.26	01:01:50.590		0.87315			4
2025.12.26	01:01:51.326		0.87312			4
2025.12.26	01:01:51.927		0.87314			4
2025.12.26	01:01:53.065	0.87183	0.87312			6
2025.12.26	01:01:53.410	0.87191	0.87314			6
2025.12.26	01:01:54.309	0.87192				2
2025.12.26	01:01:55.467		0.87312			4
2025.12.26	01:01:56.010		0.87313			4
2025.12.26	01:01:56.396	0.87193	0.87311			6
2025.12.26	01:01:57.117		0.87312			4
2025.12.26	01:02:00.388	0.87193	0.87310			6
2025.12.26	01:02:01.723		0.87308			4
2025.12.26	01:02:02.083		0.87310			4
2025.12.26	01:02:03.206	0.87186	0.87288			6
2025.12.26	01:02:07.652		0.87294			4
2025.12.26	01:02:09.238		0.87293			4
2025.12.26	01:02:11.117	0.87193	0.87304			6
2025.12.26	01:02:11.423	0.87186	0.87299			6
2025.12.26	01:02:11.727		0.87300			4
2025.12.26	01:02:12.038	0.87171	0.87299			6
2025.12.26	01:02:12.405	0.87188				2
2025.12.26	01:02:13.855	0.87180				2
2025.12.26	01:02:15.007		0.87298			4
2025.12.26	01:02:15.743		0.87299			4
2025.12.26	01:02:16.210	0.87181				2
2025.12.26	01:02:16.665	0.87159	0.87296			6
2025.12.26	01:02:17.166	0.87181				2
2025.12.26	01:02:17.821	0.87185	0.87290			6
2025.12.26	01:02:19.199	0.87184				2
2025.12.26	01:02:20.994	0.87185				2
2025.12.26	01:02:21.858	0.87183				2
2025.12.26	01:02:23.397	0.87217				2
2025.12.26	01:02:23.728	0.87183				2
2025.12.26	01:02:24.557	0.87186				2
2025.12.26	01:02:24.937	0.87218				2
2025.12.26	01:02:25.239	0.87182				2
2025.12.26	01:02:25.545	0.87188				2
2025.12.26	01:02:26.409	0.87187				2
2025.12.26	01:02:27.310	0.87219				2
2025.12.26	01:02:28.001	0.87186				2
2025.12.26	01:02:29.031	0.87219				2
2025.12.26	01:02:29.529	0.87182				2
2025.12.26	01:02:29.831	0.87188				2
2025.12.26	01:02:30.140	0.87186				2
2025.12.26	01:02:30.533	0.87216				2
2025.12.26	01:02:30.838	0.87184				2
2025.12.26	01:02:31.463	0.87186				2
2025.12.26	01:02:32.112	0.87218				2
2025.12.26	01:02:32.531	0.87184				2
2025.12.26	01:02:33.653	0.87218				2
2025.12.26	01:02:34.151	0.87184				2
2025.12.26	01:02:35.186	0.87219				2
2025.12.26	01:02:35.692	0.87184				2
2025.12.26	01:02:36.123	0.87186				2
2025.12.26	01:02:36.727	0.87218				2
2025.12.26	01:02:37.177	0.87184				2
2025.12.26	01:02:37.563	0.87219				2
2025.12.26	01:02:38.099	0.87184				2
2025.12.26	01:02:39.285	0.87219				2
2025.12.26	01:02:39.598	0.87184				2
2025.12.26	01:02:40.826	0.87218				2
2025.12.26	01:02:41.331	0.87184				2
2025.12.26	01:02:41.813		0.87288			4
2025.12.26	01:02:42.347	0.87218	0.87290			6
2025.12.26	01:02:42.861	0.87184				2
2025.12.26	01:02:43.172	0.87188				2
2025.12.26	01:02:43.598	0.87222				2
2025.12.26	01:02:43.923	0.87220				2
2025.12.26	01:02:44.299	0.87186				2
2025.12.26	01:02:45.416	0.87223				2
2025.12.26	01:02:45.921	0.87186				2
2025.12.26	01:02:46.736	0.87219				2
2025.12.26	01:02:47.357	0.87179	0.87289			6
2025.12.26	01:02:47.662	0.87184	0.87286			6
2025.12.26	01:02:48.368	0.87199				2
2025.12.26	01:02:48.756	0.87179				2
2025.12.26	01:02:49.371	0.87184				2
2025.12.26	01:02:50.021	0.87221				2
2025.12.26	01:02:50.526	0.87181				2
2025.12.26	01:02:51.503	0.87217				2
2025.12.26	01:02:51.827	0.87169				2
2025.12.26	01:02:52.165	0.87184				2
2025.12.26	01:02:52.516	0.87178	0.87283			6
2025.12.26	01:02:53.515	0.87176				2
2025.12.26	01:02:53.820	0.87181				2
2025.12.26	01:02:55.165		0.87284			4
2025.12.26	01:02:55.771		0.87283			4
2025.12.26	01:02:56.108		0.87284			4
2025.12.26	01:02:57.421	0.87175				2
2025.12.26	01:02:57.804	0.87181	0.87285			6
2025.12.26	01:02:58.566	0.87185				2
2025.12.26	01:02:59.387	0.87179	0.87280			6
2025.12.26	01:03:00.412	0.87178	0.87279			6
2025.12.26	01:03:01.288	0.87217	0.87286			6
2025.12.26	01:03:01.792	0.87175	0.87281			6
2025.12.26	01:03:02.259	0.87181				2
2025.12.26	01:03:02.707	0.87217	0.87286			6
2025.12.26	01:03:03.013	0.87218				2
2025.12.26	01:03:03.316	0.87181	0.87281			6
2025.12.26	01:03:04.355	0.87218	0.87286			6
2025.12.26	01:03:04.870	0.87187	0.87283			6
2025.12.26	01:03:05.832	0.87218	0.87286			6
2025.12.26	01:03:06.207	0.87181	0.87280			6
2025.12.26	01:03:07.436	0.87219	0.87286			6
2025.12.26	01:03:07.826	0.87183	0.87282			6
2025.12.26	01:03:08.976	0.87219	0.87286			6
2025.12.26	01:03:09.301	0.87181	0.87282			6
2025.12.26	01:03:10.523	0.87221	0.87286			6
2025.12.26	01:03:11.022	0.87187	0.87283			6
2025.12.26	01:03:12.063	0.87219	0.87286			6
2025.12.26	01:03:12.562	0.87181	0.87282			6
2025.12.26	01:03:13.596	0.87218	0.87286			6
2025.12.26	01:03:14.102	0.87183	0.87282			6
2025.12.26	01:03:15.136	0.87193	0.87286			6
2025.12.26	01:03:15.438	0.87183	0.87282			6
2025.12.26	01:03:16.679	0.87216	0.87286			6
2025.12.26	01:03:17.182	0.87177	0.87281			6
2025.12.26	01:03:18.211	0.87218	0.87286			6
2025.12.26	01:03:18.718	0.87177	0.87281			6
2025.12.26	01:03:19.747	0.87217	0.87286			6
2025.12.26	01:03:20.251	0.87177	0.87281			6
2025.12.26	01:03:20.772	0.87216	0.87286			6
2025.12.26	01:03:21.286	0.87177	0.87280			6
2025.12.26	01:03:21.590		0.87281			4
2025.12.26	01:03:22.259	0.87217	0.87286			6
2025.12.26	01:03:22.812	0.87175	0.87279			6
2025.12.26	01:03:23.849	0.87216	0.87286			6
2025.12.26	01:03:24.353	0.87175	0.87282			6
2025.12.26	01:03:24.659		0.87283			4
2025.12.26	01:03:25.654	0.87220	0.87286			6
2025.12.26	01:03:26.157	0.87175	0.87285			6
2025.12.26	01:03:26.458	0.87181	0.87284			6
2025.12.26	01:03:26.909		0.87286			4
2025.12.26	01:03:27.438	0.87224	0.87288			6
2025.12.26	01:03:27.767	0.87171	0.87284			6
2025.12.26	01:03:28.089	0.87184				2
2025.12.26	01:03:28.883	0.87223				2
2025.12.26	01:03:29.187	0.87184	0.87293			6
2025.12.26	01:03:29.498		0.87284			4
2025.12.26	01:03:30.534	0.87185				2
2025.12.26	01:03:37.979	0.87190				2
2025.12.26	01:03:38.597	0.87187	0.87282			6
2025.12.26	01:03:39.027	0.87185	0.87281			6
2025.12.26	01:03:39.728	0.87223	0.87284			6
2025.12.26	01:03:40.232	0.87185	0.87283			6
2025.12.26	01:03:41.017	0.87222	0.87284			6
2025.12.26	01:03:41.320	0.87224	0.87288			6
2025.12.26	01:03:41.767	0.87185	0.87282			6
2025.12.26	01:03:42.079		0.87281			4
2025.12.26	01:03:42.803	0.87224	0.87283			6
2025.12.26	01:03:43.127	0.87185	0.87281			6
2025.12.26	01:03:44.337	0.87224	0.87283			6
2025.12.26	01:03:44.662	0.87185	0.87281			6
2025.12.26	01:03:44.966	0.87182	0.87282			6
2025.12.26	01:03:45.312	0.87179	0.87281			6
2025.12.26	01:03:45.677	0.87225	0.87283			6
2025.12.26	01:03:45.986	0.87233	0.87288			6
2025.12.26	01:03:46.377	0.87187	0.87283			6
2025.12.26	01:03:47.413	0.87229				2
2025.12.26	01:03:47.722	0.87186	0.87282			6
2025.12.26	01:03:48.118		0.87283			4
2025.12.26	01:03:48.423	0.87185	0.87281			6
2025.12.26	01:03:48.948	0.87226	0.87283			6
2025.12.26	01:03:49.272	0.87195				2
2025.12.26	01:03:49.579	0.87187	0.87278			6
2025.12.26	01:03:50.038	0.87182	0.87276			6
2025.12.26	01:03:50.484	0.87224	0.87288			6
2025.12.26	01:03:50.986	0.87187	0.87281			6
2025.12.26	01:03:52.024	0.87225	0.87283			6
2025.12.26	01:03:52.347	0.87187	0.87282			6
2025.12.26	01:03:52.792		0.87281			4
2025.12.26	01:03:53.558	0.87229	0.87288			6
2025.12.26	01:03:53.860	0.87190	0.87282			6
2025.12.26	01:03:54.171	0.87187				2
2025.12.26	01:03:54.544	0.87191				2
2025.12.26	01:03:55.188	0.87199	0.87283			6
2025.12.26	01:03:55.599	0.87226				2
2025.12.26	01:03:55.905	0.87187				2
2025.12.26	01:03:58.146	0.87226				2
2025.12.26	01:03:58.473	0.87187				2
2025.12.26	01:03:59.479	0.87227				2
2025.12.26	01:03:59.782	0.87231	0.87288			6
2025.12.26	01:04:00.191	0.87187	0.87279			6
2025.12.26	01:04:00.524		0.87280			4
2025.12.26	01:04:00.988	0.87222	0.87283			6
2025.12.26	01:04:01.299	0.87225	0.87323			6
2025.12.26	01:04:01.601	0.87180	0.87281			6
2025.12.26	01:04:01.938		0.87280			4
2025.12.26	01:04:02.757	0.87230	0.87327			6
2025.12.26	01:04:03.082	0.87181	0.87281			6
2025.12.26	01:04:03.400		0.87280			4
2025.12.26	01:04:04.294	0.87230	0.87327			6
2025.12.26	01:04:04.602	0.87187	0.87282			6
2025.12.26	01:04:05.002		0.87283			4
2025.12.26	01:04:05.322		0.87281			4
2025.12.26	01:04:05.833	0.87230	0.87292			6
2025.12.26	01:04:06.157	0.87185	0.87281			6
2025.12.26	01:04:07.673	0.87230	0.87293			6
2025.12.26	01:04:07.978	0.87228				2
2025.12.26	01:04:08.383	0.87187	0.87282			6
2025.12.26	01:04:08.698		0.87281			4
2025.12.26	01:04:09.417	0.87229	0.87293			6
2025.12.26	01:04:09.742	0.87196	0.87284			6
2025.12.26	01:04:10.127	0.87187	0.87280			6
2025.12.26	01:04:10.958	0.87229	0.87293			6
2025.12.26	01:04:11.282	0.87187	0.87280			6
2025.12.26	01:04:11.727	0.87192				2
2025.12.26	01:04:12.058	0.87187	0.87278			6
2025.12.26	01:04:12.373	0.87223	0.87293			6
2025.12.26	01:04:12.774	0.87231				2
2025.12.26	01:04:13.282	0.87187	0.87280			6
2025.12.26	01:04:15.109	0.87199	0.87285			6
2025.12.26	01:04:15.429	0.87240	0.87341			6
2025.12.26	01:04:15.735	0.87228	0.87329			6
2025.12.26	01:04:16.039	0.87205	0.87289			6
2025.12.26	01:04:16.359	0.87195	0.87285			6
2025.12.26	01:04:17.291	0.87198	0.87288			6
2025.12.26	01:04:17.602	0.87238	0.87339			6
2025.12.26	01:04:17.919	0.87211	0.87287			6
2025.12.26	01:04:18.237	0.87201	0.87283			6
2025.12.26	01:04:18.542	0.87187	0.87277			6
2025.12.26	01:04:20.188	0.87231	0.87293			6
2025.12.26	01:04:20.512	0.87182	0.87278			6
2025.12.26	01:04:20.957		0.87277			4
2025.12.26	01:04:22.538	0.87228	0.87286			6
2025.12.26	01:04:22.841	0.87212				2
2025.12.26	01:04:23.161	0.87187	0.87273			6
2025.12.26	01:04:23.477		0.87274			4
2025.12.26	01:04:23.779		0.87275			4
2025.12.26	01:04:24.255	0.87231	0.87288			6
2025.12.26	01:04:24.573	0.87198	0.87279			6
2025.12.26	01:04:24.879	0.87188	0.87275			6
2025.12.26	01:04:27.263	0.87185				2
2025.12.26	01:04:29.466	0.87187	0.87276			6
2025.12.26	01:04:30.080		0.87278			4
2025.12.26	01:04:31.953	0.87228	0.87293			6
2025.12.26	01:04:32.280	0.87187	0.87278			6
2025.12.26	01:04:32.657		0.87279			4
2025.12.26	01:04:32.974		0.87277			4
2025.12.26	01:04:33.499		0.87278			4
2025.12.26	01:04:33.898	0.87229	0.87293			6
2025.12.26	01:04:34.260	0.87196	0.87281			6
2025.12.26	01:04:34.571	0.87187	0.87279			6
2025.12.26	01:04:35.528	0.87229	0.87293			6
2025.12.26	01:04:35.852	0.87187	0.87279			6
2025.12.26	01:04:36.231		0.87278			4
2025.12.26	01:04:36.573	0.87189	0.87280			6
2025.12.26	01:04:37.068	0.87232	0.87293			6
2025.12.26	01:04:37.373	0.87187	0.87278			6
2025.12.26	01:04:37.832		0.87277			4
2025.12.26	01:04:38.537	0.87243	0.87344			6
2025.12.26	01:04:38.871	0.87210	0.87285			6
2025.12.26	01:04:39.178	0.87196	0.87283			6
2025.12.26	01:04:40.110	0.87240	0.87341			6
2025.12.26	01:04:40.434	0.87209	0.87285			6
2025.12.26	01:04:40.753	0.87194				2
2025.12.26	01:04:41.071		0.87282			4
2025.12.26	01:04:41.388	0.87195				2
2025.12.26	01:04:41.698	0.87187	0.87277			6
2025.12.26	01:04:42.010		0.87278			4
2025.12.26	01:04:43.089	0.87230	0.87290			6
2025.12.26	01:04:43.393	0.87234	0.87310			6
2025.12.26	01:04:43.698	0.87190	0.87280			6
2025.12.26	01:04:44.016	0.87188	0.87278			6
2025.12.26	01:04:44.758	0.87230	0.87293			6
2025.12.26	01:04:45.084	0.87190	0.87273			6
2025.12.26	01:04:45.389	0.87187				2
2025.12.26	01:04:45.783		0.87276			4
2025.12.26	01:04:46.252	0.87234	0.87293			6
2025.12.26	01:04:46.618	0.87187	0.87278			6
2025.12.26	01:04:47.002	0.87188				2
2025.12.26	01:04:47.322	0.87187	0.87277			6
2025.12.26	01:04:48.133	0.87228	0.87286			6
2025.12.26	01:04:48.439	0.87205	0.87291			6
2025.12.26	01:04:48.757	0.87194	0.87280			6
2025.12.26	01:04:49.072	0.87185	0.87278			6
2025.12.26	01:04:50.393	0.87236	0.87293			6
2025.12.26	01:04:50.716	0.87185	0.87279			6
2025.12.26	01:04:51.097		0.87277			4
2025.12.26	01:04:51.432	0.87187	0.87276			6
2025.12.26	01:04:51.836	0.87232	0.87332			6
2025.12.26	01:04:52.138	0.87207	0.87280			6
2025.12.26	01:04:52.461	0.87188	0.87277			6
2025.12.26	01:04:52.776	0.87187	0.87276			6
2025.12.26	01:04:53.474	0.87233	0.87288			6
2025.12.26	01:04:53.798	0.87202	0.87278			6
2025.12.26	01:04:54.209	0.87188	0.87276			6
2025.12.26	01:04:55.223	0.87226	0.87279			6
2025.12.26	01:04:55.539	0.87233	0.87288			6
2025.12.26	01:04:55.840	0.87185	0.87276			6
2025.12.26	01:04:56.253	0.87188	0.87277			6
2025.12.26	01:04:56.572	0.87185	0.87275			6
2025.12.26	01:04:57.057	0.87233	0.87288			6
2025.12.26	01:04:57.383	0.87175	0.87278			6
2025.12.26	01:04:57.765	0.87187				2
2025.12.26	01:04:58.074	0.87175	0.87276			6
2025.12.26	01:04:59.108	0.87233	0.87339			6
2025.12.26	01:04:59.431	0.87168	0.87277			6
2025.12.26	01:04:59.737		0.87276			4
2025.12.26	01:05:00.084	0.87187	0.87277			6
2025.12.26	01:05:00.425		0.87276			4
2025.12.26	01:05:01.158	0.87235	0.87299			6
2025.12.26	01:05:01.465	0.87192	0.87276			6
2025.12.26	01:05:01.779	0.87195	0.87274			6
2025.12.26	01:05:03.727	0.87231	0.87293			6
2025.12.26	01:05:04.073	0.87195	0.87274			6
2025.12.26	01:05:04.437		0.87273			4
2025.12.26	01:05:05.266	0.87228	0.87293			6
2025.12.26	01:05:05.607	0.87195	0.87275			6
2025.12.26	01:05:06.373	0.87206	0.87276			6
2025.12.26	01:05:06.802	0.87230	0.87293			6
2025.12.26	01:05:07.307	0.87229				2
2025.12.26	01:05:07.618	0.87228				2
2025.12.26	01:05:08.852	0.87189	0.87271			6
2025.12.26	01:05:09.877	0.87228	0.87293			6
2025.12.26	01:05:10.290	0.87188	0.87271			6
2025.12.26	01:05:11.018	0.87187	0.87257			6
2025.12.26	01:05:11.321		0.87259			4
2025.12.26	01:05:12.361		0.87261			4
2025.12.26	01:05:12.680		0.87259			4
2025.12.26	01:05:14.335	0.87181	0.87253			6
2025.12.26	01:05:15.187		0.87252			4
2025.12.26	01:05:15.806	0.87192	0.87268			6
2025.12.26	01:05:16.108	0.87184	0.87254			6
2025.12.26	01:05:18.940	0.87186	0.87252			6
2025.12.26	01:05:19.268	0.87188	0.87249			6
2025.12.26	01:05:19.581		0.87268			4
2025.12.26	01:05:19.913		0.87251			4
2025.12.26	01:05:22.908		0.87250			4
2025.12.26	01:05:23.691	0.87190				2
2025.12.26	01:05:26.607	0.87187	0.87248			6
2025.12.26	01:05:27.222	0.87190	0.87249			6
2025.12.26	01:05:27.547		0.87251			4
2025.12.26	01:05:30.908		0.87249			4
2025.12.26	01:05:32.452		0.87251			4
2025.12.26	01:05:34.305	0.87194				2
2025.12.26	01:05:36.538		0.87272			4
2025.12.26	01:05:36.925		0.87281			4
2025.12.26	01:05:37.266	0.87195	0.87271			6
2025.12.26	01:05:37.579	0.87196	0.87274			6
2025.12.26	01:05:37.881	0.87192	0.87272			6
2025.12.26	01:05:38.199	0.87193				2
2025.12.26	01:05:38.918		0.87271			4
2025.12.26	01:05:40.536	0.87215	0.87275			6
2025.12.26	01:05:41.222	0.87193	0.87271			6
2025.12.26	01:05:41.632		0.87266			4
2025.12.26	01:05:42.557		0.87264			4
2025.12.26	01:05:42.879	0.87214	0.87270			6
2025.12.26	01:05:43.180	0.87195	0.87283			6
2025.12.26	01:05:43.498	0.87193	0.87277			6
2025.12.26	01:05:43.838	0.87190	0.87271			6
2025.12.26	01:05:44.142	0.87193	0.87269			6
2025.12.26	01:05:45.138		0.87270			4
2025.12.26	01:05:45.577	0.87190	0.87269			6
2025.12.26	01:05:45.910		0.87268			4
2025.12.26	01:05:50.595		0.87267			4
2025.12.26	01:05:53.927		0.87261			4
2025.12.26	01:05:54.523		0.87260			4
2025.12.26	01:05:54.947		0.87259			4
2025.12.26	01:05:55.457		0.87262			4
2025.12.26	01:05:56.329	0.87186	0.87260			6
2025.12.26	01:05:57.934	0.87183	0.87262			6
2025.12.26	01:05:58.890	0.87212	0.87296			6
2025.12.26	01:05:59.213	0.87189	0.87281			6
2025.12.26	01:05:59.542		0.87272			4
2025.12.26	01:05:59.901		0.87271			4
2025.12.26	01:06:00.217	0.87189	0.87268			6
2025.12.26	01:06:00.706		0.87265			4
2025.12.26	01:06:01.018	0.87185	0.87266			6
2025.12.26	01:06:01.332	0.87183	0.87267			6
2025.12.26	01:06:02.094	0.87181	0.87266			6
2025.12.26	01:06:02.887		0.87267			4
2025.12.26	01:06:03.889		0.87266			4
2025.12.26	01:06:04.384		0.87267			4
2025.12.26	01:06:04.782		0.87266			4
2025.12.26	01:06:05.402	0.87180	0.87257			6
2025.12.26	01:06:05.743	0.87182				2
2025.12.26	01:06:06.209	0.87195	0.87251			6
2025.12.26	01:06:06.518	0.87203	0.87280			6
2025.12.26	01:06:08.597		0.87279			4
2025.12.26	01:06:10.482		0.87272			4
2025.12.26	01:06:10.798		0.87281			4
2025.12.26	01:06:11.187	0.87202				2
2025.12.26	01:06:13.272		0.87280			4
2025.12.26	01:06:15.237	0.87183	0.87273			6
2025.12.26	01:06:15.538		0.87271			4
2025.12.26	01:06:16.237		0.87268			4
2025.12.26	01:06:16.647		0.87264			4
2025.12.26	01:06:16.958		0.87261			4
2025.12.26	01:06:17.261		0.87259			4
2025.12.26	01:06:17.992	0.87184	0.87261			6
2025.12.26	01:06:18.299	0.87181	0.87259			6
2025.12.26	01:06:20.558		0.87260			4
2025.12.26	01:06:21.346	0.87196	0.87266			6
2025.12.26	01:06:21.660	0.87187	0.87278			6
2025.12.26	01:06:21.987		0.87274			4
2025.12.26	01:06:22.343		0.87275			4
2025.12.26	01:06:28.236	0.87183	0.87276			6
2025.12.26	01:06:31.842		0.87264			4
2025.12.26	01:06:32.856	0.87211	0.87269			6
2025.12.26	01:06:33.158	0.87201	0.87264			6
2025.12.26	01:06:33.637	0.87185				2
2025.12.26	01:06:34.910		0.87276			4
2025.12.26	01:06:35.219	0.87180	0.87268			6
2025.12.26	01:06:35.531		0.87266			4
2025.12.26	01:06:36.321		0.87268			4
2025.12.26	01:06:36.639	0.87185	0.87270			6
2025.12.26	01:06:37.018		0.87271			4
2025.12.26	01:06:39.721		0.87270			4
2025.12.26	01:06:43.598		0.87264			4
2025.12.26	01:06:44.059	0.87196	0.87265			6
2025.12.26	01:06:44.382	0.87183	0.87282			6
2025.12.26	01:06:44.698		0.87275			4
2025.12.26	01:06:45.086		0.87269			4
2025.12.26	01:06:45.739		0.87270			4
2025.12.26	01:06:46.045		0.87268			4
2025.12.26	01:06:47.698		0.87267			4
2025.12.26	01:06:54.546		0.87262			4
2025.12.26	01:06:54.858		0.87261			4
2025.12.26	01:06:55.168		0.87259			4
2025.12.26	01:06:55.592	0.87199	0.87262			6
2025.12.26	01:06:55.898	0.87190	0.87263			6
2025.12.26	01:06:56.863	0.87183	0.87277			6
2025.12.26	01:06:57.178		0.87263			4
2025.12.26	01:06:57.481		0.87262			4
2025.12.26	01:06:57.946		0.87263			4
2025.12.26	01:06:58.272	0.87184	0.87259			6
2025.12.26	01:06:58.579	0.87186	0.87260			6
2025.12.26	01:06:59.436	0.87201	0.87293			6
2025.12.26	01:06:59.937	0.87186	0.87265			6
2025.12.26	01:07:00.237	0.87186	0.87264			6
2025.12.26	01:07:02.801		0.87265			4
2025.12.26	01:07:04.042		0.87263			4
2025.12.26	01:07:05.054	0.87211	0.87293			6
2025.12.26	01:07:05.378	0.87186	0.87263			6
2025.12.26	01:07:06.088		0.87262			4
2025.12.26	01:07:10.371		0.87263			4
2025.12.26	01:07:10.884	0.87183	0.87260			6
2025.12.26	01:07:11.307	0.87187	0.87262			6
2025.12.26	01:07:13.271		0.87272			4
2025.12.26	01:07:13.578	0.87211	0.87279			6
2025.12.26	01:07:13.887	0.87214	0.87293			6
2025.12.26	01:07:14.221	0.87207	0.87280			6
2025.12.26	01:07:14.542	0.87187	0.87275			6
2025.12.26	01:07:14.964	0.87191	0.87272			6
2025.12.26	01:07:15.307	0.87187				2
2025.12.26	01:07:15.618	0.87200	0.87276			6
2025.12.26	01:07:17.791	0.87187	0.87271			6
2025.12.26	01:07:18.097		0.87262			4
2025.12.26	01:07:18.813		0.87260			4
2025.12.26	01:07:19.137		0.87263			4
2025.12.26	01:07:22.918		0.87266			4
2025.12.26	01:07:23.222		0.87267			4
2025.12.26	01:07:23.932		0.87266			4
2025.12.26	01:07:29.552		0.87262			4
2025.12.26	01:07:29.858		0.87263			4
2025.12.26	01:07:33.131	0.87210	0.87293			6
2025.12.26	01:07:33.457	0.87187	0.87265			6
2025.12.26	01:07:36.694	0.87207	0.87273			6
2025.12.26	01:07:36.999	0.87187	0.87263			6
2025.12.26	01:07:39.283	0.87214	0.87280			6
2025.12.26	01:07:39.599	0.87213	0.87284			6
2025.12.26	01:07:39.923		0.87282			4
2025.12.26	01:07:40.232	0.87200	0.87299			6
2025.12.26	01:07:40.539	0.87187	0.87273			6
2025.12.26	01:07:40.841		0.87269			4
2025.12.26	01:07:41.176		0.87261			4
2025.12.26	01:07:41.581	0.87189	0.87264			6
2025.12.26	01:07:41.889	0.87187	0.87258			6
2025.12.26	01:07:42.336	0.87198	0.87262			6
2025.12.26	01:07:43.501		0.87263			4
2025.12.26	01:07:44.103		0.87262			4
2025.12.26	01:07:46.443	0.87188	0.87266			6
2025.12.26	01:07:47.470		0.87264			4
2025.12.26	01:07:49.533	0.87194	0.87266			6
2025.12.26	01:07:52.573		0.87264			4
2025.12.26	01:07:53.077	0.87188	0.87265			6
2025.12.26	01:07:53.587	0.87198	0.87275			6
2025.12.26	01:07:53.927	0.87188	0.87271			6
2025.12.26	01:07:59.154		0.87270			4
2025.12.26	01:08:00.494	0.87188				2
2025.12.26	01:08:00.802		0.87269			4
2025.12.26	01:08:01.556	0.87184	0.87268			6
2025.12.26	01:08:05.189		0.87269			4
2025.12.26	01:08:05.497		0.87268			4
2025.12.26	01:08:06.915		0.87269			4
2025.12.26	01:08:10.622	0.87153	0.87268			6
2025.12.26	01:08:10.938	0.87180	0.87269			6
2025.12.26	01:08:11.263	0.87189				2
2025.12.26	01:08:13.863	0.87188	0.87270			6
2025.12.26	01:08:15.401	0.87189	0.87269			6
2025.12.26	01:08:16.354	0.87188	0.87270			6
2025.12.26	01:08:18.352	0.87180				2
2025.12.26	01:08:20.478	0.87184	0.87269			6
2025.12.26	01:08:21.566	0.87199				2
2025.12.26	01:08:27.064	0.87196				2
2025.12.26	01:08:32.458		0.87268			4
2025.12.26	01:08:32.770		0.87269			4
2025.12.26	01:08:33.761	0.87184				2
2025.12.26	01:08:42.490	0.87182				2
2025.12.26	01:08:46.227	0.87192				2
2025.12.26	01:08:46.637	0.87191				2
2025.12.26	01:08:51.643	0.87192				2
2025.12.26	01:08:54.800	0.87191				2
2025.12.26	01:08:58.762	0.87182				2
2025.12.26	01:09:00.354	0.87180	0.87270			6
2025.12.26	01:09:00.660		0.87267			4
2025.12.26	01:09:03.107	0.87183	0.87268			6
2025.12.26	01:09:03.711	0.87184	0.87266			6
2025.12.26	01:09:04.018	0.87171				2
2025.12.26	01:09:04.332	0.87189				2
2025.12.26	01:09:04.950	0.87195				2
2025.12.26	01:09:05.561	0.87196	0.87265			6
2025.12.26	01:09:06.072	0.87178	0.87266			6
2025.12.26	01:09:06.606		0.87268			4
2025.12.26	01:09:08.376	0.87189				2
2025.12.26	01:09:11.516	0.87188	0.87270			6
2025.12.26	01:09:12.354	0.87189	0.87268			6
2025.12.26	01:09:12.936	0.87188	0.87269			6
2025.12.26	01:09:13.357	0.87187	0.87270			6
2025.12.26	01:09:15.600		0.87272			4
2025.12.26	01:09:21.208	0.87188	0.87271			6
2025.12.26	01:09:23.781	0.87187	0.87270			6
2025.12.26	01:09:24.347	0.87188	0.87263			6
2025.12.26	01:09:24.658	0.87191	0.87266			6
2025.12.26	01:09:25.481	0.87214	0.87281			6
2025.12.26	01:09:25.856	0.87191	0.87264			6
2025.12.26	01:09:26.157		0.87265			4
2025.12.26	01:09:27.127	0.87214	0.87301			6
2025.12.26	01:09:27.628	0.87191	0.87266			6
2025.12.26	01:09:28.656	0.87215	0.87301			6
2025.12.26	01:09:32.837	0.87218	0.87308			6
2025.12.26	01:09:33.211	0.87190	0.87267			6
2025.12.26	01:09:33.691	0.87191	0.87266			6
2025.12.26	01:09:34.277	0.87218	0.87308			6
2025.12.26	01:09:34.781	0.87190	0.87268			6
2025.12.26	01:09:35.816	0.87217	0.87308			6
2025.12.26	01:09:36.322	0.87186	0.87264			6
2025.12.26	01:09:37.357	0.87215	0.87302			6
2025.12.26	01:09:44.214	0.87187	0.87261			6
2025.12.26	01:09:44.518		0.87264			4
2025.12.26	01:09:45.501	0.87215	0.87297			6
2025.12.26	01:09:46.007	0.87187	0.87263			6
2025.12.26	01:09:46.318		0.87261			4
2025.12.26	01:09:46.623		0.87262			4
2025.12.26	01:09:47.037	0.87214	0.87297			6
2025.12.26	01:09:47.541	0.87187	0.87262			6
2025.12.26	01:09:48.582	0.87215	0.87297			6
2025.12.26	01:09:48.981	0.87187	0.87264			6
2025.12.26	01:09:50.069	0.87211	0.87281			6
2025.12.26	01:09:50.603	0.87186	0.87263			6
2025.12.26	01:09:51.667	0.87217	0.87302			6
2025.12.26	01:09:52.172	0.87186	0.87264			6
2025.12.26	01:09:53.058	0.87209	0.87280			6
2025.12.26	01:09:53.456	0.87186	0.87264			6
2025.12.26	01:09:54.726	0.87217	0.87302			6
2025.12.26	01:09:55.227	0.87177	0.87261			6
2025.12.26	01:09:55.922	0.87181				2
2025.12.26	01:09:56.268	0.87215	0.87298			6
2025.12.26	01:09:56.772	0.87175	0.87262			6
2025.12.26	01:09:57.812	0.87214	0.87298			6
2025.12.26	01:09:59.024		0.87304			4
2025.12.26	01:09:59.336	0.87185	0.87266			6
2025.12.26	01:10:00.306	0.87217	0.87304			6
2025.12.26	01:10:00.680	0.87184	0.87268			6
2025.12.26	01:10:01.376		0.87269			4
2025.12.26	01:10:01.917	0.87220	0.87304			6
2025.12.26	01:10:02.426	0.87184	0.87267			6
2025.12.26	01:10:03.467	0.87219	0.87304			6
2025.12.26	01:10:03.977	0.87187	0.87267			6
2025.12.26	01:10:04.279	0.87184	0.87265			6
2025.12.26	01:10:05.001	0.87220	0.87308			6
2025.12.26	01:10:05.378	0.87185	0.87269			6
2025.12.26	01:10:05.964	0.87182	0.87264			6
2025.12.26	01:10:07.047	0.87217	0.87304			6
2025.12.26	01:10:07.357	0.87218				2
2025.12.26	01:10:07.840		0.87298			4
2025.12.26	01:10:08.778		0.87302			4
2025.12.26	01:10:10.368		0.87298			4
2025.12.26	01:10:11.523	0.87217	0.87304			6
2025.12.26	01:10:12.097	0.87184	0.87266			6
2025.12.26	01:10:13.121	0.87217	0.87274			6
2025.12.26	01:10:13.626	0.87184	0.87263			6
2025.12.26	01:10:14.582	0.87217	0.87298			6
2025.12.26	01:10:15.172	0.87184	0.87263			6
2025.12.26	01:10:16.212	0.87216	0.87298			6
2025.12.26	01:10:17.256	0.87217				2
2025.12.26	01:10:19.638	0.87218	0.87304			6
2025.12.26	01:10:20.727	0.87184	0.87266			6
2025.12.26	01:10:21.621	0.87211	0.87277			6
2025.12.26	01:10:22.001	0.87184	0.87272			6
2025.12.26	01:10:23.299	0.87220	0.87304			6
2025.12.26	01:10:23.801	0.87184	0.87269			6
2025.12.26	01:10:24.848	0.87202	0.87272			6
2025.12.26	01:10:25.861	0.87180	0.87269			6
2025.12.26	01:10:26.397	0.87188				2
2025.12.26	01:10:27.402		0.87267			4
2025.12.26	01:10:30.459	0.87185	0.87264			6
2025.12.26	01:10:33.993	0.87187				2
2025.12.26	01:10:38.702		0.87262			4
2025.12.26	01:10:39.728	0.87204	0.87265			6
2025.12.26	01:10:40.804	0.87202				2
2025.12.26	01:10:43.826	0.87201	0.87269			6
2025.12.26	01:10:44.841	0.87187	0.87265			6
2025.12.26	01:10:46.543	0.87178	0.87262			6
2025.12.26	01:10:47.043	0.87185	0.87264			6
2025.12.26	01:10:47.392		0.87265			4
2025.12.26	01:10:47.994	0.87187	0.87267			6
2025.12.26	01:10:49.446		0.87278			4
2025.12.26	01:10:49.767	0.87173	0.87258			6
2025.12.26	01:10:50.075	0.87174				2
2025.12.26	01:10:50.461		0.87259			4
2025.12.26	01:10:51.743	0.87175				2
2025.12.26	01:10:52.948		0.87258			4
2025.12.26	01:10:59.361		0.87259			4
2025.12.26	01:11:00.536	0.87175				2
2025.12.26	01:11:01.242		0.87257			4
2025.12.26	01:11:01.748	0.87164	0.87247			6
2025.12.26	01:11:02.157	0.87199	0.87265			6
2025.12.26	01:11:02.458		0.87263			4
2025.12.26	01:11:02.776	0.87180	0.87281			6
2025.12.26	01:11:03.079	0.87196	0.87252			6
2025.12.26	01:11:03.563	0.87169				2
2025.12.26	01:11:04.832	0.87205	0.87287			6
2025.12.26	01:11:05.138	0.87169	0.87253			6
2025.12.26	01:11:05.694	0.87203	0.87267			6
2025.12.26	01:11:06.416	0.87198	0.87255			6
2025.12.26	01:11:06.845	0.87207	0.87287			6
2025.12.26	01:11:07.249	0.87169	0.87254			6
2025.12.26	01:11:08.462	0.87170	0.87252			6
2025.12.26	01:11:08.922	0.87205	0.87287			6
2025.12.26	01:11:09.422	0.87171	0.87252			6
2025.12.26	01:11:10.491	0.87207	0.87287			6
2025.12.26	01:11:10.893	0.87169	0.87253			6
2025.12.26	01:11:11.243	0.87170				2
2025.12.26	01:11:12.608		0.87252			4
2025.12.26	01:11:12.926	0.87169				2
2025.12.26	01:11:13.516	0.87205	0.87282			6
2025.12.26	01:11:14.031	0.87169	0.87254			6
2025.12.26	01:11:14.930	0.87206	0.87282			6
2025.12.26	01:11:15.453	0.87169	0.87253			6
2025.12.26	01:11:15.837	0.87170				2
2025.12.26	01:11:16.964	0.87206	0.87287			6
2025.12.26	01:11:17.647	0.87171	0.87252			6
2025.12.26	01:11:18.696	0.87206	0.87293			6
2025.12.26	01:11:19.206	0.87169	0.87255			6
2025.12.26	01:11:19.780	0.87173	0.87253			6
2025.12.26	01:11:20.107		0.87254			4
2025.12.26	01:11:20.483	0.87206	0.87297			6
2025.12.26	01:11:20.796	0.87207				2
2025.12.26	01:11:21.099	0.87173	0.87257			6
2025.12.26	01:11:21.401		0.87256			4
2025.12.26	01:11:22.321	0.87180	0.87263			6
2025.12.26	01:11:22.638	0.87173	0.87262			6
2025.12.26	01:11:22.950		0.87264			4
2025.12.26	01:11:24.361		0.87256			4
2025.12.26	01:11:24.957		0.87254			4
2025.12.26	01:11:25.933		0.87256			4
2025.12.26	01:11:26.447	0.87202	0.87258			6
2025.12.26	01:11:26.759	0.87173	0.87255			6
2025.12.26	01:11:27.071	0.87192	0.87257			6
2025.12.26	01:11:27.372	0.87173	0.87255			6
2025.12.26	01:11:28.255	0.87205	0.87267			6
2025.12.26	01:11:28.704	0.87187	0.87263			6
2025.12.26	01:11:29.037	0.87203	0.87255			6
2025.12.26	01:11:29.367	0.87173				2
2025.12.26	01:11:30.838	0.87209	0.87290			6
2025.12.26	01:11:31.155	0.87173	0.87256			6
2025.12.26	01:11:31.917		0.87257			4
2025.12.26	01:11:33.397	0.87211	0.87297			6
2025.12.26	01:11:33.896	0.87173	0.87259			6
2025.12.26	01:11:34.910		0.87258			4
2025.12.26	01:11:38.345		0.87257			4
2025.12.26	01:11:38.984		0.87256			4
2025.12.26	01:11:39.832		0.87257			4
2025.12.26	01:11:40.994		0.87256			4
2025.12.26	01:11:48.237	0.87183	0.87262			6
2025.12.26	01:11:48.556	0.87209	0.87269			6
2025.12.26	01:11:49.258	0.87173	0.87258			6
2025.12.26	01:11:50.272		0.87257			4
2025.12.26	01:11:52.819		0.87256			4
2025.12.26	01:11:55.808		0.87257			4
2025.12.26	01:12:01.623	0.87173	0.87255			6
2025.12.26	01:12:02.127		0.87256			4
2025.12.26	01:12:02.648	0.87208	0.87269			6
2025.12.26	01:12:05.223	0.87209	0.87268			6
2025.12.26	01:12:06.247	0.87207	0.87266			6
2025.12.26	01:12:08.843		0.87262			4
2025.12.26	01:12:09.336	0.87173	0.87265			6
2025.12.26	01:12:09.652		0.87262			4
2025.12.26	01:12:10.267		0.87261			4
2025.12.26	01:12:11.318	0.87179	0.87262			6
2025.12.26	01:12:11.763	0.87173	0.87263			6
2025.12.26	01:12:12.426		0.87260			4
2025.12.26	01:12:12.922		0.87257			4
2025.12.26	01:12:14.119		0.87258			4
2025.12.26	01:12:14.708		0.87257			4
2025.12.26	01:12:16.623	0.87176	0.87258			6
2025.12.26	01:12:24.234	0.87173	0.87256			6
2025.12.26	01:12:24.809		0.87257			4
2025.12.26	01:12:25.338	0.87184				2
2025.12.26	01:12:27.332	0.87209	0.87261			6
2025.12.26	01:12:27.868	0.87173	0.87259			6
2025.12.26	01:12:30.049		0.87260			4
2025.12.26	01:12:30.354		0.87259			4
2025.12.26	01:12:31.256		0.87260			4
2025.12.26	01:12:32.052		0.87258			4
2025.12.26	01:12:33.053		0.87260			4
2025.12.26	01:12:34.054		0.87259			4
2025.12.26	01:12:35.052		0.87258			4
2025.12.26	01:12:35.668		0.87260			4
2025.12.26	01:12:36.025		0.87259			4
2025.12.26	01:12:38.632		0.87256			4
2025.12.26	01:12:39.068		0.87260			4
2025.12.26	01:12:39.555		0.87257			4
2025.12.26	01:12:40.056		0.87260			4
2025.12.26	01:12:42.344		0.87261			4
2025.12.26	01:12:44.345		0.87262			4
2025.12.26	01:12:45.193		0.87263			4
2025.12.26	01:12:45.612		0.87262			4
2025.12.26	01:12:47.492		0.87259			4
2025.12.26	01:12:48.383	0.87177	0.87260			6
2025.12.26	01:12:50.428		0.87258			4
2025.12.26	01:12:50.999	0.87181	0.87259			6
2025.12.26	01:12:51.452	0.87213	0.87283			6
2025.12.26	01:12:51.981	0.87177	0.87261			6
2025.12.26	01:13:00.353	0.87177	0.87262			6
2025.12.26	01:13:01.173		0.87261			4
2025.12.26	01:13:01.600	0.87179	0.87262			6
2025.12.26	01:13:02.116		0.87263			4
2025.12.26	01:13:03.288		0.87261			4
2025.12.26	01:13:04.298		0.87262			4
2025.12.26	01:13:10.405		0.87257			4
2025.12.26	01:13:13.396	0.87178				2
2025.12.26	01:13:14.377	0.87174	0.87253			6
2025.12.26	01:13:15.160	0.87184	0.87256			6
2025.12.26	01:13:16.158	0.87210	0.87262			6
2025.12.26	01:13:16.702	0.87178	0.87258			6
2025.12.26	01:13:17.411	0.87177	0.87259			6
2025.12.26	01:13:19.209	0.87178	0.87258			6
2025.12.26	01:13:21.556	0.87180	0.87255			6
2025.12.26	01:13:21.908	0.87178	0.87258			6
2025.12.26	01:13:23.636	0.87181	0.87255			6
2025.12.26	01:13:27.519	0.87174	0.87253			6
2025.12.26	01:13:29.053	0.87181	0.87255			6
2025.12.26	01:13:33.609	0.87190	0.87258			6
2025.12.26	01:13:33.958	0.87203	0.87257			6
2025.12.26	01:13:34.710	0.87192				2
2025.12.26	01:13:35.592	0.87191	0.87259			6
2025.12.26	01:13:36.052	0.87190				2
2025.12.26	01:13:37.695	0.87191				2
2025.12.26	01:13:39.336	0.87183	0.87257			6
2025.12.26	01:13:39.695	0.87211	0.87267			6
2025.12.26	01:13:39.998	0.87201	0.87265			6
2025.12.26	01:13:40.308	0.87176	0.87264			6
2025.12.26	01:13:40.632	0.87185	0.87280			6
2025.12.26	01:13:40.938	0.87184	0.87267			6
2025.12.26	01:13:41.276	0.87186	0.87266			6
2025.12.26	01:13:43.208	0.87180	0.87268			6
2025.12.26	01:13:43.518	0.87178				2
2025.12.26	01:13:45.371	0.87179				2
2025.12.26	01:13:47.771	0.87178				2
2025.12.26	01:13:50.443	0.87176	0.87261			6
2025.12.26	01:13:51.200		0.87260			4
2025.12.26	01:13:51.532		0.87258			4
2025.12.26	01:13:52.218		0.87260			4
2025.12.26	01:13:52.724		0.87258			4
2025.12.26	01:13:53.722		0.87259			4
2025.12.26	01:13:54.268		0.87260			4
2025.12.26	01:13:55.376	0.87149	0.87248			6
2025.12.26	01:13:55.680	0.87165	0.87249			6
2025.12.26	01:13:56.344		0.87251			4
2025.12.26	01:13:56.691	0.87206	0.87263			6
2025.12.26	01:13:56.998	0.87175	0.87253			6
2025.12.26	01:13:57.361	0.87169				2
2025.12.26	01:13:57.771	0.87173	0.87254			6
2025.12.26	01:14:00.002	0.87173				2
2025.12.26	01:14:03.308	0.87172				2
2025.12.26	01:14:05.128	0.87169	0.87253			6
2025.12.26	01:14:05.642	0.87172	0.87254			6
2025.12.26	01:14:06.153		0.87255			4
2025.12.26	01:14:10.535		0.87253			4
2025.12.26	01:14:12.010		0.87252			4
2025.12.26	01:14:12.793	0.87174	0.87253			6
2025.12.26	01:14:13.131	0.87173	0.87254			6
2025.12.26	01:14:14.899		0.87255			4
2025.12.26	01:14:16.939	0.87175	0.87253			6
2025.12.26	01:14:17.302	0.87188	0.87262			6
2025.12.26	01:14:18.153	0.87190				2
2025.12.26	01:14:21.313	0.87189	0.87263			6
2025.12.26	01:14:22.123	0.87187	0.87264			6
2025.12.26	01:14:24.862	0.87188				2
2025.12.26	01:14:28.207	0.87191	0.87259			6
2025.12.26	01:14:28.874		0.87260			4
2025.12.26	01:14:29.323	0.87199	0.87261			6
2025.12.26	01:14:36.632		0.87262			4
2025.12.26	01:14:37.061	0.87197	0.87263			6
2025.12.26	01:14:38.344	0.87200	0.87268			6
2025.12.26	01:14:38.649	0.87193	0.87264			6
2025.12.26	01:14:39.123	0.87195				2
2025.12.26	01:14:39.682	0.87196	0.87265			6
2025.12.26	01:14:41.825	0.87211				2
2025.12.26	01:14:42.188	0.87198	0.87266			6
2025.12.26	01:14:42.909	0.87197	0.87267			6
2025.12.26	01:14:45.609		0.87266			4
2025.12.26	01:14:50.395	0.87195	0.87267			6
2025.12.26	01:14:50.729		0.87265			4
2025.12.26	01:14:51.747		0.87268			4
2025.12.26	01:14:54.307		0.87267			4
2025.12.26	01:14:56.511	0.87194	0.87266			6
2025.12.26	01:15:00.055	0.87193				2
2025.12.26	01:15:00.398	0.87192	0.87268			6
2025.12.26	01:15:00.879	0.87190				2
2025.12.26	01:15:01.214		0.87269			4
2025.12.26	01:15:01.566	0.87189	0.87273			6
2025.12.26	01:15:01.908	0.87190	0.87270			6
2025.12.26	01:15:02.282	0.87189				2
2025.12.26	01:15:02.677		0.87272			4
2025.12.26	01:15:03.005	0.87192	0.87270			6
2025.12.26	01:15:03.333	0.87189				2
2025.12.26	01:15:03.684		0.87269			4
2025.12.26	01:15:03.997	0.87213	0.87260			6
2025.12.26	01:15:04.299	0.87200	0.87271			6
2025.12.26	01:15:04.612	0.87209				2
2025.12.26	01:15:04.919	0.87212	0.87270			6
2025.12.26	01:15:05.224	0.87196				2
2025.12.26	01:15:05.554	0.87198				2
2025.12.26	01:15:05.881	0.87199	0.87264			6
2025.12.26	01:15:06.229	0.87197	0.87270			6
2025.12.26	01:15:06.543	0.87198				2
2025.12.26	01:15:06.890	0.87199	0.87264			6
2025.12.26	01:15:07.228	0.87206	0.87261			6
2025.12.26	01:15:07.546	0.87196	0.87270			6
2025.12.26	01:15:07.848	0.87205	0.87272			6
2025.12.26	01:15:08.157		0.87271			4
2025.12.26	01:15:08.779	0.87209	0.87267			6
2025.12.26	01:15:09.109	0.87206	0.87269			6
2025.12.26	01:15:09.728	0.87213	0.87265			6
2025.12.26	01:15:10.089	0.87208	0.87266			6
2025.12.26	01:15:10.397	0.87215	0.87265			6
2025.12.26	01:15:10.699	0.87209	0.87267			6
2025.12.26	01:15:11.199	0.87211	0.87264			6
2025.12.26	01:15:11.515	0.87210				2
2025.12.26	01:15:11.818	0.87225	0.87258			6
2025.12.26	01:15:12.162	0.87227	0.87262			6
2025.12.26	01:15:12.478	0.87226	0.87263			6
2025.12.26	01:15:12.823	0.87219	0.87270			6
2025.12.26	01:15:13.160	0.87220	0.87269			6
2025.12.26	01:15:13.463	0.87209	0.87261			6
2025.12.26	01:15:13.783	0.87206	0.87263			6
2025.12.26	01:15:14.099	0.87221	0.87266			6
2025.12.26	01:15:14.401	0.87229	0.87258			6
2025.12.26	01:15:14.719	0.87233	0.87269			6
2025.12.26	01:15:15.039	0.87229	0.87260			6
2025.12.26	01:15:15.365		0.87267			4
2025.12.26	01:15:15.677	0.87230	0.87259			6
2025.12.26	01:15:15.999	0.87232	0.87260			6
2025.12.26	01:15:16.372	0.87231	0.87259			6
2025.12.26	01:15:16.680	0.87236	0.87265			6
2025.12.26	01:15:17.036	0.87230				2
2025.12.26	01:15:17.343	0.87237	0.87259			6
2025.12.26	01:15:17.966		0.87264			4
2025.12.26	01:15:18.316	0.87240	0.87267			6
2025.12.26	01:15:18.618	0.87236	0.87259			6
2025.12.26	01:15:18.936	0.87232	0.87265			6
2025.12.26	01:15:19.747	0.87235				2
2025.12.26	01:15:20.067	0.87236	0.87264			6
2025.12.26	01:15:20.901	0.87225				2
2025.12.26	01:15:21.267	0.87224	0.87263			6
2025.12.26	01:15:21.589	0.87223	0.87261			6
2025.12.26	01:15:21.901	0.87216	0.87264			6
2025.12.26	01:15:22.210	0.87215	0.87263			6
2025.12.26	01:15:22.917	0.87221	0.87262			6
2025.12.26	01:15:23.224	0.87220	0.87260			6
2025.12.26	01:15:23.592	0.87219	0.87264			6
2025.12.26	01:15:24.258	0.87223	0.87262			6
2025.12.26	01:15:24.601	0.87220	0.87263			6
2025.12.26	01:15:24.963	0.87216				2
2025.12.26	01:15:25.291	0.87217	0.87258			6
2025.12.26	01:15:25.620	0.87210	0.87263			6
2025.12.26	01:15:25.939	0.87216				2
2025.12.26	01:15:26.308	0.87215	0.87262			6
2025.12.26	01:15:26.619	0.87214	0.87263			6
2025.12.26	01:15:26.969	0.87215				2
2025.12.26	01:15:27.370		0.87261			4
2025.12.26	01:15:27.693		0.87263			4
2025.12.26	01:15:28.665	0.87213	0.87262			6
2025.12.26	01:15:29.230		0.87263			4
2025.12.26	01:15:29.540	0.87216	0.87261			6
2025.12.26	01:15:29.861	0.87215	0.87263			6
2025.12.26	01:15:30.502	0.87217				2
2025.12.26	01:15:31.538	0.87218	0.87262			6
2025.12.26	01:15:32.590	0.87219	0.87261			6
2025.12.26	01:15:33.940	0.87220	0.87256			6
2025.12.26	01:15:34.260	0.87224	0.87258			6
2025.12.26	01:15:35.249	0.87223				2
2025.12.26	01:15:35.564		0.87259			4
2025.12.26	01:15:36.035	0.87224	0.87257			6
2025.12.26	01:15:36.975	0.87226	0.87256			6
2025.12.26	01:15:37.283	0.87221	0.87257			6
2025.12.26	01:15:37.599	0.87223	0.87259			6
2025.12.26	01:15:37.915	0.87215				2
2025.12.26	01:15:38.230	0.87218	0.87260			6
2025.12.26	01:15:38.535	0.87219	0.87259			6
2025.12.26	01:15:38.867	0.87232	0.87258			6
2025.12.26	01:15:39.179	0.87231				2
2025.12.26	01:15:39.519	0.87223				2
2025.12.26	01:15:40.156	0.87224				2
2025.12.26	01:15:41.012	0.87226	0.87259			6
2025.12.26	01:15:41.393	0.87218	0.87258			6
2025.12.26	01:15:41.811	0.87224				2
2025.12.26	01:15:42.201	0.87225				2
2025.12.26	01:15:43.589		0.87257			4
2025.12.26	01:15:43.900	0.87228				2
2025.12.26	01:15:44.206	0.87227	0.87258			6
2025.12.26	01:15:44.525		0.87257			4
2025.12.26	01:15:45.175	0.87228				2
2025.12.26	01:15:46.145	0.87229				2
2025.12.26	01:15:46.475		0.87256			4
2025.12.26	01:15:46.777	0.87233	0.87257			6
2025.12.26	01:15:47.205	0.87231	0.87256			6
2025.12.26	01:15:48.177		0.87257			4
2025.12.26	01:15:48.480	0.87230				2
2025.12.26	01:15:48.783	0.87228	0.87258			6
2025.12.26	01:15:49.153	0.87231	0.87256			6
2025.12.26	01:15:49.489	0.87230	0.87258			6
2025.12.26	01:15:49.799	0.87234				2
2025.12.26	01:15:50.109	0.87225	0.87255			6
2025.12.26	01:15:50.420		0.87257			4
2025.12.26	01:15:50.723		0.87258			4
2025.12.26	01:15:51.050	0.87226	0.87257			6
2025.12.26	01:15:51.360	0.87227	0.87256			6
2025.12.26	01:15:51.681	0.87233	0.87257			6
2025.12.26	01:15:52.007		0.87255			4
2025.12.26	01:15:52.317	0.87235				2
2025.12.26	01:15:52.634	0.87233				2
2025.12.26	01:15:52.947	0.87230	0.87256			6
2025.12.26	01:15:53.263	0.87233				2
2025.12.26	01:15:53.633	0.87232				2
2025.12.26	01:15:53.936	0.87231	0.87258			6
2025.12.26	01:15:54.267	0.87233	0.87255			6
2025.12.26	01:15:54.640	0.87234	0.87254			6
2025.12.26	01:15:54.942	0.87231	0.87257			6
2025.12.26	01:15:55.283	0.87233	0.87255			6
2025.12.26	01:15:55.607	0.87232	0.87254			6
2025.12.26	01:15:55.969	0.87230	0.87257			6
2025.12.26	01:15:56.319	0.87232	0.87253			6
2025.12.26	01:15:56.655	0.87231	0.87255			6
2025.12.26	01:15:56.970	0.87233	0.87254			6
2025.12.26	01:15:57.297	0.87234	0.87252			6
2025.12.26	01:15:57.652	0.87232	0.87254			6
2025.12.26	01:15:58.350	0.87234	0.87253			6
2025.12.26	01:15:58.687	0.87232	0.87254			6
2025.12.26	01:15:59.427	0.87233				2
2025.12.26	01:15:59.738	0.87232				2
2025.12.26	01:16:00.057	0.87232				2
2025.12.26	01:16:00.464	0.87235	0.87264			6
2025.12.26	01:16:00.779	0.87237	0.87260			6
2025.12.26	01:16:01.093	0.87230	0.87256			6
2025.12.26	01:16:01.404	0.87235				2
2025.12.26	01:16:01.718	0.87221				2
2025.12.26	01:16:02.042		0.87257			4
2025.12.26	01:16:02.708	0.87240	0.87262			6
2025.12.26	01:16:03.047	0.87241	0.87261			6
2025.12.26	01:16:03.360		0.87259			4
2025.12.26	01:16:03.678	0.87240	0.87279			6
2025.12.26	01:16:04.663	0.87241				2
2025.12.26	01:16:05.107	0.87240	0.87270			6
2025.12.26	01:16:05.409		0.87273			4
2025.12.26	01:16:05.718		0.87279			4
2025.12.26	01:16:06.333		0.87267			4
2025.12.26	01:16:06.648		0.87265			4
2025.12.26	01:16:06.959	0.87238	0.87256			6
2025.12.26	01:16:07.349	0.87240	0.87260			6
2025.12.26	01:16:07.667		0.87265			4
2025.12.26	01:16:08.323		0.87277			4
2025.12.26	01:16:09.090		0.87276			4
2025.12.26	01:16:09.399		0.87264			4
2025.12.26	01:16:09.755		0.87277			4
2025.12.26	01:16:10.319		0.87273			4
2025.12.26	01:16:10.663		0.87262			4
2025.12.26	01:16:11.007		0.87270			4
2025.12.26	01:16:11.363	0.87239	0.87267			6
2025.12.26	01:16:11.800	0.87237	0.87266			6
2025.12.26	01:16:12.123	0.87238	0.87264			6
2025.12.26	01:16:12.575		0.87263			4
2025.12.26	01:16:12.927	0.87240	0.87261			6
2025.12.26	01:16:13.291	0.87227	0.87253			6
2025.12.26	01:16:13.768	0.87217	0.87254			6
2025.12.26	01:16:14.093	0.87219	0.87253			6
2025.12.26	01:16:14.407	0.87218				2
2025.12.26	01:16:14.970	0.87216	0.87255			6
2025.12.26	01:16:15.323	0.87227	0.87253			6
2025.12.26	01:16:16.807	0.87225	0.87256			6
2025.12.26	01:16:17.137	0.87215	0.87255			6
2025.12.26	01:16:17.439	0.87236	0.87259			6
2025.12.26	01:16:17.743	0.87234	0.87266			6
2025.12.26	01:16:18.059	0.87213	0.87250			6
2025.12.26	01:16:18.367	0.87184	0.87240			6
2025.12.26	01:16:18.679	0.87232	0.87250			6
2025.12.26	01:16:18.988	0.87198	0.87242			6
2025.12.26	01:16:19.300	0.87216	0.87241			6
2025.12.26	01:16:19.620	0.87213	0.87243			6
2025.12.26	01:16:19.996	0.87222				2
2025.12.26	01:16:20.308	0.87210	0.87246			6
2025.12.26	01:16:20.623	0.87215				2
2025.12.26	01:16:20.993	0.87224	0.87248			6
2025.12.26	01:16:21.304	0.87228	0.87246			6
2025.12.26	01:16:21.618		0.87248			4
2025.12.26	01:16:23.013	0.87198				2
2025.12.26	01:16:23.405	0.87199				2
2025.12.26	01:16:24.343	0.87208	0.87246			6
2025.12.26	01:16:24.670	0.87210	0.87248			6
2025.12.26	01:16:25.409	0.87212	0.87246			6
2025.12.26	01:16:25.714	0.87206				2
2025.12.26	01:16:26.040	0.87202	0.87248			6
2025.12.26	01:16:26.358	0.87232	0.87255			6
2025.12.26	01:16:26.662	0.87205	0.87240			6
2025.12.26	01:16:26.979	0.87233	0.87247			6
2025.12.26	01:16:27.289	0.87212	0.87248			6
2025.12.26	01:16:27.591	0.87202	0.87247			6
2025.12.26	01:16:28.429	0.87211				2
2025.12.26	01:16:28.754	0.87202				2
2025.12.26	01:16:29.476	0.87204				2
2025.12.26	01:16:29.799	0.87202				2
2025.12.26	01:16:30.100	0.87204	0.87248			6
2025.12.26	01:16:30.414	0.87211	0.87249			6
2025.12.26	01:16:30.738	0.87202				2
2025.12.26	01:16:31.051	0.87203	0.87248			6
2025.12.26	01:16:31.364	0.87211	0.87251			6
2025.12.26	01:16:31.709	0.87202	0.87249			6
2025.12.26	01:16:32.108		0.87248			4
2025.12.26	01:16:32.513	0.87207				2
2025.12.26	01:16:32.819	0.87201	0.87247			6
2025.12.26	01:16:33.121	0.87198	0.87242			6
2025.12.26	01:16:33.424	0.87211	0.87246			6
2025.12.26	01:16:33.738	0.87209	0.87251			6
2025.12.26	01:16:34.044	0.87211	0.87247			6
2025.12.26	01:16:34.351	0.87217				2
2025.12.26	01:16:34.659	0.87219	0.87252			6
2025.12.26	01:16:34.973	0.87220				2
2025.12.26	01:16:35.297	0.87226	0.87251			6
2025.12.26	01:16:35.645	0.87230				2
2025.12.26	01:16:35.952	0.87216	0.87246			6
2025.12.26	01:16:36.257		0.87252			4
2025.12.26	01:16:36.579	0.87219	0.87253			6
2025.12.26	01:16:36.898	0.87239	0.87251			6
2025.12.26	01:16:37.217	0.87240	0.87260			6
2025.12.26	01:16:37.523	0.87215	0.87247			6
2025.12.26	01:16:37.837	0.87218	0.87246			6
2025.12.26	01:16:38.285	0.87217				2
2025.12.26	01:16:38.671	0.87216	0.87248			6
2025.12.26	01:16:38.973		0.87251			4
2025.12.26	01:16:39.598	0.87218	0.87250			6
2025.12.26	01:16:39.920	0.87221	0.87251			6
2025.12.26	01:16:40.368	0.87220	0.87252			6
2025.12.26	01:16:41.044	0.87222	0.87253			6
2025.12.26	01:16:41.359	0.87224				2
2025.12.26	01:16:42.008	0.87223	0.87254			6
2025.12.26	01:16:42.339	0.87224	0.87253			6
2025.12.26	01:16:42.743	0.87222	0.87254			6
2025.12.26	01:16:43.069	0.87223	0.87252			6
2025.12.26	01:16:43.399	0.87224				2
2025.12.26	01:16:43.726	0.87223	0.87253			6
2025.12.26	01:16:44.033	0.87222				2
2025.12.26	01:16:44.409	0.87223	0.87252			6
2025.12.26	01:16:45.979	0.87222	0.87254			6
2025.12.26	01:16:46.281	0.87223	0.87252			6
2025.12.26	01:16:47.963	0.87222	0.87253			6
2025.12.26	01:16:48.369	0.87223				2
2025.12.26	01:16:49.065	0.87224	0.87252			6
2025.12.26	01:16:50.089	0.87215				2
2025.12.26	01:16:50.548	0.87218				2
2025.12.26	01:16:50.886	0.87207	0.87253			6
2025.12.26	01:16:51.218	0.87213	0.87248			6
2025.12.26	01:16:51.563	0.87222	0.87252			6
2025.12.26	01:16:52.208	0.87220	0.87253			6
2025.12.26	01:16:52.633	0.87226	0.87252			6
2025.12.26	01:16:52.936	0.87218				2
2025.12.26	01:16:53.705	0.87220				2
2025.12.26	01:16:54.048	0.87217	0.87253			6
2025.12.26	01:16:54.363	0.87219	0.87252			6
2025.12.26	01:16:55.117	0.87217	0.87253			6
2025.12.26	01:16:55.492	0.87218	0.87252			6
2025.12.26	01:16:56.616	0.87219				2
2025.12.26	01:16:57.265	0.87220	0.87253			6
2025.12.26	01:16:57.600	0.87221				2
2025.12.26	01:16:57.960	0.87227	0.87252			6
2025.12.26	01:16:58.272	0.87230				2
2025.12.26	01:16:58.587	0.87221				2
2025.12.26	01:16:59.097	0.87222				2
2025.12.26	01:17:00.142	0.87219	0.87253			6
2025.12.26	01:17:00.452	0.87217				2
2025.12.26	01:17:00.803	0.87218				2
2025.12.26	01:17:01.118	0.87215	0.87252			6
2025.12.26	01:17:01.452	0.87226				2
2025.12.26	01:17:02.101		0.87253			4
2025.12.26	01:17:02.544	0.87232	0.87249			6
2025.12.26	01:17:02.860	0.87224	0.87253			6
2025.12.26	01:17:03.170	0.87226	0.87252			6
2025.12.26	01:17:03.480	0.87227				2
2025.12.26	01:17:03.847	0.87226	0.87253			6
2025.12.26	01:17:04.198	0.87227	0.87252			6
2025.12.26	01:17:04.845	0.87230				2
2025.12.26	01:17:05.159	0.87231	0.87253			6
2025.12.26	01:17:05.817	0.87232	0.87252			6
2025.12.26	01:17:06.185	0.87230	0.87253			6
2025.12.26	01:17:06.511	0.87228	0.87256			6
2025.12.26	01:17:08.838	0.87232				2
2025.12.26	01:17:09.153	0.87233				2
2025.12.26	01:17:09.471	0.87232				2
2025.12.26	01:17:09.781	0.87233				2
2025.12.26	01:17:10.474	0.87232				2
2025.12.26	01:17:11.119		0.87257			4
2025.12.26	01:17:11.458	0.87223	0.87259			6
2025.12.26	01:17:11.761	0.87227	0.87254			6
2025.12.26	01:17:12.534	0.87223	0.87259			6
2025.12.26	01:17:12.841	0.87228				2
2025.12.26	01:17:13.180	0.87212	0.87257			6
2025.12.26	01:17:13.486	0.87219	0.87255			6
2025.12.26	01:17:13.814	0.87217	0.87249			6
2025.12.26	01:17:14.149	0.87220	0.87252			6
2025.12.26	01:17:14.458	0.87219				2
2025.12.26	01:17:14.775	0.87221	0.87254			6
2025.12.26	01:17:15.078	0.87223	0.87252			6
2025.12.26	01:17:15.387		0.87253			4
2025.12.26	01:17:15.700	0.87222	0.87254			6
2025.12.26	01:17:16.008	0.87221	0.87255			6
2025.12.26	01:17:16.329	0.87220	0.87253			6
2025.12.26	01:17:16.661	0.87219	0.87251			6
2025.12.26	01:17:17.279		0.87256			4
2025.12.26	01:17:17.591	0.87211	0.87255			6
2025.12.26	01:17:17.899	0.87215	0.87251			6
2025.12.26	01:17:18.250	0.87214	0.87252			6
2025.12.26	01:17:18.558	0.87219	0.87253			6
2025.12.26	01:17:18.890		0.87252			4
2025.12.26	01:17:19.205	0.87218				2
2025.12.26	01:17:19.538	0.87213				2
2025.12.26	01:17:19.859	0.87219	0.87251			6
2025.12.26	01:17:20.198		0.87252			4
2025.12.26	01:17:20.502	0.87225	0.87249			6
2025.12.26	01:17:20.809	0.87224				2
2025.12.26	01:17:21.119	0.87223	0.87251			6
2025.12.26	01:17:21.463	0.87227	0.87253			6
2025.12.26	01:17:21.778	0.87200	0.87226			6
2025.12.26	01:17:22.083	0.87187	0.87242			6
2025.12.26	01:17:22.399	0.87192	0.87241			6
2025.12.26	01:17:22.712	0.87210				2
2025.12.26	01:17:23.039		0.87251			4
2025.12.26	01:17:23.395	0.87211	0.87247			6
2025.12.26	01:17:23.703	0.87206	0.87244			6
2025.12.26	01:17:24.045	0.87210	0.87254			6
2025.12.26	01:17:24.350		0.87250			4
2025.12.26	01:17:24.810	0.87217	0.87251			6
2025.12.26	01:17:25.120	0.87204	0.87245			6
2025.12.26	01:17:25.423	0.87211				2
2025.12.26	01:17:25.791		0.87246			4
2025.12.26	01:17:26.110	0.87212	0.87250			6
2025.12.26	01:17:26.415	0.87213	0.87247			6
2025.12.26	01:17:26.781	0.87214	0.87244			6
2025.12.26	01:17:27.099	0.87203	0.87243			6
2025.12.26	01:17:27.414	0.87208	0.87239			6
2025.12.26	01:17:27.721	0.87205	0.87240			6
2025.12.26	01:17:28.081	0.87211	0.87246			6
2025.12.26	01:17:28.388	0.87203	0.87245			6
2025.12.26	01:17:28.727	0.87214	0.87246			6
2025.12.26	01:17:29.031	0.87203	0.87245			6
2025.12.26	01:17:29.368	0.87214	0.87244			6
2025.12.26	01:17:29.677	0.87203				2
2025.12.26	01:17:30.000		0.87245			4
2025.12.26	01:17:30.303	0.87213	0.87244			6
2025.12.26	01:17:30.663	0.87214				2
2025.12.26	01:17:31.080	0.87212				2
2025.12.26	01:17:31.744	0.87209	0.87245			6
2025.12.26	01:17:32.115	0.87208				2
2025.12.26	01:17:32.478	0.87210	0.87244			6
2025.12.26	01:17:34.377	0.87211				2
2025.12.26	01:17:34.680	0.87213	0.87245			6
2025.12.26	01:17:35.046	0.87214				2
2025.12.26	01:17:35.774	0.87213				2
2025.12.26	01:17:36.471	0.87209				2
2025.12.26	01:17:36.791	0.87213				2
2025.12.26	01:17:37.128	0.87215				2
2025.12.26	01:17:37.447	0.87213	0.87246			6
2025.12.26	01:17:37.780	0.87211				2
2025.12.26	01:17:38.082	0.87220				2
2025.12.26	01:17:45.218	0.87222				2
2025.12.26	01:17:45.839	0.87228				2
2025.12.26	01:17:46.165	0.87224	0.87248			6
2025.12.26	01:17:46.843	0.87226	0.87246			6
2025.12.26	01:17:47.150	0.87224	0.87248			6
2025.12.26	01:17:47.851	0.87220	0.87246			6
2025.12.26	01:17:48.180	0.87218	0.87248			6
2025.12.26	01:17:48.537	0.87220	0.87246			6
2025.12.26	01:17:48.876	0.87218	0.87248			6
2025.12.26	01:17:49.277	0.87219	0.87247			6
2025.12.26	01:17:49.608	0.87221	0.87246			6
2025.12.26	01:17:49.919	0.87220				2
2025.12.26	01:17:50.306	0.87219	0.87248			6
2025.12.26	01:17:51.054	0.87220	0.87246			6
2025.12.26	01:17:51.473	0.87218	0.87248			6
2025.12.26	01:17:51.960	0.87219	0.87247			6
2025.12.26	01:17:52.326	0.87220				2
2025.12.26	01:17:52.651	0.87219	0.87248			6
2025.12.26	01:17:53.090	0.87220	0.87247			6
2025.12.26	01:17:53.398	0.87219	0.87248			6
2025.12.26	01:17:55.084	0.87220	0.87246			6
2025.12.26	01:17:55.394	0.87218	0.87248			6
2025.12.26	01:17:56.657	0.87220	0.87246			6
2025.12.26	01:17:57.042	0.87219	0.87247			6
2025.12.26	01:17:57.450	0.87218	0.87248			6
2025.12.26	01:17:59.357	0.87212				2
2025.12.26	01:17:59.692	0.87214	0.87246			6
2025.12.26	01:18:00.014	0.87212	0.87248			6
2025.12.26	01:18:00.319	0.87218				2
2025.12.26	01:18:01.353	0.87219	0.87247			6
2025.12.26	01:18:01.657	0.87218	0.87248			6
2025.12.26	01:18:02.356	0.87221	0.87247			6
2025.12.26	01:18:02.658	0.87219	0.87244			6
2025.12.26	01:18:02.967	0.87218	0.87245			6
2025.12.26	01:18:03.485	0.87219	0.87244			6
2025.12.26	01:18:03.859	0.87218	0.87245			6
2025.12.26	01:18:04.344	0.87219	0.87243			6
2025.12.26	01:18:04.681	0.87218	0.87245			6
2025.12.26	01:18:05.008	0.87226	0.87243			6
2025.12.26	01:18:05.398	0.87230	0.87248			6
2025.12.26	01:18:05.712	0.87228	0.87246			6
2025.12.26	01:18:06.025	0.87232	0.87245			6
2025.12.26	01:18:06.661	0.87226	0.87248			6
2025.12.26	01:18:06.987	0.87228	0.87246			6
2025.12.26	01:18:07.370	0.87227	0.87242			6
2025.12.26	01:18:07.707	0.87226	0.87246			6
2025.12.26	01:18:08.011	0.87228	0.87245			6
2025.12.26	01:18:08.553	0.87230	0.87243			6
2025.12.26	01:18:08.868	0.87231				2
2025.12.26	01:18:09.567	0.87229	0.87242			6
2025.12.26	01:18:09.879	0.87234	0.87247			6
2025.12.26	01:18:10.642	0.87231	0.87242			6
2025.12.26	01:18:10.953	0.87230	0.87243			6
2025.12.26	01:18:11.275	0.87223				2
2025.12.26	01:18:11.659	0.87217	0.87245			6
2025.12.26	01:18:11.985	0.87223	0.87244			6
2025.12.26	01:18:12.290	0.87222	0.87247			6
2025.12.26	01:18:12.600	0.87220				2
2025.12.26	01:18:12.942	0.87224	0.87244			6
2025.12.26	01:18:13.255	0.87222	0.87245			6
2025.12.26	01:18:13.874		0.87246			4
2025.12.26	01:18:14.233	0.87223	0.87245			6
2025.12.26	01:18:14.632	0.87221	0.87247			6
2025.12.26	01:18:15.038	0.87225	0.87243			6
2025.12.26	01:18:15.343	0.87223	0.87245			6
2025.12.26	01:18:15.684	0.87221	0.87246			6
2025.12.26	01:18:15.990	0.87222	0.87245			6
2025.12.26	01:18:16.719	0.87221	0.87246			6
2025.12.26	01:18:17.110	0.87229	0.87247			6
2025.12.26	01:18:17.419	0.87240	0.87250			6
2025.12.26	01:18:17.737	0.87241	0.87253			6
2025.12.26	01:18:18.376		0.87254			4
2025.12.26	01:18:19.414		0.87251			4
2025.12.26	01:18:19.718	0.87237	0.87250			6
2025.12.26	01:18:20.049		0.87251			4
2025.12.26	01:18:20.427	0.87238	0.87250			6
2025.12.26	01:18:20.729		0.87251			4
2025.12.26	01:18:21.400	0.87240	0.87250			6
2025.12.26	01:18:21.710	0.87239	0.87251			6
2025.12.26	01:18:22.521	0.87240	0.87250			6
2025.12.26	01:18:22.839	0.87236				2
2025.12.26	01:18:23.141	0.87237				2
2025.12.26	01:18:24.331	0.87238	0.87249			6
2025.12.26	01:18:24.752	0.87237	0.87250			6
2025.12.26	01:18:25.661	0.87218				2
2025.12.26	01:18:25.998	0.87220	0.87249			6
2025.12.26	01:18:26.385	0.87219				2
2025.12.26	01:18:26.719	0.87217				2
2025.12.26	01:18:27.049	0.87220				2
2025.12.26	01:18:27.714	0.87215	0.87251			6
2025.12.26	01:18:28.070	0.87211	0.87253			6
2025.12.26	01:18:28.377		0.87254			4
2025.12.26	01:18:28.948	0.87217	0.87252			6
2025.12.26	01:18:29.293	0.87222	0.87245			6
2025.12.26	01:18:29.704	0.87221				2
2025.12.26	01:18:30.133	0.87220	0.87247			6
2025.12.26	01:18:30.437	0.87219	0.87245			6
2025.12.26	01:18:30.956	0.87217	0.87248			6
2025.12.26	01:18:31.355	0.87220	0.87245			6
2025.12.26	01:18:31.807	0.87219				2
2025.12.26	01:18:32.116		0.87247			4
2025.12.26	01:18:32.461		0.87246			4
2025.12.26	01:18:33.270	0.87215	0.87250			6
2025.12.26	01:18:33.593	0.87217	0.87247			6
2025.12.26	01:18:33.900	0.87215				2
2025.12.26	01:18:34.718	0.87214	0.87249			6
2025.12.26	01:18:35.093	0.87215	0.87248			6
2025.12.26	01:18:35.448	0.87211	0.87247			6
2025.12.26	01:18:36.221	0.87215	0.87248			6
2025.12.26	01:18:36.544	0.87212	0.87247			6
2025.12.26	01:18:36.847	0.87216				2
2025.12.26	01:18:37.153	0.87215	0.87248			6
2025.12.26	01:18:37.476		0.87247			4
2025.12.26	01:18:37.892		0.87248			4
2025.12.26	01:18:38.567		0.87247			4
2025.12.26	01:18:39.220	0.87216				2
2025.12.26	01:18:39.522	0.87215	0.87248			6
2025.12.26	01:18:39.848		0.87247			4
2025.12.26	01:18:40.522	0.87214	0.87249			6
2025.12.26	01:18:40.882	0.87216	0.87248			6
2025.12.26	01:18:41.233	0.87217	0.87247			6
2025.12.26	01:18:41.538	0.87216	0.87248			6
2025.12.26	01:18:41.844	0.87217	0.87247			6
2025.12.26	01:18:42.167	0.87216	0.87248			6
2025.12.26	01:18:42.618	0.87217				2
2025.12.26	01:18:42.939	0.87216	0.87247			6
2025.12.26	01:18:43.282	0.87214	0.87249			6
2025.12.26	01:18:43.627		0.87248			4
2025.12.26	01:18:43.932	0.87223				2
2025.12.26	01:18:44.305	0.87221	0.87249			6
2025.12.26	01:18:44.920	0.87226	0.87246			6
2025.12.26	01:18:45.238	0.87220	0.87249			6
2025.12.26	01:18:45.727	0.87221	0.87248			6
2025.12.26	01:18:46.116	0.87219	0.87250			6
2025.12.26	01:18:46.787	0.87221	0.87248			6
2025.12.26	01:18:47.130	0.87216	0.87249			6
2025.12.26	01:18:47.455	0.87214				2
2025.12.26	01:18:47.779	0.87238	0.87254			6
2025.12.26	01:18:48.123		0.87255			4
2025.12.26	01:18:48.431	0.87237	0.87253			6
2025.12.26	01:18:48.802	0.87239	0.87250			6
2025.12.26	01:18:49.766		0.87251			4
2025.12.26	01:18:50.091		0.87250			4
2025.12.26	01:18:50.407	0.87240				2
2025.12.26	01:18:50.726	0.87239				2
2025.12.26	01:18:51.045	0.87237	0.87252			6
2025.12.26	01:18:51.427	0.87239	0.87250			6
2025.12.26	01:18:51.738	0.87238	0.87251			6
2025.12.26	01:18:52.089	0.87239				2
2025.12.26	01:18:52.398	0.87237	0.87256			6
2025.12.26	01:18:52.715	0.87239	0.87254			6
2025.12.26	01:18:53.029	0.87240	0.87250			6
2025.12.26	01:18:53.337	0.87239				2
2025.12.26	01:18:53.690	0.87240				2
2025.12.26	01:18:53.999	0.87239	0.87251			6
2025.12.26	01:18:54.342	0.87238	0.87252			6
2025.12.26	01:18:54.649	0.87239	0.87251			6
2025.12.26	01:18:54.993	0.87240				2
2025.12.26	01:18:55.299		0.87250			4
2025.12.26	01:18:55.731	0.87237	0.87252			6
2025.12.26	01:18:56.056	0.87239	0.87251			6
2025.12.26	01:18:56.891	0.87240	0.87250			6
2025.12.26	01:18:57.726	0.87238	0.87252			6
2025.12.26	01:18:58.032	0.87240	0.87250			6
2025.12.26	01:18:58.351	0.87220	0.87249			6
2025.12.26	01:18:58.659	0.87219	0.87250			6
2025.12.26	01:18:58.979	0.87216	0.87246			6
2025.12.26	01:18:59.308	0.87213	0.87248			6
2025.12.26	01:18:59.653	0.87211				2
2025.12.26	01:19:00.023	0.87218	0.87249			6
2025.12.26	01:19:00.359	0.87220	0.87248			6
2025.12.26	01:19:00.697	0.87212	0.87249			6
2025.12.26	01:19:01.015		0.87247			4
2025.12.26	01:19:01.339	0.87210	0.87249			6
2025.12.26	01:19:01.668	0.87220	0.87248			6
2025.12.26	01:19:02.065	0.87216	0.87246			6
2025.12.26	01:19:02.424	0.87213	0.87248			6
2025.12.26	01:19:02.768	0.87217	0.87249			6
2025.12.26	01:19:03.156	0.87219	0.87247			6
2025.12.26	01:19:03.470	0.87217	0.87248			6
2025.12.26	01:19:04.347	0.87218	0.87247			6
2025.12.26	01:19:04.671		0.87248			4
2025.12.26	01:19:05.511	0.87216	0.87250			6
2025.12.26	01:19:05.900	0.87218	0.87248			6
2025.12.26	01:19:06.285	0.87219	0.87247			6
2025.12.26	01:19:06.598	0.87217	0.87249			6
2025.12.26	01:19:07.017	0.87221	0.87248			6
2025.12.26	01:19:07.325	0.87220	0.87246			6
2025.12.26	01:19:07.711	0.87217	0.87249			6
2025.12.26	01:19:08.063	0.87218	0.87248			6
2025.12.26	01:19:08.463	0.87217				2
2025.12.26	01:19:08.779		0.87249			4
2025.12.26	01:19:09.105	0.87218	0.87248			6
2025.12.26	01:19:09.499	0.87217	0.87249			6
2025.12.26	01:19:09.830		0.87248			4
