<DATE>	<TIME>	<BID>	<ASK>	<LAST>	<VOLUME>	<FLAGS>
2025.02.21	00:00:00.245	0.82846	0.82936			6
2025.02.21	00:00:01.158	0.82820	0.82949			6
2025.02.21	00:00:07.514	0.82787	0.82972			6
2025.02.21	00:00:30.847	0.82764	0.82923			6
2025.02.21	00:00:49.454	0.82776	0.82922			6
2025.02.21	00:01:01.216	0.82784				2
2025.02.21	00:01:09.755		0.82919			4
2025.02.21	00:01:15.105		0.82922			4
2025.02.21	00:01:30.240		0.82919			4
2025.02.21	00:01:35.826		0.82922			4
2025.02.21	00:01:44.450		0.82923			4
2025.02.21	00:01:51.232		0.82919			4
2025.02.21	00:01:56.306		0.82923			4
2025.02.21	00:02:05.685	0.82784				2
2025.02.21	00:02:11.477		0.82919			4
2025.02.21	00:02:17.292		0.82923			4
2025.02.21	00:02:34.104		0.82919			4
2025.02.21	00:02:39.928		0.82922			4
2025.02.21	00:02:56.357		0.82919			4
2025.02.21	00:03:01.641	0.82784	0.82922			6
2025.02.21	00:03:16.795		0.82919			4
2025.02.21	00:03:21.954		0.82922			4
2025.02.21	00:03:38.489		0.82919			4
2025.02.21	00:03:43.480		0.82922			4
2025.02.21	00:03:58.958		0.82919			4
2025.02.21	00:04:02.421	0.82784				2
2025.02.21	00:04:07.001	0.82794				2
2025.02.21	00:04:26.952	0.82784				2
2025.02.21	00:05:00.627	0.82799	0.82919			6
2025.02.21	00:05:01.162		0.82904			4
2025.02.21	00:05:06.059	0.82809				2
2025.02.21	00:05:06.361	0.82810				2
2025.02.21	00:05:09.535	0.82816				2
2025.02.21	00:05:10.930	0.82822				2
2025.02.21	00:05:12.356	0.82836				2
2025.02.21	00:05:12.758	0.82821				2
2025.02.21	00:05:15.059	0.82820				2
2025.02.21	00:05:16.560	0.82822				2
2025.02.21	00:05:17.950	0.82838				2
2025.02.21	00:05:21.556	0.82837				2
2025.02.21	00:05:24.547	0.82845				2
2025.02.21	00:05:25.502	0.82844				2
2025.02.21	00:05:26.962	0.82845				2
2025.02.21	00:05:31.796	0.82843				2
2025.02.21	00:05:32.415	0.82832				2
2025.02.21	00:05:33.129	0.82828				2
2025.02.21	00:05:35.388	0.82817				2
2025.02.21	00:05:36.175	0.82831				2
2025.02.21	00:05:38.444	0.82819				2
2025.02.21	00:05:39.307	0.82818				2
2025.02.21	00:05:40.159	0.82820				2
2025.02.21	00:05:43.737	0.82844				2
2025.02.21	00:05:44.902	0.82843				2
2025.02.21	00:05:45.707	0.82819				2
2025.02.21	00:05:46.096	0.82821				2
2025.02.21	00:05:50.406	0.82819				2
2025.02.21	00:05:51.037	0.82820				2
2025.02.21	00:05:52.222	0.82818				2
2025.02.21	00:05:55.551	0.82817				2
2025.02.21	00:05:58.101	0.82818				2
2025.02.21	00:05:58.811	0.82817				2
2025.02.21	00:05:59.270	0.82816				2
2025.02.21	00:06:00.575	0.82817				2
2025.02.21	00:06:00.980	0.82819				2
2025.02.21	00:06:01.786		0.82904			4
2025.02.21	00:06:04.529	0.82820				2
2025.02.21	00:06:04.942	0.82822				2
2025.02.21	00:06:05.431	0.82820				2
2025.02.21	00:06:05.951	0.82821				2
2025.02.21	00:06:06.260	0.82820				2
2025.02.21	00:06:13.141	0.82852	0.82911			6
2025.02.21	00:06:14.354	0.82847				2
2025.02.21	00:06:16.359	0.82851				2
2025.02.21	00:06:16.946	0.82849				2
2025.02.21	00:06:17.748	0.82820	0.82909			6
2025.02.21	00:06:21.249	0.82821				2
2025.02.21	00:06:22.476	0.82820				2
2025.02.21	00:06:24.357	0.82828				2
2025.02.21	00:06:30.373	0.82830				2
2025.02.21	00:06:32.179	0.82829				2
2025.02.21	00:06:36.088	0.82830				2
2025.02.21	00:06:37.173	0.82829				2
2025.02.21	00:06:40.348	0.82830				2
2025.02.21	00:06:42.887	0.82828				2
2025.02.21	00:06:45.947	0.82830				2
2025.02.21	00:06:48.177	0.82828				2
2025.02.21	00:06:51.093	0.82830				2
2025.02.21	00:06:53.272	0.82828				2
2025.02.21	00:06:56.357	0.82831				2
2025.02.21	00:06:56.942	0.82829				2
2025.02.21	00:07:00.428	0.82831				2
2025.02.21	00:07:01.207	0.82834	0.82906			6
2025.02.21	00:07:04.943	0.82833				2
2025.02.21	00:07:08.943	0.82834				2
2025.02.21	00:07:10.660	0.82833				2
2025.02.21	00:07:12.752		0.82907			4
2025.02.21	00:07:14.986	0.82834				2
2025.02.21	00:07:15.955	0.82833				2
2025.02.21	00:07:18.270	0.82830				2
2025.02.21	00:07:20.395	0.82832				2
2025.02.21	00:07:21.091	0.82830				2
2025.02.21	00:07:25.670	0.82832				2
2025.02.21	00:07:26.955	0.82830				2
2025.02.21	00:07:31.280	0.82832				2
2025.02.21	00:07:31.948	0.82830				2
2025.02.21	00:07:36.481	0.82832				2
2025.02.21	00:07:37.096	0.82830				2
2025.02.21	00:07:50.371	0.82831				2
2025.02.21	00:07:52.943	0.82832				2
2025.02.21	00:07:57.550	0.82826				2
2025.02.21	00:07:58.366	0.82819				2
2025.02.21	00:08:01.387	0.82819				2
2025.02.21	00:08:07.748	0.82820				2
2025.02.21	00:08:08.363	0.82825				2
2025.02.21	00:08:09.677	0.82827				2
2025.02.21	00:08:12.817		0.82907			4
2025.02.21	00:08:13.456	0.82826				2
2025.02.21	00:08:14.356	0.82827				2
2025.02.21	00:08:14.680	0.82828				2
2025.02.21	00:08:16.427	0.82827				2
2025.02.21	00:08:20.511	0.82828				2
2025.02.21	00:08:24.367	0.82829				2
2025.02.21	00:08:25.381	0.82828				2
2025.02.21	00:08:25.955	0.82829				2
2025.02.21	00:08:29.650	0.82828				2
2025.02.21	00:08:30.777	0.82829				2
2025.02.21	00:08:35.088	0.82828				2
2025.02.21	00:08:36.303	0.82829				2
2025.02.21	00:08:40.463	0.82828				2
2025.02.21	00:08:41.572	0.82829				2
2025.02.21	00:08:43.327	0.82832				2
2025.02.21	00:08:43.708	0.82834				2
2025.02.21	00:08:44.360	0.82829				2
2025.02.21	00:08:47.189	0.82827				2
2025.02.21	00:08:49.096	0.82829				2
2025.02.21	00:08:52.373	0.82827				2
2025.02.21	00:08:54.373	0.82831				2
2025.02.21	00:08:55.102	0.82832	0.82903			6
2025.02.21	00:08:58.217	0.82831				2
2025.02.21	00:09:00.108	0.82832				2
2025.02.21	00:09:00.438	0.82831				2
2025.02.21	00:09:03.781	0.82830				2
2025.02.21	00:09:05.097	0.82831				2
2025.02.21	00:09:09.477	0.82830				2
2025.02.21	00:09:10.089	0.82831				2
2025.02.21	00:09:11.432	0.82830				2
2025.02.21	00:09:11.955	0.82831				2
2025.02.21	00:09:14.428	0.82830				2
2025.02.21	00:09:15.820	0.82831				2
2025.02.21	00:09:16.357	0.82830				2
2025.02.21	00:09:26.363	0.82831				2
2025.02.21	00:09:35.173	0.82830				2
2025.02.21	00:09:40.054	0.82832				2
2025.02.21	00:09:43.606	0.82833				2
2025.02.21	00:09:50.222	0.82832				2
2025.02.21	00:09:54.995	0.82833				2
2025.02.21	00:09:57.756		0.82903			4
2025.02.21	00:09:59.498	0.82831				2
2025.02.21	00:10:00.363	0.82842				2
2025.02.21	00:10:11.628	0.82861	0.82929			6
2025.02.21	00:10:26.171	0.82857	0.82917			6
2025.02.21	00:10:26.472	0.82856	0.82916			6
2025.02.21	00:10:26.775	0.82853	0.82914			6
2025.02.21	00:10:27.080	0.82854				2
2025.02.21	00:10:28.289	0.82855	0.82924			6
2025.02.21	00:10:29.201		0.82922			4
2025.02.21	00:10:29.502		0.82920			4
2025.02.21	00:10:30.410	0.82856	0.82924			6
2025.02.21	00:10:31.016	0.82855	0.82920			6
2025.02.21	00:10:32.528	0.82856	0.82922			6
2025.02.21	00:10:37.975		0.82920			4
2025.02.21	00:10:42.210		0.82922			4
2025.02.21	00:10:45.839		0.82919			4
2025.02.21	00:10:51.891	0.82857	0.82923			6
2025.02.21	00:11:00.071	0.82857				2
2025.02.21	00:11:00.976	0.82838	0.82903			6
2025.02.21	00:11:05.128	0.82857	0.82923			6
2025.02.21	00:11:06.071	0.82838	0.82903			6
2025.02.21	00:11:10.053	0.82857	0.82925			6
2025.02.21	00:11:10.966	0.82838	0.82903			6
2025.02.21	00:11:28.352	0.82837				2
2025.02.21	00:11:32.791	0.82838				2
2025.02.21	00:11:55.718	0.82839				2
2025.02.21	00:12:01.561	0.82839				2
2025.02.21	00:12:21.788		0.82903			4
2025.02.21	00:12:35.203	0.82840				2
2025.02.21	00:13:01.560	0.82840				2
2025.02.21	00:13:07.455	0.82839				2
2025.02.21	00:13:08.648	0.82836				2
2025.02.21	00:13:15.990	0.82835				2
2025.02.21	00:13:25.565		0.82903			4
2025.02.21	00:13:28.414	0.82838				2
2025.02.21	00:13:32.699	0.82835				2
2025.02.21	00:13:35.788	0.82834				2
2025.02.21	00:13:45.788	0.82832				2
2025.02.21	00:13:50.772	0.82831				2
2025.02.21	00:13:53.178	0.82832				2
2025.02.21	00:14:02.728	0.82835				2
2025.02.21	00:14:03.068	0.82833				2
2025.02.21	00:14:05.431	0.82834				2
2025.02.21	00:14:27.780	0.82835	0.82903			6
2025.02.21	00:14:28.141	0.82834				2
2025.02.21	00:14:38.000	0.82833				2
2025.02.21	00:14:41.480	0.82837				2
2025.02.21	00:14:54.372	0.82838				2
2025.02.21	00:15:00.311	0.82838				2
2025.02.21	00:15:02.912	0.82836				2
2025.02.21	00:15:03.411	0.82837				2
2025.02.21	00:15:04.354	0.82835				2
2025.02.21	00:15:14.353	0.82836				2
2025.02.21	00:15:22.353	0.82837				2
2025.02.21	00:15:31.788		0.82903			4
2025.02.21	00:15:36.883	0.82838				2
2025.02.21	00:15:37.418	0.82837				2
2025.02.21	00:15:50.692		0.82914			4
2025.02.21	00:15:53.875	0.82838				2
2025.02.21	00:16:01.185	0.82837				2
2025.02.21	00:16:08.152	0.82838				2
2025.02.21	00:16:24.352	0.82837				2
2025.02.21	00:16:53.356	0.82838	0.82914			6
2025.02.21	00:17:01.149	0.82838				2
2025.02.21	00:17:30.690	0.82837				2
2025.02.21	00:17:46.034	0.82838				2
2025.02.21	00:17:47.729	0.82839				2
2025.02.21	00:17:52.935	0.82837				2
2025.02.21	00:17:57.879	0.82838	0.82914			6
2025.02.21	00:18:02.794	0.82838				2
2025.02.21	00:18:08.359	0.82839				2
2025.02.21	00:18:13.800	0.82836				2
2025.02.21	00:18:23.089	0.82839				2
2025.02.21	00:18:25.157	0.82838				2
2025.02.21	00:18:32.816	0.82836				2
2025.02.21	00:18:33.832	0.82835				2
2025.02.21	00:19:00.166	0.82835	0.82914			6
2025.02.21	00:20:07.727	0.82835	0.82914			6
2025.02.21	00:20:17.473		0.82902			4
2025.02.21	00:21:01.571	0.82835				2
2025.02.21	00:21:17.475		0.82902			4
2025.02.21	00:21:28.385	0.82842	0.82906			6
2025.02.21	00:21:29.441	0.82843				2
2025.02.21	00:21:29.951	0.82844				2
2025.02.21	00:21:30.366	0.82842				2
2025.02.21	00:21:34.422		0.82905			4
2025.02.21	00:21:57.021	0.82852	0.82906			6
2025.02.21	00:22:01.422	0.82852				2
2025.02.21	00:22:47.296		0.82910			4
2025.02.21	00:22:51.338		0.82916			4
2025.02.21	00:22:52.034	0.82855				2
2025.02.21	00:23:00.456	0.82855				2
2025.02.21	00:23:18.126		0.82919			4
2025.02.21	00:23:35.316	0.82861				2
2025.02.21	00:23:38.658		0.82914			4
2025.02.21	00:23:45.088	0.82858	0.82912			6
2025.02.21	00:23:47.086		0.82909			4
2025.02.21	00:23:48.355		0.82912			4
2025.02.21	00:24:00.359	0.82858				2
2025.02.21	00:24:48.435		0.82912			4
2025.02.21	00:25:00.315	0.82858				2
2025.02.21	00:25:16.092	0.82850	0.82907			6
2025.02.21	00:25:16.404	0.82849				2
2025.02.21	00:25:27.056	0.82851				2
2025.02.21	00:25:31.788		0.82918			4
2025.02.21	00:25:45.502	0.82849				2
2025.02.21	00:25:57.976	0.82850				2
2025.02.21	00:26:00.090	0.82850				2
2025.02.21	00:26:13.946	0.82849				2
2025.02.21	00:26:19.018	0.82850				2
2025.02.21	00:26:36.301	0.82852	0.82918			6
2025.02.21	00:26:37.611	0.82850				2
2025.02.21	00:26:54.166	0.82849				2
2025.02.21	00:26:56.738	0.82837				2
2025.02.21	00:26:59.792	0.82836				2
2025.02.21	00:27:00.428	0.82836				2
2025.02.21	00:27:09.762	0.82835				2
2025.02.21	00:27:11.424	0.82836				2
2025.02.21	00:27:14.789	0.82837				2
2025.02.21	00:27:18.116	0.82831	0.82909			6
2025.02.21	00:27:18.559	0.82833				2
2025.02.21	00:27:27.227	0.82831	0.82902			6
2025.02.21	00:27:35.276	0.82830	0.82897			6
2025.02.21	00:27:37.890	0.82842				2
2025.02.21	00:27:38.365	0.82830				2
2025.02.21	00:27:48.497	0.82831				2
2025.02.21	00:27:52.589	0.82832				2
2025.02.21	00:27:56.417	0.82830				2
2025.02.21	00:27:58.842	0.82838	0.82905			6
2025.02.21	00:27:59.170	0.82839	0.82904			6
2025.02.21	00:27:59.795	0.82837				2
2025.02.21	00:28:00.158	0.82837				2
2025.02.21	00:28:01.560	0.82839				2
2025.02.21	00:28:12.924	0.82832	0.82898			6
2025.02.21	00:28:32.981	0.82831	0.82896			6
2025.02.21	00:28:35.898	0.82840	0.82904			6
2025.02.21	00:28:37.115	0.82845	0.82917			6
2025.02.21	00:28:44.493	0.82844				2
2025.02.21	00:28:48.358	0.82845				2
2025.02.21	00:28:50.279		0.82916			4
2025.02.21	00:28:51.242	0.82848	0.82913			6
2025.02.21	00:28:52.888	0.82849				2
2025.02.21	00:28:56.241	0.82847	0.82914			6
2025.02.21	00:29:03.987	0.82847				2
2025.02.21	00:29:06.686	0.82850	0.82918			6
2025.02.21	00:29:15.092		0.82919			4
2025.02.21	00:29:16.546	0.82847	0.82922			6
2025.02.21	00:29:17.182	0.82846	0.82921			6
2025.02.21	00:29:31.955	0.82847	0.82920			6
2025.02.21	00:29:33.045		0.82919			4
2025.02.21	00:29:38.488	0.82846	0.82921			6
2025.02.21	00:29:40.151	0.82845				2
2025.02.21	00:29:41.788	0.82842	0.82917			6
2025.02.21	00:29:46.872	0.82845	0.82919			6
2025.02.21	00:29:49.637	0.82847				2
2025.02.21	00:29:52.631	0.82849	0.82921			6
2025.02.21	00:29:53.415	0.82850	0.82922			6
2025.02.21	00:29:59.938		0.82924			4
2025.02.21	00:30:00.304	0.82850				2
2025.02.21	00:30:01.618	0.82851				2
2025.02.21	00:30:02.756	0.82853				2
2025.02.21	00:30:13.581	0.82854				2
2025.02.21	00:30:15.130	0.82844				2
2025.02.21	00:30:21.131	0.82852	0.82920			6
2025.02.21	00:30:22.997	0.82846	0.82917			6
2025.02.21	00:30:23.703	0.82843	0.82912			6
2025.02.21	00:30:24.341		0.82913			4
2025.02.21	00:30:36.104		0.82915			4
2025.02.21	00:30:43.381		0.82918			4
2025.02.21	00:30:51.878		0.82919			4
2025.02.21	00:30:52.948		0.82920			4
2025.02.21	00:30:54.024	0.82845	0.82921			6
2025.02.21	00:31:00.639	0.82834	0.82901			6
2025.02.21	00:31:01.567	0.82841	0.82922			6
2025.02.21	00:31:01.876	0.82845				2
2025.02.21	00:31:04.443	0.82850				2
2025.02.21	00:31:21.272	0.82851				2
2025.02.21	00:31:38.411		0.82923			4
2025.02.21	00:31:41.338		0.82922			4
2025.02.21	00:31:46.298		0.82915			4
2025.02.21	00:31:55.593		0.82914			4
2025.02.21	00:32:01.566	0.82851				2
2025.02.21	00:32:11.565	0.82850	0.82913			6
2025.02.21	00:32:14.735		0.82911			4
2025.02.21	00:32:15.091		0.82910			4
2025.02.21	00:32:18.094		0.82909			4
2025.02.21	00:32:18.983	0.82839	0.82905			6
2025.02.21	00:32:28.223		0.82902			4
2025.02.21	00:32:28.529	0.82834				2
2025.02.21	00:32:28.889		0.82903			4
2025.02.21	00:32:30.032		0.82905			4
2025.02.21	00:32:36.578		0.82903			4
2025.02.21	00:32:37.112		0.82902			4
2025.02.21	00:32:37.416		0.82903			4
2025.02.21	00:32:38.592		0.82902			4
2025.02.21	00:32:50.489		0.82901			4
2025.02.21	00:33:00.128	0.82834				2
2025.02.21	00:33:01.953	0.82831				2
2025.02.21	00:33:02.396		0.82900			4
2025.02.21	00:33:05.964		0.82898			4
2025.02.21	00:33:11.085		0.82897			4
2025.02.21	00:33:13.252	0.82829	0.82896			6
2025.02.21	00:33:16.156		0.82897			4
2025.02.21	00:33:17.526	0.82842				2
2025.02.21	00:33:30.931	0.82843	0.82896			6
2025.02.21	00:33:35.789	0.82842	0.82897			6
2025.02.21	00:33:39.716		0.82896			4
2025.02.21	00:33:40.098	0.82844	0.82894			6
2025.02.21	00:33:44.788	0.82841				2
2025.02.21	00:34:00.321	0.82841				2
2025.02.21	00:34:03.003	0.82846	0.82896			6
2025.02.21	00:34:29.882	0.82845	0.82895			6
2025.02.21	00:34:39.109	0.82842	0.82902			6
2025.02.21	00:34:39.427	0.82843	0.82901			6
2025.02.21	00:34:40.070		0.82902			4
2025.02.21	00:34:41.217	0.82841	0.82903			6
2025.02.21	00:34:45.210	0.82842				2
2025.02.21	00:34:48.762	0.82843	0.82902			6
2025.02.21	00:34:49.249	0.82842				2
2025.02.21	00:34:50.316	0.82843				2
2025.02.21	00:35:01.562	0.82843				2
2025.02.21	00:35:04.589	0.82842				2
2025.02.21	00:35:05.963	0.82843				2
2025.02.21	00:35:06.845	0.82842				2
2025.02.21	00:35:07.891		0.82903			4
2025.02.21	00:35:11.082		0.82902			4
2025.02.21	00:35:12.742		0.82903			4
2025.02.21	00:35:16.110	0.82841				2
2025.02.21	00:35:16.570	0.82842	0.82902			6
2025.02.21	00:35:19.000		0.82903			4
2025.02.21	00:35:21.560	0.82841				2
2025.02.21	00:35:21.928	0.82842	0.82902			6
2025.02.21	00:35:22.338	0.82841	0.82903			6
2025.02.21	00:35:22.747	0.82842	0.82902			6
2025.02.21	00:35:23.067		0.82903			4
2025.02.21	00:35:28.377	0.82841				2
2025.02.21	00:35:33.920	0.82842				2
2025.02.21	00:35:36.357	0.82840	0.82904			6
2025.02.21	00:35:40.725	0.82841				2
2025.02.21	00:35:41.222	0.82840				2
2025.02.21	00:35:41.853	0.82842	0.82903			6
2025.02.21	00:35:44.690	0.82841	0.82904			6
2025.02.21	00:35:45.361	0.82840				2
2025.02.21	00:35:47.812	0.82842	0.82903			6
2025.02.21	00:35:52.675	0.82841	0.82904			6
2025.02.21	00:35:54.444		0.82903			4
2025.02.21	00:35:54.857	0.82840	0.82904			6
2025.02.21	00:35:56.236	0.82841	0.82903			6
2025.02.21	00:35:57.497	0.82840	0.82905			6
2025.02.21	00:35:58.468	0.82841	0.82904			6
2025.02.21	00:36:01.091	0.82841				2
2025.02.21	00:36:01.856		0.82903			4
2025.02.21	00:36:02.164		0.82904			4
2025.02.21	00:36:05.945		0.82903			4
2025.02.21	00:36:06.247		0.82904			4
2025.02.21	00:36:07.068	0.82840	0.82903			6
2025.02.21	00:36:07.583	0.82841				2
2025.02.21	00:36:10.291		0.82902			4
2025.02.21	00:36:14.541	0.82839	0.82903			6
2025.02.21	00:36:14.843		0.82905			4
2025.02.21	00:36:20.679	0.82838				2
2025.02.21	00:36:36.089	0.82839				2
2025.02.21	00:36:44.320	0.82838				2
2025.02.21	00:36:44.941	0.82837	0.82906			6
2025.02.21	00:36:45.268	0.82836	0.82907			6
2025.02.21	00:37:00.313	0.82836				2
2025.02.21	00:37:23.967		0.82906			4
2025.02.21	00:37:25.591	0.82837				2
2025.02.21	00:37:29.054	0.82836				2
2025.02.21	00:37:57.389	0.82837				2
2025.02.21	00:38:00.041	0.82837				2
2025.02.21	00:38:18.597		0.82905			4
2025.02.21	00:38:19.691	0.82838				2
2025.02.21	00:38:22.155	0.82837	0.82906			6
2025.02.21	00:38:32.299		0.82905			4
2025.02.21	00:38:36.093		0.82906			4
2025.02.21	00:38:37.631		0.82905			4
2025.02.21	00:38:45.317	0.82838	0.82904			6
2025.02.21	00:38:49.116		0.82905			4
2025.02.21	00:38:53.791	0.82837				2
2025.02.21	00:38:57.094	0.82838				2
2025.02.21	00:39:00.381	0.82837				2
2025.02.21	00:39:26.983	0.82838				2
2025.02.21	00:39:28.661	0.82860				2
2025.02.21	00:39:29.293	0.82838				2
2025.02.21	00:39:31.593		0.82904			4
2025.02.21	00:39:31.895		0.82905			4
2025.02.21	00:39:47.548	0.82839	0.82904			6
2025.02.21	00:39:53.992	0.82838	0.82905			6
2025.02.21	00:39:59.981		0.82904			4
2025.02.21	00:40:07.589	0.82839				2
2025.02.21	00:40:12.711	0.82854	0.82907			6
2025.02.21	00:40:13.081		0.82908			4
2025.02.21	00:40:13.426	0.82852	0.82909			6
2025.02.21	00:40:14.457	0.82850	0.82911			6
2025.02.21	00:40:14.788		0.82912			4
2025.02.21	00:40:15.237	0.82849				2
2025.02.21	00:40:19.133		0.82913			4
2025.02.21	00:40:22.003	0.82846	0.82915			6
2025.02.21	00:40:22.536	0.82849	0.82913			6
2025.02.21	00:40:23.948	0.82844				2
2025.02.21	00:40:24.699		0.82918			4
2025.02.21	00:40:27.231		0.82920			4
2025.02.21	00:40:28.388		0.82921			4
2025.02.21	00:40:28.778		0.82922			4
2025.02.21	00:40:31.046		0.82920			4
2025.02.21	00:40:32.087		0.82919			4
2025.02.21	00:40:33.246		0.82921			4
2025.02.21	00:40:34.351		0.82920			4
2025.02.21	00:40:35.202		0.82919			4
2025.02.21	00:40:35.540		0.82920			4
2025.02.21	00:40:38.788		0.82919			4
2025.02.21	00:40:45.691		0.82920			4
2025.02.21	00:40:49.479	0.82850	0.82924			6
2025.02.21	00:40:52.219		0.82923			4
2025.02.21	00:40:54.908	0.82856	0.82924			6
2025.02.21	00:41:00.376	0.82856				2
2025.02.21	00:41:01.775		0.82925			4
2025.02.21	00:41:02.746		0.82926			4
2025.02.21	00:41:03.502		0.82925			4
2025.02.21	00:41:04.288		0.82926			4
2025.02.21	00:41:09.222		0.82927			4
2025.02.21	00:41:09.961		0.82925			4
2025.02.21	00:41:15.588	0.82859				2
2025.02.21	00:41:23.995		0.82926			4
2025.02.21	00:41:25.114		0.82924			4
2025.02.21	00:41:27.287		0.82923			4
2025.02.21	00:41:33.628		0.82925			4
2025.02.21	00:41:34.123		0.82924			4
2025.02.21	00:41:35.609		0.82923			4
2025.02.21	00:41:36.312		0.82924			4
2025.02.21	00:41:54.493	0.82846	0.82916			6
2025.02.21	00:41:55.849		0.82914			4
2025.02.21	00:42:01.501	0.82846				2
2025.02.21	00:42:02.697		0.82915			4
2025.02.21	00:42:04.596		0.82914			4
2025.02.21	00:42:21.484		0.82913			4
2025.02.21	00:42:28.728		0.82912			4
2025.02.21	00:42:36.878		0.82910			4
2025.02.21	00:42:41.466		0.82909			4
2025.02.21	00:42:49.384		0.82911			4
2025.02.21	00:42:49.719		0.82910			4
2025.02.21	00:42:54.693		0.82908			4
2025.02.21	00:42:56.944		0.82910			4
2025.02.21	00:42:57.437	0.82838				2
2025.02.21	00:42:59.344		0.82909			4
2025.02.21	00:43:00.294	0.82838				2
2025.02.21	00:43:01.936		0.82910			4
2025.02.21	00:43:04.419	0.82841				2
2025.02.21	00:43:08.508		0.82909			4
2025.02.21	00:43:09.307		0.82908			4
2025.02.21	00:43:13.226		0.82907			4
2025.02.21	00:43:14.192		0.82908			4
2025.02.21	00:43:28.672		0.82907			4
2025.02.21	00:43:40.474		0.82906			4
2025.02.21	00:43:43.551		0.82907			4
2025.02.21	00:43:47.424		0.82906			4
2025.02.21	00:43:48.915		0.82907			4
2025.02.21	00:43:50.481		0.82906			4
2025.02.21	00:43:53.191		0.82907			4
2025.02.21	00:43:54.868		0.82906			4
2025.02.21	00:44:00.093	0.82841				2
2025.02.21	00:44:09.664		0.82905			4
2025.02.21	00:44:12.224		0.82904			4
2025.02.21	00:44:26.192		0.82905			4
2025.02.21	00:44:40.020	0.82837	0.82902			6
2025.02.21	00:44:41.442		0.82905			4
2025.02.21	00:44:45.690		0.82904			4
2025.02.21	00:44:47.525	0.82841	0.82902			6
2025.02.21	00:44:49.290		0.82904			4
2025.02.21	00:44:50.367		0.82905			4
2025.02.21	00:44:53.926		0.82906			4
2025.02.21	00:44:58.327		0.82897			4
2025.02.21	00:44:59.134		0.82906			4
2025.02.21	00:45:00.161	0.82844	0.82909			6
2025.02.21	00:45:00.501	0.82843	0.82910			6
2025.02.21	00:45:02.122	0.82854	0.82914			6
2025.02.21	00:45:02.448	0.82855	0.82915			6
2025.02.21	00:45:03.965	0.82844	0.82909			6
2025.02.21	00:45:05.715	0.82849	0.82906			6
2025.02.21	00:45:08.574	0.82857	0.82899			6
2025.02.21	00:45:10.319	0.82861				2
2025.02.21	00:45:10.624		0.82898			4
2025.02.21	00:45:21.194		0.82899			4
2025.02.21	00:45:29.195	0.82859	0.82900			6
2025.02.21	00:45:37.227	0.82857				2
2025.02.21	00:45:44.789	0.82858	0.82899			6
2025.02.21	00:46:01.561	0.82858				2
2025.02.21	00:46:06.605	0.82855	0.82902			6
2025.02.21	00:46:18.867	0.82854	0.82903			6
2025.02.21	00:46:21.187	0.82855	0.82902			6
2025.02.21	00:46:39.992	0.82856	0.82901			6
2025.02.21	00:46:53.199		0.82900			4
2025.02.21	00:46:59.030		0.82901			4
2025.02.21	00:47:02.118	0.82870	0.82906			6
2025.02.21	00:47:03.960	0.82857	0.82900			6
2025.02.21	00:47:08.650		0.82899			4
2025.02.21	00:47:10.292	0.82852	0.82900			6
2025.02.21	00:47:19.071		0.82899			4
2025.02.21	00:47:26.053		0.82897			4
2025.02.21	00:47:28.251		0.82898			4
2025.02.21	00:47:36.142		0.82897			4
2025.02.21	00:47:45.753		0.82899			4
2025.02.21	00:47:48.580		0.82900			4
2025.02.21	00:47:52.723		0.82904			4
2025.02.21	00:47:55.981	0.82858	0.82902			6
2025.02.21	00:47:56.358		0.82898			4
2025.02.21	00:47:56.797		0.82899			4
2025.02.21	00:48:00.171	0.82858				2
2025.02.21	00:48:00.678		0.82900			4
2025.02.21	00:48:14.792		0.82899			4
2025.02.21	00:48:19.001		0.82900			4
2025.02.21	00:48:21.012		0.82901			4
2025.02.21	00:48:21.538		0.82899			4
2025.02.21	00:48:28.943		0.82901			4
2025.02.21	00:48:34.222	0.82856				2
2025.02.21	00:48:34.541		0.82899			4
2025.02.21	00:48:35.257		0.82900			4
2025.02.21	00:48:39.413		0.82899			4
2025.02.21	00:48:48.995		0.82900			4
2025.02.21	00:49:01.557	0.82856				2
2025.02.21	00:49:17.425		0.82901			4
2025.02.21	00:49:35.340		0.82900			4
2025.02.21	00:49:44.895	0.82854				2
2025.02.21	00:49:46.045		0.82901			4
2025.02.21	00:49:47.633		0.82900			4
2025.02.21	00:49:58.995		0.82899			4
2025.02.21	00:50:01.798	0.82854				2
2025.02.21	00:50:10.340		0.82898			4
2025.02.21	00:50:20.554		0.82897			4
2025.02.21	00:50:39.967	0.82853				2
2025.02.21	00:50:43.869		0.82898			4
2025.02.21	00:50:47.789		0.82899			4
2025.02.21	00:51:01.787	0.82853				2
2025.02.21	00:51:04.370		0.82900			4
2025.02.21	00:51:04.810	0.82851	0.82902			6
2025.02.21	00:51:06.201		0.82903			4
2025.02.21	00:51:28.998		0.82904			4
2025.02.21	00:51:35.318		0.82902			4
2025.02.21	00:51:47.132	0.82853	0.82900			6
2025.02.21	00:52:00.903	0.82853				2
2025.02.21	00:52:34.894		0.82899			4
2025.02.21	00:52:38.575		0.82902			4
2025.02.21	00:52:40.173		0.82903			4
2025.02.21	00:52:42.243	0.82857				2
2025.02.21	00:52:44.434		0.82902			4
2025.02.21	00:52:53.872		0.82901			4
2025.02.21	00:52:56.641		0.82900			4
2025.02.21	00:53:00.514	0.82857				2
2025.02.21	00:53:16.130	0.82851	0.82898			6
2025.02.21	00:53:16.950		0.82899			4
2025.02.21	00:53:18.497		0.82898			4
2025.02.21	00:53:20.619	0.82852				2
2025.02.21	00:53:24.329		0.82899			4
2025.02.21	00:53:24.692		0.82900			4
2025.02.21	00:53:30.089		0.82901			4
2025.02.21	00:53:31.450	0.82862				2
2025.02.21	00:53:35.382	0.82864	0.82900			6
2025.02.21	00:53:36.692	0.82863	0.82901			6
2025.02.21	00:53:37.051	0.82864	0.82899			6
2025.02.21	00:53:39.712	0.82866	0.82898			6
2025.02.21	00:53:40.088	0.82867	0.82897			6
2025.02.21	00:53:43.938	0.82866	0.82898			6
2025.02.21	00:53:45.613		0.82897			4
2025.02.21	00:53:47.256		0.82898			4
2025.02.21	00:53:53.541	0.82867	0.82897			6
2025.02.21	00:53:58.716		0.82898			4
2025.02.21	00:54:01.324	0.82867				2
2025.02.21	00:54:02.636	0.82864	0.82897			6
2025.02.21	00:54:05.788	0.82865				2
2025.02.21	00:54:10.125	0.82866	0.82896			6
2025.02.21	00:54:33.266	0.82865	0.82897			6
2025.02.21	00:54:40.645	0.82866	0.82896			6
2025.02.21	00:54:41.559	0.82865				2
2025.02.21	00:55:00.302	0.82865	0.82897			6
2025.02.21	00:55:05.965		0.82896			4
2025.02.21	00:55:06.988		0.82897			4
2025.02.21	00:55:11.561		0.82896			4
2025.02.21	00:55:15.859		0.82897			4
2025.02.21	00:55:20.991	0.82863	0.82899			6
2025.02.21	00:55:26.238	0.82862	0.82900			6
2025.02.21	00:55:28.335		0.82899			4
2025.02.21	00:55:35.924	0.82861	0.82900			6
2025.02.21	00:55:36.233	0.82862	0.82899			6
2025.02.21	00:55:41.326		0.82898			4
2025.02.21	00:55:41.866	0.82861	0.82900			6
2025.02.21	00:55:42.369	0.82862	0.82899			6
2025.02.21	00:55:44.622	0.82860	0.82900			6
2025.02.21	00:55:48.862		0.82901			4
2025.02.21	00:55:51.528	0.82861	0.82900			6
2025.02.21	00:55:56.416	0.82862	0.82899			6
2025.02.21	00:56:00.416	0.82862				2
2025.02.21	00:56:02.929	0.82863	0.82898			6
2025.02.21	00:56:03.651	0.82862	0.82899			6
2025.02.21	00:56:06.126	0.82863	0.82898			6
2025.02.21	00:56:09.697	0.82862				2
2025.02.21	00:56:12.381	0.82869	0.82899			6
2025.02.21	00:56:16.496	0.82853	0.82900			6
2025.02.21	00:56:20.384		0.82903			4
2025.02.21	00:56:24.025	0.82871	0.82902			6
2025.02.21	00:56:25.237	0.82869	0.82905			6
2025.02.21	00:56:27.036	0.82876	0.82903			6
2025.02.21	00:56:30.945	0.82874	0.82901			6
2025.02.21	00:56:54.871	0.82873				2
2025.02.21	00:56:55.220		0.82902			4
2025.02.21	00:56:55.637	0.82874	0.82901			6
2025.02.21	00:57:00.202	0.82874				2
2025.02.21	00:57:00.527	0.82871	0.82898			6
2025.02.21	00:57:01.659	0.82870	0.82897			6
2025.02.21	00:57:17.224	0.82871				2
2025.02.21	00:57:26.793	0.82872	0.82898			6
2025.02.21	00:58:00.096	0.82872				2
2025.02.21	00:58:27.831		0.82898			4
2025.02.21	00:58:37.624	0.82871				2
2025.02.21	00:58:42.057	0.82872				2
2025.02.21	00:58:47.410		0.82897			4
2025.02.21	00:59:00.724	0.82872				2
2025.02.21	00:59:04.829	0.82871	0.82898			6
2025.02.21	00:59:05.605	0.82869	0.82899			6
2025.02.21	00:59:07.028	0.82868	0.82901			6
2025.02.21	00:59:07.338	0.82870	0.82898			6
2025.02.21	00:59:11.556	0.82867	0.82901			6
2025.02.21	00:59:16.824	0.82870	0.82898			6
2025.02.21	00:59:20.251	0.82871				2
2025.02.21	00:59:20.610	0.82872	0.82897			6
2025.02.21	00:59:24.628	0.82871	0.82898			6
2025.02.21	00:59:25.121	0.82868	0.82901			6
2025.02.21	00:59:31.427	0.82871	0.82898			6
2025.02.21	00:59:33.076	0.82869	0.82899			6
2025.02.21	00:59:36.782		0.82897			4
2025.02.21	00:59:40.290		0.82898			4
2025.02.21	00:59:42.616		0.82900			4
2025.02.21	00:59:58.648		0.82899			4
2025.02.21	01:00:00.319	0.82875	0.82900			6
2025.02.21	01:00:00.624	0.82871				2
2025.02.21	01:00:00.945	0.82866	0.82895			6
2025.02.21	01:00:01.256	0.82877	0.82899			6
2025.02.21	01:00:01.571	0.82876				2
2025.02.21	01:00:01.881	0.82878	0.82900			6
2025.02.21	01:00:02.225		0.82906			4
2025.02.21	01:00:02.535	0.82874	0.82900			6
2025.02.21	01:00:04.356	0.82877	0.82902			6
2025.02.21	01:00:04.682	0.82878	0.82903			6
2025.02.21	01:00:05.041	0.82879	0.82902			6
2025.02.21	01:00:05.358		0.82901			4
2025.02.21	01:00:05.751		0.82903			4
2025.02.21	01:00:06.119	0.82881	0.82904			6
2025.02.21	01:00:06.956	0.82883	0.82908			6
2025.02.21	01:00:07.857	0.82884	0.82906			6
2025.02.21	01:00:08.802		0.82907			4
2025.02.21	01:00:09.867	0.82883	0.82908			6
2025.02.21	01:00:10.175		0.82909			4
2025.02.21	01:00:11.159	0.82882	0.82911			6
2025.02.21	01:00:11.608	0.82883				2
2025.02.21	01:00:11.957		0.82909			4
2025.02.21	01:00:12.265	0.82876	0.82897			6
2025.02.21	01:00:12.566	0.82878	0.82898			6
2025.02.21	01:00:12.892	0.82879				2
2025.02.21	01:00:13.222		0.82897			4
2025.02.21	01:00:13.552	0.82870	0.82890			6
2025.02.21	01:00:13.885	0.82872				2
2025.02.21	01:00:14.206	0.82874				2
2025.02.21	01:00:14.815		0.82894			4
2025.02.21	01:00:15.124	0.82883	0.82903			6
2025.02.21	01:00:15.472	0.82887	0.82907			6
2025.02.21	01:00:15.784	0.82885	0.82905			6
2025.02.21	01:00:16.640	0.82886				2
2025.02.21	01:00:16.993		0.82906			4
2025.02.21	01:00:18.229	0.82884	0.82903			6
2025.02.21	01:00:20.403	0.82886	0.82904			6
2025.02.21	01:00:20.707	0.82885				2
2025.02.21	01:00:21.009		0.82905			4
2025.02.21	01:00:21.350	0.82886				2
2025.02.21	01:00:21.997	0.82875	0.82893			6
2025.02.21	01:00:22.301	0.82876				2
2025.02.21	01:00:22.603	0.82877	0.82894			6
2025.02.21	01:00:24.888	0.82878	0.82895			6
2025.02.21	01:00:25.218	0.82879	0.82896			6
2025.02.21	01:00:26.959	0.82883	0.82900			6
2025.02.21	01:00:27.263	0.82884	0.82901			6
2025.02.21	01:00:31.711	0.82885	0.82902			6
2025.02.21	01:00:33.581	0.82882	0.82901			6
2025.02.21	01:00:37.481		0.82898			4
2025.02.21	01:00:40.381	0.82881	0.82896			6
2025.02.21	01:00:40.888		0.82895			4
2025.02.21	01:00:42.502		0.82896			4
2025.02.21	01:00:44.941	0.82878	0.82892			6
2025.02.21	01:00:45.243		0.82891			4
2025.02.21	01:00:45.551	0.82876				2
2025.02.21	01:00:46.920	0.82872	0.82887			6
2025.02.21	01:00:47.249	0.82873	0.82888			6
2025.02.21	01:00:48.889	0.82874	0.82889			6
2025.02.21	01:00:49.698	0.82872	0.82887			6
2025.02.21	01:00:51.506	0.82870	0.82884			6
2025.02.21	01:00:51.908		0.82885			4
2025.02.21	01:00:52.572		0.82884			4
2025.02.21	01:00:53.513	0.82873	0.82887			6
2025.02.21	01:00:54.024	0.82872				2
2025.02.21	01:00:55.499	0.82873	0.82886			6
2025.02.21	01:00:56.954		0.82887			4
2025.02.21	01:00:59.790		0.82885			4
2025.02.21	01:01:00.319	0.82874	0.82889			6
2025.02.21	01:01:00.643	0.82875				2
2025.02.21	01:01:00.976		0.82888			4
2025.02.21	01:01:01.317	0.82874	0.82885			6
2025.02.21	01:01:01.889	0.82873	0.82887			6
2025.02.21	01:01:03.049		0.82885			4
2025.02.21	01:01:03.389	0.82871	0.82884			6
2025.02.21	01:01:04.052		0.82882			4
2025.02.21	01:01:06.066		0.82884			4
2025.02.21	01:01:09.158		0.82882			4
2025.02.21	01:01:09.488	0.82870	0.82883			6
2025.02.21	01:01:09.810		0.82884			4
2025.02.21	01:01:10.499	0.82872				2
2025.02.21	01:01:11.493	0.82875	0.82883			6
2025.02.21	01:01:15.609	0.82873				2
2025.02.21	01:01:19.025	0.82871	0.82880			6
2025.02.21	01:01:20.514	0.82875	0.82883			6
2025.02.21	01:01:22.565	0.82879	0.82888			6
2025.02.21	01:01:29.882	0.82878	0.82887			6
2025.02.21	01:01:33.690		0.82886			4
2025.02.21	01:01:34.793		0.82887			4
2025.02.21	01:01:38.193		0.82886			4
2025.02.21	01:01:43.536	0.82877				2
2025.02.21	01:01:44.192	0.82878				2
2025.02.21	01:01:49.293	0.82879				2
2025.02.21	01:01:49.890	0.82878	0.82885			6
2025.02.21	01:01:53.323	0.82877				2
2025.02.21	01:01:53.791		0.82886			4
2025.02.21	01:01:55.906	0.82878				2
2025.02.21	01:01:58.516		0.82884			4
2025.02.21	01:01:58.824	0.82876	0.82883			6
2025.02.21	01:01:59.334	0.82881	0.82884			6
2025.02.21	01:02:00.035	0.82880				2
2025.02.21	01:02:00.411		0.82888			4
2025.02.21	01:02:04.892		0.82887			4
2025.02.21	01:02:05.920	0.82878				2
2025.02.21	01:02:06.268	0.82879				2
2025.02.21	01:02:06.691		0.82888			4
2025.02.21	01:02:10.329	0.82880				2
2025.02.21	01:02:12.801	0.82878				2
2025.02.21	01:02:19.578	0.82879				2
2025.02.21	01:02:20.490		0.82887			4
2025.02.21	01:02:22.290		0.82888			4
2025.02.21	01:02:23.061	0.82880				2
2025.02.21	01:02:23.510	0.82878	0.82885			6
2025.02.21	01:02:23.848	0.82880	0.82888			6
2025.02.21	01:02:24.930		0.82884			4
2025.02.21	01:02:25.243		0.82888			4
2025.02.21	01:02:28.278	0.82879				2
2025.02.21	01:02:28.884	0.82878	0.82887			6
2025.02.21	01:02:29.375		0.82888			4
2025.02.21	01:02:33.349		0.82886			4
2025.02.21	01:02:36.523	0.82877	0.82885			6
2025.02.21	01:02:39.224	0.82879	0.82887			6
2025.02.21	01:02:42.879	0.82878				2
2025.02.21	01:02:54.682	0.82880	0.82888			6
2025.02.21	01:03:00.159	0.82880				2
2025.02.21	01:03:10.393	0.82878	0.82886			6
2025.02.21	01:03:11.191	0.82877	0.82885			6
2025.02.21	01:03:12.989	0.82876				2
2025.02.21	01:03:21.769	0.82878	0.82887			6
2025.02.21	01:03:31.630	0.82879				2
2025.02.21	01:03:43.288	0.82878				2
2025.02.21	01:03:57.848	0.82879				2
2025.02.21	01:04:00.480	0.82880				2
2025.02.21	01:04:01.430	0.82879				2
2025.02.21	01:04:03.915	0.82877	0.82884			6
2025.02.21	01:04:08.152	0.82879				2
2025.02.21	01:04:08.790	0.82880	0.82885			6
2025.02.21	01:04:09.131	0.82879	0.82884			6
2025.02.21	01:04:11.966	0.82878				2
2025.02.21	01:04:14.313	0.82879	0.82882			6
2025.02.21	01:04:16.160	0.82878	0.82884			6
2025.02.21	01:04:17.450	0.82879				2
2025.02.21	01:04:18.970	0.82878				2
2025.02.21	01:04:19.464	0.82880	0.82886			6
2025.02.21	01:04:21.149		0.82887			4
2025.02.21	01:04:26.690	0.82881	0.82888			6
2025.02.21	01:04:27.516		0.82887			4
2025.02.21	01:04:30.630		0.82888			4
2025.02.21	01:04:31.130		0.82887			4
2025.02.21	01:04:31.442		0.82888			4
2025.02.21	01:04:33.923	0.82879	0.82885			6
2025.02.21	01:04:34.590	0.82878	0.82884			6
2025.02.21	01:04:36.690	0.82879	0.82885			6
2025.02.21	01:04:37.402	0.82885	0.82890			6
2025.02.21	01:04:37.724	0.82882	0.82889			6
2025.02.21	01:04:38.061	0.82881	0.82887			6
2025.02.21	01:04:38.364		0.82889			4
2025.02.21	01:04:40.391		0.82888			4
2025.02.21	01:04:40.703		0.82889			4
2025.02.21	01:04:41.734	0.82883	0.82888			6
2025.02.21	01:04:42.344	0.82884				2
2025.02.21	01:04:43.559	0.82881	0.82889			6
2025.02.21	01:04:43.861		0.82888			4
2025.02.21	01:04:45.199	0.82879				2
2025.02.21	01:04:46.404	0.82880	0.82887			6
2025.02.21	01:04:49.085	0.82881				2
2025.02.21	01:04:49.401		0.82886			4
2025.02.21	01:04:51.735		0.82887			4
2025.02.21	01:04:53.105	0.82882				2
2025.02.21	01:04:53.492		0.82888			4
2025.02.21	01:04:57.306	0.82883				2
2025.02.21	01:05:00.080	0.82883	0.82890			6
2025.02.21	01:05:00.393		0.82888			4
2025.02.21	01:05:00.723	0.82884				2
2025.02.21	01:05:02.363	0.82882	0.82886			6
2025.02.21	01:05:05.397		0.82887			4
2025.02.21	01:05:05.703	0.82883				2
2025.02.21	01:05:12.200		0.82886			4
2025.02.21	01:05:12.501	0.82882				2
2025.02.21	01:05:12.808		0.82885			4
2025.02.21	01:05:19.378		0.82886			4
2025.02.21	01:05:19.733		0.82887			4
2025.02.21	01:05:20.072	0.82883				2
2025.02.21	01:05:38.252		0.82888			4
2025.02.21	01:05:38.633	0.82884				2
2025.02.21	01:05:38.945	0.82885	0.82889			6
2025.02.21	01:05:39.252	0.82884	0.82888			6
2025.02.21	01:05:40.307		0.82887			4
2025.02.21	01:05:46.231		0.82886			4
2025.02.21	01:05:46.886		0.82889			4
2025.02.21	01:05:47.368	0.82883	0.82888			6
2025.02.21	01:05:48.346	0.82884				2
2025.02.21	01:05:50.042	0.82882	0.82886			6
2025.02.21	01:05:50.576	0.82883				2
2025.02.21	01:05:52.356	0.82882				2
2025.02.21	01:05:57.003	0.82883				2
2025.02.21	01:05:58.749	0.82882				2
2025.02.21	01:06:00.168	0.82884	0.82889			6
2025.02.21	01:06:02.217		0.82890			4
2025.02.21	01:06:05.293	0.82886	0.82887			6
2025.02.21	01:06:06.454	0.82885				2
2025.02.21	01:06:11.017	0.82886				2
2025.02.21	01:06:23.816		0.82888			4
2025.02.21	01:06:30.114	0.82888	0.82890			6
2025.02.21	01:06:30.657	0.82887				2
2025.02.21	01:06:33.601		0.82889			4
2025.02.21	01:06:34.157	0.82888	0.82891			6
2025.02.21	01:06:37.681		0.82892			4
2025.02.21	01:06:51.796		0.82891			4
2025.02.21	01:06:52.767	0.82887	0.82892			6
2025.02.21	01:06:53.793	0.82888				2
2025.02.21	01:06:58.164		0.82893			4
2025.02.21	01:07:01.392	0.82888	0.82894			6
2025.02.21	01:07:01.728		0.82893			4
2025.02.21	01:07:02.294		0.82894			4
2025.02.21	01:07:07.578	0.82889				2
2025.02.21	01:07:07.898	0.82888				2
2025.02.21	01:07:21.456	0.82889				2
2025.02.21	01:07:21.937	0.82888				2
2025.02.21	01:07:28.288	0.82887	0.82889			6
2025.02.21	01:07:28.890	0.82888	0.82894			6
2025.02.21	01:07:34.832		0.82893			4
2025.02.21	01:07:36.393		0.82894			4
2025.02.21	01:07:37.757	0.82889	0.82893			6
2025.02.21	01:07:43.625	0.82888	0.82890			6
2025.02.21	01:07:44.097	0.82887				2
2025.02.21	01:07:48.291		0.82889			4
2025.02.21	01:07:50.362	0.82886				2
2025.02.21	01:07:50.704		0.82888			4
2025.02.21	01:07:58.968	0.82888	0.82892			6
2025.02.21	01:07:59.934	0.82889				2
2025.02.21	01:08:00.442	0.82889				2
2025.02.21	01:08:01.219	0.82888	0.82893			6
2025.02.21	01:08:02.900	0.82889				2
2025.02.21	01:08:05.132	0.82888				2
2025.02.21	01:08:07.084	0.82889	0.82894			6
2025.02.21	01:08:13.151	0.82888	0.82893			6
2025.02.21	01:08:16.249	0.82887	0.82892			6
2025.02.21	01:08:37.021	0.82888	0.82893			6
2025.02.21	01:08:37.659		0.82892			4
2025.02.21	01:08:39.369		0.82893			4
2025.02.21	01:08:39.730		0.82892			4
2025.02.21	01:08:41.632	0.82887				2
2025.02.21	01:08:42.417	0.82888				2
2025.02.21	01:08:44.633		0.82893			4
2025.02.21	01:08:46.094		0.82892			4
2025.02.21	01:08:47.226		0.82891			4
2025.02.21	01:08:49.119	0.82887				2
2025.02.21	01:08:51.057		0.82889			4
2025.02.21	01:09:00.379	0.82887				2
2025.02.21	01:09:03.651		0.82890			4
2025.02.21	01:09:04.694	0.82886				2
2025.02.21	01:09:06.171	0.82887				2
2025.02.21	01:09:07.487		0.82891			4
2025.02.21	01:09:22.474	0.82888				2
2025.02.21	01:09:22.879		0.82890			4
2025.02.21	01:09:29.823		0.82891			4
2025.02.21	01:09:51.554	0.82889				2
2025.02.21	01:09:52.352	0.82888				2
2025.02.21	01:09:56.778		0.82892			4
2025.02.21	01:09:57.372	0.82889				2
2025.02.21	01:10:00.095	0.82888	0.82891			6
2025.02.21	01:10:01.581	0.82889	0.82893			6
2025.02.21	01:10:03.246	0.82892	0.82894			6
2025.02.21	01:10:13.222	0.82891				2
2025.02.21	01:10:17.284	0.82890	0.82893			6
2025.02.21	01:10:18.036		0.82892			4
2025.02.21	01:10:21.633	0.82889				2
2025.02.21	01:10:24.541	0.82888	0.82890			6
2025.02.21	01:10:31.219	0.82886	0.82888			6
2025.02.21	01:10:38.409		0.82887			4
2025.02.21	01:10:39.389	0.82885				2
2025.02.21	01:10:41.012	0.82886	0.82888			6
2025.02.21	01:10:47.529	0.82888	0.82889			6
2025.02.21	01:10:47.836	0.82887				2
2025.02.21	01:10:48.153	0.82888				2
2025.02.21	01:10:49.290	0.82889	0.82890			6
2025.02.21	01:10:51.236	0.82890	0.82892			6
2025.02.21	01:10:51.774	0.82889	0.82890			6
2025.02.21	01:10:53.624	0.82890	0.82891			6
2025.02.21	01:10:54.300	0.82889	0.82890			6
2025.02.21	01:10:55.714	0.82887	0.82888			6
2025.02.21	01:10:56.177		0.82889			4
2025.02.21	01:11:00.213	0.82887				2
2025.02.21	01:11:00.524		0.82888			4
2025.02.21	01:11:00.826		0.82890			4
2025.02.21	01:11:02.083		0.82888			4
2025.02.21	01:11:04.755	0.82890	0.82891			6
2025.02.21	01:11:06.535	0.82889	0.82890			6
2025.02.21	01:11:08.077	0.82890	0.82891			6
2025.02.21	01:11:11.710	0.82891	0.82892			6
2025.02.21	01:11:14.472	0.82890	0.82891			6
2025.02.21	01:11:19.692	0.82891	0.82892			6
2025.02.21	01:11:22.388	0.82890	0.82891			6
2025.02.21	01:11:49.782	0.82889	0.82890			6
2025.02.21	01:12:00.311	0.82889				2
2025.02.21	01:12:01.000		0.82891			4
2025.02.21	01:12:04.562	0.82888	0.82892			6
2025.02.21	01:12:04.868	0.82891	0.82895			6
2025.02.21	01:12:05.810	0.82889	0.82894			6
2025.02.21	01:12:08.672		0.82893			4
2025.02.21	01:12:11.917	0.82888	0.82892			6
2025.02.21	01:12:12.989		0.82891			4
2025.02.21	01:12:15.719	0.82887				2
2025.02.21	01:12:19.289	0.82886	0.82892			6
2025.02.21	01:12:19.685	0.82888				2
2025.02.21	01:12:21.340	0.82887	0.82893			6
2025.02.21	01:12:21.988		0.82892			4
2025.02.21	01:12:27.392	0.82886				2
2025.02.21	01:12:28.890	0.82887				2
2025.02.21	01:12:32.618		0.82891			4
2025.02.21	01:12:37.749		0.82892			4
2025.02.21	01:12:40.289		0.82891			4
2025.02.21	01:12:42.840	0.82886				2
2025.02.21	01:12:43.143		0.82892			4
2025.02.21	01:12:43.974	0.82887				2
2025.02.21	01:12:50.351	0.82888				2
2025.02.21	01:12:52.761	0.82885	0.82889			6
2025.02.21	01:13:00.378	0.82885				2
2025.02.21	01:13:03.088	0.82887	0.82891			6
2025.02.21	01:13:05.552	0.82889	0.82893			6
2025.02.21	01:13:55.890	0.82890				2
2025.02.21	01:14:00.217	0.82890				2
2025.02.21	01:14:01.579	0.82889	0.82894			6
2025.02.21	01:14:01.883	0.82888				2
2025.02.21	01:14:02.272	0.82890				2
2025.02.21	01:14:03.964		0.82893			4
2025.02.21	01:14:14.193	0.82889				2
2025.02.21	01:14:40.589		0.82892			4
2025.02.21	01:14:57.651		0.82893			4
2025.02.21	01:14:58.352	0.82890				2
2025.02.21	01:15:00.385	0.82889	0.82892			6
2025.02.21	01:15:25.822	0.82890	0.82893			6
2025.02.21	01:15:29.716	0.82889	0.82892			6
2025.02.21	01:15:35.075	0.82890	0.82893			6
2025.02.21	01:15:36.631	0.82889	0.82892			6
2025.02.21	01:15:36.948	0.82888	0.82893			6
2025.02.21	01:15:37.346		0.82892			4
2025.02.21	01:15:37.673		0.82893			4
2025.02.21	01:15:38.072	0.82889				2
2025.02.21	01:15:38.962	0.82888	0.82892			6
2025.02.21	01:15:39.361	0.82889	0.82893			6
2025.02.21	01:15:39.662	0.82888	0.82892			6
2025.02.21	01:15:42.391		0.82893			4
2025.02.21	01:15:47.089	0.82887	0.82891			6
2025.02.21	01:15:49.904		0.82890			4
2025.02.21	01:15:57.118		0.82891			4
2025.02.21	01:15:59.106	0.82888				2
2025.02.21	01:15:59.408		0.82890			4
2025.02.21	01:16:00.364	0.82888				2
2025.02.21	01:16:10.325	0.82889				2
2025.02.21	01:16:25.457	0.82888	0.82889			6
2025.02.21	01:16:30.098	0.82887				2
2025.02.21	01:16:32.422	0.82888				2
2025.02.21	01:16:51.517	0.82887	0.82888			6
2025.02.21	01:16:54.401	0.82886				2
2025.02.21	01:16:55.696		0.82887			4
2025.02.21	01:16:56.020	0.82887	0.82888			6
2025.02.21	01:17:00.081	0.82887				2
2025.02.21	01:17:00.491	0.82885	0.82887			6
2025.02.21	01:17:25.864	0.82884	0.82886			6
2025.02.21	01:17:32.952	0.82885				2
2025.02.21	01:17:34.779	0.82884				2
2025.02.21	01:17:35.375		0.82885			4
2025.02.21	01:17:39.824		0.82886			4
2025.02.21	01:17:41.328	0.82882	0.82885			6
2025.02.21	01:17:42.817	0.82885	0.82886			6
2025.02.21	01:18:01.516	0.82885				2
2025.02.21	01:18:17.318	0.82884				2
2025.02.21	01:18:21.843		0.82885			4
2025.02.21	01:18:22.591	0.82883				2
2025.02.21	01:18:25.947		0.82886			4
2025.02.21	01:18:26.273	0.82885				2
2025.02.21	01:18:33.562	0.82884	0.82885			6
2025.02.21	01:18:36.219	0.82885	0.82886			6
2025.02.21	01:18:40.175	0.82884	0.82885			6
2025.02.21	01:18:41.952	0.82882				2
2025.02.21	01:18:53.788		0.82884			4
2025.02.21	01:18:54.377	0.82885	0.82886			6
2025.02.21	01:18:57.409		0.82887			4
2025.02.21	01:18:59.318	0.82886				2
2025.02.21	01:19:00.342	0.82886				2
2025.02.21	01:19:04.698		0.82888			4
2025.02.21	01:19:05.054		0.82887			4
2025.02.21	01:19:05.755	0.82887	0.82888			6
2025.02.21	01:19:08.220	0.82886	0.82887			6
2025.02.21	01:19:09.192		0.82888			4
2025.02.21	01:19:09.654		0.82887			4
2025.02.21	01:19:12.558	0.82887	0.82888			6
2025.02.21	01:19:13.743	0.82886	0.82887			6
2025.02.21	01:19:19.869	0.82885				2
2025.02.21	01:19:20.262	0.82886				2
2025.02.21	01:19:44.426	0.82885				2
2025.02.21	01:19:50.629	0.82886				2
2025.02.21	01:19:57.579	0.82885				2
2025.02.21	01:19:58.088	0.82886				2
2025.02.21	01:20:00.929	0.82886				2
2025.02.21	01:20:06.898	0.82887	0.82888			6
2025.02.21	01:20:07.306	0.82886	0.82887			6
2025.02.21	01:20:09.352	0.82887	0.82888			6
2025.02.21	01:20:11.378	0.82886	0.82887			6
2025.02.21	01:20:14.011	0.82887	0.82888			6
2025.02.21	01:20:14.392	0.82886	0.82887			6
2025.02.21	01:20:16.611	0.82887	0.82888			6
2025.02.21	01:20:16.915	0.82886	0.82887			6
2025.02.21	01:20:18.158	0.82887	0.82888			6
2025.02.21	01:20:19.461	0.82886	0.82887			6
2025.02.21	01:20:23.558	0.82885				2
2025.02.21	01:20:24.132	0.82886				2
2025.02.21	01:20:34.531	0.82885				2
2025.02.21	01:20:59.650	0.82886				2
2025.02.21	01:21:00.364	0.82886				2
2025.02.21	01:21:04.470	0.82887	0.82888			6
2025.02.21	01:21:26.355	0.82886	0.82887			6
2025.02.21	01:21:48.897	0.82885				2
2025.02.21	01:21:51.929	0.82886				2
2025.02.21	01:22:01.392	0.82886				2
2025.02.21	01:22:02.687	0.82887	0.82888			6
2025.02.21	01:22:05.979	0.82886	0.82887			6
2025.02.21	01:22:06.700	0.82885				2
2025.02.21	01:22:31.155	0.82884				2
2025.02.21	01:22:36.928		0.82886			4
2025.02.21	01:22:41.145		0.82887			4
2025.02.21	01:22:46.902	0.82883	0.82884			6
2025.02.21	01:22:54.007	0.82885	0.82886			6
2025.02.21	01:23:00.366	0.82885				2
2025.02.21	01:23:01.240		0.82887			4
2025.02.21	01:23:01.546	0.82884	0.82885			6
2025.02.21	01:23:05.365	0.82885	0.82886			6
2025.02.21	01:23:13.574	0.82886	0.82887			6
2025.02.21	01:23:24.989	0.82885	0.82886			6
2025.02.21	01:23:50.955	0.82886	0.82887			6
2025.02.21	01:24:00.517	0.82886				2
2025.02.21	01:24:11.407	0.82884	0.82885			6
2025.02.21	01:24:11.725	0.82886	0.82887			6
2025.02.21	01:24:27.233	0.82887	0.82888			6
2025.02.21	01:24:34.075	0.82886	0.82887			6
2025.02.21	01:24:47.464	0.82888	0.82890			6
2025.02.21	01:24:47.775	0.82887	0.82888			6
2025.02.21	01:24:54.564	0.82888	0.82890			6
2025.02.21	01:25:02.309	0.82888				2
2025.02.21	01:25:11.575		0.82889			4
2025.02.21	01:25:11.883	0.82887	0.82888			6
2025.02.21	01:25:13.963	0.82888	0.82889			6
2025.02.21	01:25:17.232	0.82887	0.82888			6
2025.02.21	01:25:17.591	0.82888	0.82889			6
2025.02.21	01:25:17.920	0.82889	0.82890			6
2025.02.21	01:25:18.241		0.82891			4
2025.02.21	01:25:18.729		0.82890			4
2025.02.21	01:25:44.961	0.82890	0.82891			6
2025.02.21	01:26:00.397	0.82890				2
2025.02.21	01:26:47.021		0.82891			4
2025.02.21	01:26:51.245	0.82889	0.82890			6
2025.02.21	01:27:00.901	0.82889				2
2025.02.21	01:27:51.690		0.82890			4
2025.02.21	01:28:00.036	0.82889				2
2025.02.21	01:28:05.884	0.82887	0.82888			6
2025.02.21	01:28:17.632	0.82888	0.82889			6
2025.02.21	01:28:20.665		0.82890			4
2025.02.21	01:28:42.086		0.82889			4
2025.02.21	01:28:42.407		0.82890			4
2025.02.21	01:28:44.002	0.82889				2
2025.02.21	01:28:47.517	0.82888	0.82889			6
2025.02.21	01:28:49.189		0.82890			4
2025.02.21	01:28:57.521	0.82889				2
2025.02.21	01:28:59.681	0.82890	0.82891			6
2025.02.21	01:29:00.415	0.82889	0.82890			6
2025.02.21	01:29:50.526	0.82891	0.82892			6
2025.02.21	01:29:54.293	0.82889	0.82890			6
2025.02.21	01:29:54.915	0.82888				2
2025.02.21	01:30:00.307	0.82888				2
2025.02.21	01:30:01.546		0.82889			4
2025.02.21	01:30:01.918	0.82887				2
2025.02.21	01:30:02.230	0.82886				2
2025.02.21	01:30:02.865	0.82885	0.82888			6
2025.02.21	01:30:03.169	0.82883	0.82889			6
2025.02.21	01:30:03.473	0.82885	0.82891			6
2025.02.21	01:30:04.078	0.82888	0.82890			6
2025.02.21	01:30:04.654	0.82889				2
2025.02.21	01:30:06.675	0.82888	0.82889			6
2025.02.21	01:30:07.358	0.82890	0.82892			6
2025.02.21	01:30:07.976		0.82891			4
2025.02.21	01:30:09.438	0.82889				2
2025.02.21	01:30:10.272		0.82890			4
2025.02.21	01:30:11.188	0.82888				2
2025.02.21	01:30:11.518	0.82889	0.82891			6
2025.02.21	01:30:15.371		0.82890			4
2025.02.21	01:30:16.826	0.82888				2
2025.02.21	01:30:17.488	0.82890	0.82891			6
2025.02.21	01:30:17.836	0.82889	0.82890			6
2025.02.21	01:30:21.584	0.82888				2
2025.02.21	01:30:21.921		0.82889			4
2025.02.21	01:30:23.088	0.82885	0.82887			6
2025.02.21	01:30:24.126	0.82883	0.82886			6
2025.02.21	01:30:24.460	0.82882	0.82885			6
2025.02.21	01:30:24.876	0.82884				2
2025.02.21	01:30:26.131	0.82886	0.82887			6
2025.02.21	01:30:30.099	0.82887	0.82888			6
2025.02.21	01:30:34.062	0.82885	0.82886			6
2025.02.21	01:30:37.517		0.82887			4
2025.02.21	01:30:40.161		0.82886			4
2025.02.21	01:30:41.218	0.82883	0.82885			6
2025.02.21	01:30:44.773		0.82886			4
2025.02.21	01:30:51.805	0.82881	0.82884			6
2025.02.21	01:30:52.152	0.82883				2
2025.02.21	01:30:55.712	0.82881	0.82882			6
2025.02.21	01:30:56.256		0.82884			4
2025.02.21	01:30:58.116	0.82883				2
2025.02.21	01:31:00.091	0.82883				2
2025.02.21	01:31:08.421	0.82882	0.82883			6
2025.02.21	01:31:19.158	0.82881				2
2025.02.21	01:31:19.470	0.82880				2
2025.02.21	01:31:21.614		0.82884			4
2025.02.21	01:31:21.994	0.82879	0.82882			6
2025.02.21	01:31:22.604	0.82880				2
2025.02.21	01:31:27.058	0.82878	0.82881			6
2025.02.21	01:31:27.380	0.82877				2
2025.02.21	01:31:28.287	0.82881	0.82883			6
2025.02.21	01:31:30.691	0.82882				2
2025.02.21	01:31:40.906	0.82881				2
2025.02.21	01:31:57.962		0.82882			4
2025.02.21	01:32:00.266	0.82881	0.82883			6
2025.02.21	01:32:03.694	0.82880				2
2025.02.21	01:32:04.028	0.82879	0.82882			6
2025.02.21	01:32:04.342	0.82878	0.82881			6
2025.02.21	01:32:08.787		0.82882			4
2025.02.21	01:32:10.302		0.82881			4
2025.02.21	01:32:12.980		0.82880			4
2025.02.21	01:32:14.436	0.82877	0.82879			6
2025.02.21	01:32:38.569		0.82878			4
2025.02.21	01:32:39.389	0.82876				2
2025.02.21	01:32:39.695	0.82877				2
2025.02.21	01:32:42.493	0.82876	0.82880			6
2025.02.21	01:32:50.877	0.82877	0.82881			6
2025.02.21	01:32:51.184		0.82879			4
2025.02.21	01:32:54.074	0.82878				2
2025.02.21	01:32:55.041	0.82877				2
2025.02.21	01:32:59.960	0.82878				2
2025.02.21	01:33:00.289	0.82878				2
2025.02.21	01:33:03.041	0.82880	0.82881			6
2025.02.21	01:33:05.063	0.82882	0.82883			6
2025.02.21	01:33:22.171	0.82881	0.82882			6
2025.02.21	01:33:28.585		0.82884			4
2025.02.21	01:33:29.001		0.82882			4
2025.02.21	01:33:30.059		0.82883			4
2025.02.21	01:33:30.377		0.82882			4
2025.02.21	01:33:46.314	0.82883	0.82884			6
2025.02.21	01:33:46.649	0.82881				2
2025.02.21	01:33:47.101		0.82883			4
2025.02.21	01:33:51.941		0.82882			4
2025.02.21	01:33:52.242		0.82884			4
2025.02.21	01:33:54.202		0.82882			4
2025.02.21	01:33:54.881		0.82884			4
2025.02.21	01:33:55.183		0.82883			4
2025.02.21	01:34:00.166	0.82881	0.82882			6
2025.02.21	01:34:10.669	0.82880	0.82881			6
2025.02.21	01:34:24.221	0.82879				2
2025.02.21	01:34:30.180	0.82880				2
2025.02.21	01:35:00.199	0.82880				2
2025.02.21	01:35:07.634	0.82879	0.82880			6
2025.02.21	01:35:08.975	0.82878	0.82879			6
2025.02.21	01:35:10.575	0.82879	0.82880			6
2025.02.21	01:35:28.272	0.82878				2
2025.02.21	01:35:28.581		0.82879			4
2025.02.21	01:35:30.870	0.82880	0.82881			6
2025.02.21	01:35:33.888	0.82881	0.82882			6
2025.02.21	01:35:48.392	0.82879	0.82880			6
2025.02.21	01:35:55.729		0.82881			4
2025.02.21	01:35:56.077		0.82880			4
2025.02.21	01:36:00.482	0.82879				2
2025.02.21	01:36:44.619	0.82875	0.82876			6
2025.02.21	01:36:45.602	0.82878	0.82879			6
2025.02.21	01:36:53.648		0.82880			4
2025.02.21	01:37:00.293	0.82878	0.82879			6
2025.02.21	01:37:04.146		0.82880			4
2025.02.21	01:37:07.544	0.82879				2
2025.02.21	01:37:22.639	0.82880	0.82881			6
2025.02.21	01:37:44.883	0.82879	0.82880			6
2025.02.21	01:38:00.263	0.82879				2
2025.02.21	01:38:47.850		0.82880			4
2025.02.21	01:38:54.315	0.82881	0.82882			6
2025.02.21	01:38:54.973	0.82882	0.82883			6
2025.02.21	01:39:00.546	0.82882				2
2025.02.21	01:39:06.209	0.82883	0.82884			6
2025.02.21	01:39:21.944	0.82884	0.82885			6
2025.02.21	01:39:27.090	0.82883	0.82884			6
2025.02.21	01:39:31.635	0.82884	0.82885			6
2025.02.21	01:39:38.432	0.82883	0.82884			6
2025.02.21	01:39:46.273	0.82884	0.82885			6
2025.02.21	01:40:00.275	0.82884				2
2025.02.21	01:40:24.353	0.82885	0.82886			6
2025.02.21	01:40:41.749	0.82884	0.82885			6
2025.02.21	01:40:43.926	0.82883				2
2025.02.21	01:40:44.231	0.82884				2
2025.02.21	01:40:59.527	0.82885	0.82886			6
2025.02.21	01:41:00.313	0.82885				2
2025.02.21	01:41:12.782	0.82884				2
2025.02.21	01:41:13.111		0.82885			4
2025.02.21	01:41:13.427	0.82885	0.82886			6
2025.02.21	01:41:33.387	0.82886	0.82887			6
2025.02.21	01:41:53.286	0.82887	0.82888			6
2025.02.21	01:42:00.185	0.82887				2
2025.02.21	01:42:19.287	0.82886	0.82887			6
2025.02.21	01:42:19.724	0.82887	0.82888			6
2025.02.21	01:42:23.947	0.82877	0.82879			6
2025.02.21	01:42:24.267		0.82878			4
2025.02.21	01:42:31.931		0.82879			4
2025.02.21	01:42:34.012		0.82878			4
2025.02.21	01:42:34.352	0.82876	0.82877			6
2025.02.21	01:42:36.708	0.82871	0.82872			6
2025.02.21	01:42:52.007	0.82872	0.82873			6
2025.02.21	01:43:01.479	0.82872				2
2025.02.21	01:43:03.181	0.82871				2
2025.02.21	01:43:04.137		0.82872			4
2025.02.21	01:43:04.509	0.82872	0.82873			6
2025.02.21	01:43:04.827	0.82871				2
2025.02.21	01:43:05.394	0.82873	0.82874			6
2025.02.21	01:43:06.011	0.82872	0.82873			6
2025.02.21	01:43:11.285	0.82871	0.82872			6
2025.02.21	01:43:11.634	0.82872	0.82873			6
2025.02.21	01:43:15.669	0.82874	0.82875			6
2025.02.21	01:43:18.255	0.82875	0.82876			6
2025.02.21	01:43:21.866	0.82873	0.82875			6
2025.02.21	01:43:22.924	0.82874				2
2025.02.21	01:43:23.248		0.82876			4
2025.02.21	01:43:26.095		0.82875			4
2025.02.21	01:43:34.629		0.82876			4
2025.02.21	01:43:35.129	0.82875				2
2025.02.21	01:44:00.884	0.82875	0.82877			6
2025.02.21	01:44:02.769		0.82876			4
2025.02.21	01:44:04.104	0.82874	0.82875			6
2025.02.21	01:44:06.085	0.82875	0.82876			6
2025.02.21	01:44:07.738	0.82871	0.82872			6
2025.02.21	01:44:08.044	0.82872	0.82873			6
2025.02.21	01:44:08.364	0.82870	0.82871			6
2025.02.21	01:44:09.433	0.82869				2
2025.02.21	01:44:09.754	0.82870				2
2025.02.21	01:44:10.861	0.82869	0.82870			6
2025.02.21	01:44:15.049	0.82870	0.82871			6
2025.02.21	01:44:15.390	0.82872	0.82873			6
2025.02.21	01:44:20.207	0.82874	0.82875			6
2025.02.21	01:44:20.846	0.82873	0.82874			6
2025.02.21	01:44:24.037	0.82874	0.82875			6
2025.02.21	01:44:28.351		0.82876			4
2025.02.21	01:44:28.665		0.82875			4
2025.02.21	01:44:37.626	0.82876	0.82877			6
2025.02.21	01:44:37.942	0.82874	0.82875			6
2025.02.21	01:44:43.184	0.82875	0.82876			6
2025.02.21	01:44:43.486	0.82873	0.82874			6
2025.02.21	01:44:46.715	0.82874	0.82875			6
2025.02.21	01:44:47.745	0.82876	0.82877			6
2025.02.21	01:44:50.428	0.82877	0.82878			6
2025.02.21	01:44:52.597	0.82876	0.82877			6
2025.02.21	01:44:52.996	0.82875	0.82876			6
2025.02.21	01:44:53.345	0.82876	0.82877			6
2025.02.21	01:45:00.089	0.82876				2
2025.02.21	01:45:00.978	0.82874	0.82875			6
2025.02.21	01:45:04.375		0.82876			4
2025.02.21	01:45:05.005	0.82875				2
2025.02.21	01:45:06.439	0.82880	0.82881			6
2025.02.21	01:45:06.832	0.82879	0.82880			6
2025.02.21	01:45:10.154	0.82882	0.82883			6
2025.02.21	01:45:12.041	0.82881	0.82882			6
2025.02.21	01:45:13.803	0.82882	0.82883			6
2025.02.21	01:45:19.473	0.82884	0.82885			6
2025.02.21	01:45:19.785	0.82883	0.82884			6
2025.02.21	01:45:21.093	0.82881	0.82882			6
2025.02.21	01:45:22.928	0.82883	0.82884			6
2025.02.21	01:45:23.692	0.82881	0.82882			6
2025.02.21	01:45:25.017	0.82883	0.82884			6
2025.02.21	01:45:25.323	0.82882				2
2025.02.21	01:45:25.947		0.82883			4
2025.02.21	01:45:27.100	0.82883	0.82884			6
2025.02.21	01:45:32.335	0.82881	0.82882			6
2025.02.21	01:45:35.641	0.82882	0.82883			6
2025.02.21	01:45:36.902	0.82884	0.82885			6
2025.02.21	01:45:40.714	0.82886	0.82887			6
2025.02.21	01:45:42.590	0.82887	0.82888			6
2025.02.21	01:45:46.976	0.82885	0.82886			6
2025.02.21	01:45:47.341	0.82884				2
2025.02.21	01:45:47.731		0.82885			4
2025.02.21	01:46:00.062	0.82883	0.82884			6
2025.02.21	01:46:03.598	0.82882				2
2025.02.21	01:46:03.944	0.82883				2
2025.02.21	01:46:05.207	0.82882				2
2025.02.21	01:46:05.837	0.82883				2
2025.02.21	01:46:08.779	0.82882	0.82883			6
2025.02.21	01:46:09.084	0.82880	0.82881			6
2025.02.21	01:46:13.308	0.82879				2
2025.02.21	01:46:15.022	0.82880				2
2025.02.21	01:46:28.661	0.82881	0.82882			6
2025.02.21	01:46:29.948	0.82882	0.82883			6
2025.02.21	01:46:35.376	0.82883	0.82884			6
2025.02.21	01:46:36.332	0.82885	0.82886			6
2025.02.21	01:46:36.994	0.82884	0.82885			6
2025.02.21	01:47:00.282	0.82883	0.82884			6
2025.02.21	01:47:00.680	0.82882	0.82883			6
2025.02.21	01:47:00.982	0.82879	0.82881			6
2025.02.21	01:47:04.123	0.82880				2
2025.02.21	01:47:09.869	0.82881	0.82882			6
2025.02.21	01:47:12.545	0.82882	0.82883			6
2025.02.21	01:47:13.689	0.82881	0.82882			6
2025.02.21	01:47:18.856	0.82882	0.82883			6
2025.02.21	01:47:25.589	0.82885	0.82886			6
2025.02.21	01:47:39.083	0.82884	0.82885			6
2025.02.21	01:47:39.436		0.82886			4
2025.02.21	01:47:41.071		0.82885			4
2025.02.21	01:47:41.861		0.82886			4
2025.02.21	01:47:43.981		0.82885			4
2025.02.21	01:47:46.435	0.82883	0.82884			6
2025.02.21	01:47:53.038		0.82885			4
2025.02.21	01:48:00.470	0.82882	0.82884			6
2025.02.21	01:48:00.795		0.82883			4
2025.02.21	01:48:03.345	0.82880	0.82881			6
2025.02.21	01:48:34.119	0.82881	0.82882			6
2025.02.21	01:48:50.177	0.82880	0.82881			6
2025.02.21	01:48:53.934	0.82881	0.82882			6
2025.02.21	01:48:56.352	0.82880	0.82881			6
2025.02.21	01:49:00.360	0.82880				2
2025.02.21	01:49:11.832	0.82879	0.82880			6
2025.02.21	01:49:16.898		0.82881			4
2025.02.21	01:49:18.902		0.82880			4
2025.02.21	01:49:20.657		0.82881			4
2025.02.21	01:49:21.822	0.82880				2
2025.02.21	01:49:29.559	0.82879	0.82880			6
2025.02.21	01:49:41.145	0.82877	0.82878			6
2025.02.21	01:49:42.507	0.82878	0.82879			6
2025.02.21	01:49:43.875	0.82877				2
2025.02.21	01:49:46.623	0.82878				2
2025.02.21	01:49:50.608	0.82877				2
2025.02.21	01:49:53.362		0.82878			4
2025.02.21	01:49:58.009	0.82876				2
2025.02.21	01:50:00.487	0.82876				2
2025.02.21	01:50:01.651	0.82878	0.82879			6
2025.02.21	01:50:01.964	0.82876	0.82877			6
2025.02.21	01:50:10.493	0.82875	0.82876			6
2025.02.21	01:50:20.807	0.82874	0.82875			6
2025.02.21	01:50:25.251	0.82879	0.82880			6
2025.02.21	01:50:26.659	0.82880	0.82881			6
2025.02.21	01:50:28.224	0.82882	0.82883			6
2025.02.21	01:50:28.530	0.82880	0.82881			6
2025.02.21	01:50:33.193	0.82881	0.82882			6
2025.02.21	01:50:44.879	0.82880	0.82881			6
2025.02.21	01:50:47.348	0.82881	0.82882			6
2025.02.21	01:50:48.539	0.82880	0.82881			6
2025.02.21	01:51:00.306	0.82880				2
2025.02.21	01:51:09.660	0.82879				2
2025.02.21	01:51:10.304	0.82880				2
2025.02.21	01:51:10.623	0.82879				2
2025.02.21	01:51:11.366		0.82880			4
2025.02.21	01:51:22.871	0.82877	0.82878			6
2025.02.21	01:51:26.233	0.82876	0.82877			6
2025.02.21	01:51:26.960	0.82875				2
2025.02.21	01:51:28.188	0.82877	0.82878			6
2025.02.21	01:51:30.426	0.82875	0.82877			6
2025.02.21	01:51:31.027	0.82874	0.82876			6
2025.02.21	01:51:33.513		0.82875			4
2025.02.21	01:51:38.987		0.82876			4
2025.02.21	01:51:39.904		0.82875			4
2025.02.21	01:51:51.159	0.82873				2
2025.02.21	01:52:00.116	0.82873				2
2025.02.21	01:52:05.151	0.82874				2
2025.02.21	01:52:32.226	0.82873				2
2025.02.21	01:52:39.981		0.82875			4
2025.02.21	01:52:44.435	0.82872	0.82874			6
2025.02.21	01:52:49.936		0.82873			4
2025.02.21	01:52:50.853	0.82871	0.82872			6
2025.02.21	01:53:00.879	0.82871				2
2025.02.21	01:53:01.290	0.82870	0.82871			6
2025.02.21	01:53:14.875	0.82869	0.82870			6
2025.02.21	01:53:15.929	0.82870	0.82871			6
2025.02.21	01:53:17.377	0.82869	0.82870			6
2025.02.21	01:53:53.179	0.82870	0.82871			6
2025.02.21	01:54:00.472	0.82870				2
2025.02.21	01:54:02.855		0.82872			4
2025.02.21	01:54:10.467		0.82871			4
2025.02.21	01:54:33.890	0.82872	0.82873			6
2025.02.21	01:54:34.849	0.82871	0.82872			6
2025.02.21	01:55:00.405	0.82871				2
2025.02.21	01:55:09.906	0.82870	0.82871			6
2025.02.21	01:55:18.233	0.82871	0.82872			6
2025.02.21	01:55:20.221	0.82870	0.82871			6
2025.02.21	01:55:58.891	0.82872	0.82873			6
2025.02.21	01:56:00.329	0.82872				2
2025.02.21	01:56:10.586	0.82874	0.82875			6
2025.02.21	01:56:25.132	0.82875	0.82876			6
2025.02.21	01:56:31.810	0.82876	0.82877			6
2025.02.21	01:56:33.615	0.82875				2
2025.02.21	01:56:40.411		0.82876			4
2025.02.21	01:56:41.959	0.82876	0.82877			6
2025.02.21	01:56:56.378		0.82878			4
2025.02.21	01:56:56.688	0.82877				2
2025.02.21	01:57:00.445	0.82878	0.82879			6
2025.02.21	01:57:05.111		0.82880			4
2025.02.21	01:57:06.504	0.82880	0.82881			6
2025.02.21	01:57:10.423	0.82879				2
2025.02.21	01:57:11.734	0.82878	0.82879			6
2025.02.21	01:57:17.210	0.82879	0.82880			6
2025.02.21	01:57:25.656	0.82878				2
2025.02.21	01:57:27.039	0.82879				2
2025.02.21	01:57:29.078	0.82878	0.82879			6
2025.02.21	01:57:35.049	0.82877	0.82878			6
2025.02.21	01:57:43.467	0.82876	0.82877			6
2025.02.21	01:57:49.965	0.82875				2
2025.02.21	01:57:50.350		0.82876			4
2025.02.21	01:57:52.609		0.82877			4
2025.02.21	01:57:54.626		0.82876			4
2025.02.21	01:57:58.393		0.82877			4
2025.02.21	01:58:00.583	0.82875				2
2025.02.21	01:58:28.312	0.82876				2
2025.02.21	01:58:36.517	0.82875	0.82876			6
2025.02.21	01:59:00.445	0.82875				2
2025.02.21	01:59:01.486	0.82874	0.82875			6
2025.02.21	01:59:01.798	0.82875	0.82876			6
2025.02.21	01:59:04.507	0.82874	0.82875			6
2025.02.21	01:59:11.816	0.82875	0.82876			6
2025.02.21	01:59:14.409	0.82874	0.82875			6
2025.02.21	01:59:16.288	0.82873	0.82874			6
2025.02.21	01:59:16.611	0.82872	0.82873			6
2025.02.21	01:59:21.392	0.82873	0.82874			6
2025.02.21	01:59:31.225	0.82875	0.82876			6
2025.02.21	01:59:34.057	0.82874				2
2025.02.21	01:59:36.970	0.82876	0.82877			6
2025.02.21	01:59:37.273	0.82875	0.82876			6
2025.02.21	01:59:53.752	0.82878	0.82879			6
2025.02.21	01:59:54.056	0.82879	0.82880			6
2025.02.21	01:59:55.087		0.82881			4
2025.02.21	02:00:00.307	0.82879				2
2025.02.21	02:00:01.537		0.82880			4
2025.02.21	02:00:03.480	0.82878	0.82879			6
2025.02.21	02:00:05.787		0.82880			4
2025.02.21	02:00:06.216		0.82879			4
2025.02.21	02:00:07.576	0.82879	0.82880			6
2025.02.21	02:00:11.182	0.82878				2
2025.02.21	02:00:13.726	0.82877	0.82878			6
2025.02.21	02:00:14.276	0.82876	0.82877			6
2025.02.21	02:00:27.151	0.82875				2
2025.02.21	02:00:27.576		0.82876			4
2025.02.21	02:00:27.876		0.82877			4
2025.02.21	02:00:28.579	0.82876				2
2025.02.21	02:00:36.778	0.82875	0.82876			6
2025.02.21	02:00:45.877	0.82874	0.82875			6
2025.02.21	02:00:46.185	0.82873	0.82874			6
2025.02.21	02:00:49.181	0.82872	0.82873			6
2025.02.21	02:00:49.618		0.82874			4
2025.02.21	02:00:49.920		0.82873			4
2025.02.21	02:00:51.165	0.82874	0.82875			6
2025.02.21	02:00:51.474	0.82872	0.82873			6
2025.02.21	02:00:52.222	0.82871	0.82872			6
2025.02.21	02:00:52.827	0.82870	0.82871			6
2025.02.21	02:00:54.923	0.82868	0.82870			6
2025.02.21	02:00:55.243	0.82869				2
2025.02.21	02:00:55.547		0.82871			4
2025.02.21	02:00:56.350		0.82870			4
2025.02.21	02:00:56.679	0.82871	0.82873			6
2025.02.21	02:00:57.217	0.82872	0.82874			6
2025.02.21	02:00:58.982	0.82874	0.82876			6
2025.02.21	02:00:59.850		0.82875			4
2025.02.21	02:01:00.170	0.82874				2
2025.02.21	02:01:00.487	0.82872				2
2025.02.21	02:01:01.303		0.82876			4
2025.02.21	02:01:01.746		0.82875			4
2025.02.21	02:01:02.706	0.82874				2
2025.02.21	02:01:07.500	0.82873	0.82874			6
2025.02.21	02:01:09.129	0.82874	0.82875			6
2025.02.21	02:01:11.976	0.82872	0.82874			6
2025.02.21	02:01:12.283	0.82874	0.82876			6
2025.02.21	02:01:13.379	0.82875				2
2025.02.21	02:01:14.663	0.82873	0.82875			6
2025.02.21	02:01:14.967		0.82874			4
2025.02.21	02:01:15.930	0.82874	0.82875			6
2025.02.21	02:01:22.622	0.82873	0.82874			6
2025.02.21	02:01:23.852	0.82872				2
2025.02.21	02:01:24.163	0.82871	0.82872			6
2025.02.21	02:01:25.655	0.82870				2
2025.02.21	02:01:26.572		0.82871			4
2025.02.21	02:01:27.251	0.82871	0.82872			6
2025.02.21	02:01:32.051	0.82872	0.82874			6
2025.02.21	02:01:32.356	0.82874	0.82875			6
2025.02.21	02:01:41.796	0.82872	0.82874			6
2025.02.21	02:01:42.401	0.82873				2
2025.02.21	02:01:46.367	0.82872	0.82873			6
2025.02.21	02:01:46.889	0.82871	0.82872			6
2025.02.21	02:01:49.078	0.82870				2
2025.02.21	02:01:49.385	0.82871				2
2025.02.21	02:01:51.216	0.82872	0.82873			6
2025.02.21	02:01:51.834	0.82871	0.82872			6
2025.02.21	02:01:52.359		0.82873			4
2025.02.21	02:01:54.353	0.82872	0.82874			6
2025.02.21	02:01:56.624		0.82873			4
2025.02.21	02:01:57.672	0.82873	0.82875			6
2025.02.21	02:01:58.926		0.82874			4
2025.02.21	02:02:00.448	0.82872				2
2025.02.21	02:02:00.975		0.82873			4
2025.02.21	02:02:01.475	0.82871	0.82872			6
2025.02.21	02:02:06.904	0.82872	0.82873			6
2025.02.21	02:02:07.284	0.82873	0.82874			6
2025.02.21	02:02:08.029	0.82874	0.82875			6
2025.02.21	02:02:09.489	0.82870	0.82871			6
2025.02.21	02:02:09.833	0.82869	0.82870			6
2025.02.21	02:02:17.373	0.82868	0.82869			6
2025.02.21	02:02:18.956	0.82869	0.82870			6
2025.02.21	02:02:20.391	0.82867	0.82868			6
2025.02.21	02:02:21.117	0.82866				2
2025.02.21	02:02:23.790		0.82867			4
2025.02.21	02:02:25.566		0.82868			4
2025.02.21	02:02:25.925	0.82867				2
2025.02.21	02:02:29.904	0.82868	0.82869			6
2025.02.21	02:02:33.169	0.82867	0.82868			6
2025.02.21	02:02:33.486	0.82868	0.82869			6
2025.02.21	02:02:40.155		0.82870			4
2025.02.21	02:02:40.722	0.82869				2
2025.02.21	02:03:00.019	0.82869				2
2025.02.21	02:03:24.470		0.82871			4
2025.02.21	02:03:26.048	0.82870				2
2025.02.21	02:03:33.056	0.82872	0.82873			6
2025.02.21	02:03:33.611	0.82873	0.82874			6
2025.02.21	02:03:39.183	0.82872	0.82873			6
2025.02.21	02:03:39.731	0.82873	0.82874			6
2025.02.21	02:03:42.200	0.82869	0.82870			6
2025.02.21	02:03:48.475	0.82870	0.82871			6
2025.02.21	02:03:50.435	0.82869				2
2025.02.21	02:03:51.920	0.82870				2
2025.02.21	02:03:55.164	0.82869	0.82870			6
2025.02.21	02:04:00.181	0.82869				2
2025.02.21	02:04:04.589		0.82871			4
2025.02.21	02:04:05.386		0.82870			4
2025.02.21	02:04:11.172	0.82868				2
2025.02.21	02:04:11.526	0.82869				2
2025.02.21	02:04:11.829	0.82868	0.82869			6
2025.02.21	02:04:13.656		0.82870			4
2025.02.21	02:04:16.859	0.82869				2
2025.02.21	02:04:23.380	0.82868	0.82869			6
2025.02.21	02:04:24.685	0.82867	0.82868			6
2025.02.21	02:04:26.808	0.82868	0.82869			6
2025.02.21	02:04:28.393		0.82870			4
2025.02.21	02:04:32.009	0.82869				2
2025.02.21	02:04:32.864	0.82868	0.82869			6
2025.02.21	02:04:41.964	0.82869	0.82870			6
2025.02.21	02:04:42.283	0.82868	0.82869			6
2025.02.21	02:04:48.166	0.82867	0.82868			6
2025.02.21	02:04:59.539	0.82866	0.82867			6
2025.02.21	02:05:01.165	0.82866				2
2025.02.21	02:05:04.849		0.82868			4
2025.02.21	02:05:20.006		0.82867			4
2025.02.21	02:05:27.090		0.82868			4
2025.02.21	02:05:31.228	0.82868	0.82869			6
2025.02.21	02:05:32.354	0.82869	0.82870			6
2025.02.21	02:05:32.713	0.82868	0.82869			6
2025.02.21	02:05:34.847	0.82864	0.82865			6
2025.02.21	02:05:41.380	0.82863	0.82864			6
2025.02.21	02:06:00.155	0.82863				2
2025.02.21	02:06:06.739		0.82865			4
2025.02.21	02:06:07.087	0.82864				2
2025.02.21	02:06:08.515	0.82865	0.82866			6
2025.02.21	02:06:16.684	0.82867	0.82868			6
2025.02.21	02:06:16.991	0.82868	0.82869			6
2025.02.21	02:06:18.059		0.82870			4
2025.02.21	02:06:21.197	0.82869				2
2025.02.21	02:06:27.438	0.82868	0.82869			6
2025.02.21	02:06:31.304	0.82869	0.82870			6
2025.02.21	02:06:33.423	0.82868				2
2025.02.21	02:06:33.743		0.82869			4
2025.02.21	02:06:37.342	0.82869	0.82870			6
2025.02.21	02:06:38.918	0.82868				2
2025.02.21	02:06:39.872	0.82869				2
2025.02.21	02:06:40.624	0.82868				2
2025.02.21	02:06:41.054		0.82869			4
2025.02.21	02:06:47.828	0.82869	0.82870			6
2025.02.21	02:06:49.967	0.82870	0.82871			6
2025.02.21	02:06:58.337	0.82871	0.82872			6
2025.02.21	02:06:59.431	0.82870	0.82871			6
2025.02.21	02:07:00.409	0.82870				2
2025.02.21	02:07:02.506		0.82872			4
2025.02.21	02:07:02.882	0.82871				2
2025.02.21	02:07:04.330	0.82870	0.82871			6
2025.02.21	02:07:13.668	0.82869	0.82870			6
2025.02.21	02:07:16.279	0.82868	0.82869			6
2025.02.21	02:07:22.221	0.82869	0.82870			6
2025.02.21	02:07:27.053	0.82868				2
2025.02.21	02:07:27.606		0.82869			4
2025.02.21	02:07:35.242	0.82869	0.82870			6
2025.02.21	02:07:40.347	0.82868	0.82869			6
2025.02.21	02:08:00.597	0.82868				2
2025.02.21	02:08:01.675		0.82870			4
2025.02.21	02:08:02.427		0.82869			4
2025.02.21	02:08:03.741	0.82869	0.82870			6
2025.02.21	02:08:11.004	0.82868	0.82869			6
2025.02.21	02:08:16.333		0.82870			4
2025.02.21	02:08:18.052		0.82869			4
2025.02.21	02:08:18.364	0.82869	0.82870			6
2025.02.21	02:08:35.774	0.82868	0.82869			6
2025.02.21	02:08:50.415	0.82866	0.82867			6
2025.02.21	02:08:53.725	0.82867	0.82868			6
2025.02.21	02:08:54.844		0.82869			4
2025.02.21	02:08:55.203	0.82868				2
2025.02.21	02:09:00.336	0.82868				2
2025.02.21	02:09:16.606		0.82870			4
2025.02.21	02:09:17.031	0.82869				2
2025.02.21	02:09:17.726	0.82868				2
2025.02.21	02:09:21.882		0.82869			4
2025.02.21	02:09:40.869	0.82869	0.82870			6
2025.02.21	02:09:41.648	0.82868				2
2025.02.21	02:09:45.387	0.82869				2
2025.02.21	02:09:46.045	0.82868				2
2025.02.21	02:09:46.351	0.82869				2
2025.02.21	02:09:48.843	0.82868				2
2025.02.21	02:09:49.911		0.82869			4
2025.02.21	02:09:51.768		0.82870			4
2025.02.21	02:09:54.167		0.82869			4
2025.02.21	02:09:56.210	0.82869	0.82870			6
2025.02.21	02:10:00.428	0.82869				2
2025.02.21	02:10:00.741		0.82871			4
2025.02.21	02:10:05.851	0.82870				2
2025.02.21	02:10:09.362	0.82871	0.82872			6
2025.02.21	02:10:09.664	0.82870	0.82871			6
2025.02.21	02:10:14.724	0.82874	0.82875			6
2025.02.21	02:10:19.876	0.82873				2
2025.02.21	02:10:20.287	0.82871	0.82872			6
2025.02.21	02:10:21.373	0.82872	0.82873			6
2025.02.21	02:10:33.335	0.82873	0.82874			6
2025.02.21	02:10:51.983	0.82872	0.82873			6
2025.02.21	02:10:52.348	0.82871	0.82872			6
2025.02.21	02:10:55.408	0.82872	0.82873			6
2025.02.21	02:10:58.233	0.82873	0.82874			6
2025.02.21	02:11:00.519	0.82872	0.82873			6
2025.02.21	02:11:00.879	0.82873	0.82874			6
2025.02.21	02:11:01.186	0.82872				2
2025.02.21	02:11:01.487		0.82873			4
2025.02.21	02:11:03.960	0.82873	0.82874			6
2025.02.21	02:11:04.609	0.82872	0.82873			6
2025.02.21	02:11:10.774	0.82870	0.82872			6
2025.02.21	02:11:11.341		0.82871			4
2025.02.21	02:11:12.421	0.82871	0.82872			6
2025.02.21	02:11:18.252	0.82872	0.82873			6
2025.02.21	02:11:27.902	0.82871	0.82872			6
2025.02.21	02:11:30.246	0.82872	0.82873			6
2025.02.21	02:11:49.667	0.82871	0.82872			6
2025.02.21	02:11:49.968	0.82872	0.82873			6
2025.02.21	02:11:55.495	0.82871	0.82872			6
2025.02.21	02:11:57.288	0.82870	0.82871			6
2025.02.21	02:11:58.946	0.82868	0.82869			6
2025.02.21	02:11:59.252	0.82867	0.82868			6
2025.02.21	02:12:00.358	0.82867				2
2025.02.21	02:12:00.678	0.82866	0.82867			6
2025.02.21	02:12:01.079	0.82867	0.82868			6
2025.02.21	02:12:19.231	0.82865	0.82866			6
2025.02.21	02:12:21.630	0.82867	0.82868			6
2025.02.21	02:12:25.849	0.82869	0.82870			6
2025.02.21	02:12:35.494	0.82868	0.82869			6
2025.02.21	02:12:38.152	0.82869	0.82870			6
2025.02.21	02:12:42.379	0.82868	0.82869			6
2025.02.21	02:12:52.556	0.82867	0.82868			6
2025.02.21	02:12:54.478	0.82868	0.82869			6
2025.02.21	02:13:00.459	0.82869	0.82870			6
2025.02.21	02:13:27.543	0.82870	0.82871			6
2025.02.21	02:13:27.988	0.82869	0.82870			6
2025.02.21	02:13:32.904	0.82870	0.82871			6
2025.02.21	02:13:34.059	0.82871	0.82872			6
2025.02.21	02:13:42.463	0.82872	0.82873			6
2025.02.21	02:13:52.812	0.82873	0.82874			6
2025.02.21	02:13:53.739	0.82872	0.82873			6
2025.02.21	02:13:54.401	0.82871	0.82872			6
2025.02.21	02:13:57.092	0.82872	0.82873			6
2025.02.21	02:14:00.211	0.82872				2
2025.02.21	02:14:14.984	0.82873	0.82874			6
2025.02.21	02:14:16.292	0.82874	0.82875			6
2025.02.21	02:14:17.153	0.82873	0.82874			6
2025.02.21	02:15:00.396	0.82873				2
2025.02.21	02:15:01.982	0.82872	0.82873			6
2025.02.21	02:15:05.566	0.82873	0.82874			6
2025.02.21	02:15:07.204	0.82872	0.82873			6
2025.02.21	02:15:07.682	0.82873	0.82874			6
2025.02.21	02:15:16.192	0.82869	0.82870			6
2025.02.21	02:15:28.069	0.82870	0.82871			6
2025.02.21	02:15:28.485	0.82869	0.82870			6
2025.02.21	02:15:53.589	0.82868	0.82869			6
2025.02.21	02:16:00.039	0.82868				2
2025.02.21	02:16:05.522	0.82869	0.82870			6
2025.02.21	02:16:07.020	0.82868	0.82869			6
2025.02.21	02:16:10.062	0.82869	0.82870			6
2025.02.21	02:16:18.714	0.82868	0.82869			6
2025.02.21	02:16:43.892	0.82869	0.82870			6
2025.02.21	02:16:52.559	0.82868	0.82869			6
2025.02.21	02:16:54.826	0.82869	0.82870			6
2025.02.21	02:17:00.095	0.82869				2
2025.02.21	02:17:02.740	0.82870	0.82871			6
2025.02.21	02:17:11.680	0.82869	0.82870			6
2025.02.21	02:17:29.963	0.82870	0.82871			6
2025.02.21	02:17:31.692	0.82869	0.82870			6
2025.02.21	02:17:50.576	0.82871	0.82872			6
2025.02.21	02:17:51.333	0.82870	0.82871			6
2025.02.21	02:17:58.344	0.82871	0.82872			6
2025.02.21	02:17:59.034	0.82870	0.82871			6
2025.02.21	02:18:00.358	0.82870				2
2025.02.21	02:18:02.459	0.82868	0.82869			6
2025.02.21	02:18:07.326	0.82869	0.82870			6
2025.02.21	02:18:07.797	0.82868	0.82869			6
2025.02.21	02:18:11.655	0.82869	0.82870			6
2025.02.21	02:18:12.583	0.82868	0.82869			6
2025.02.21	02:18:13.329	0.82869	0.82870			6
2025.02.21	02:18:13.689	0.82868	0.82869			6
2025.02.21	02:18:14.381	0.82869	0.82870			6
2025.02.21	02:18:16.780	0.82868	0.82869			6
2025.02.21	02:18:18.082	0.82870	0.82871			6
2025.02.21	02:18:18.982	0.82868	0.82869			6
2025.02.21	02:18:22.070	0.82869	0.82870			6
2025.02.21	02:18:22.384	0.82867	0.82868			6
2025.02.21	02:18:22.741	0.82868	0.82869			6
2025.02.21	02:18:23.749	0.82866	0.82867			6
2025.02.21	02:18:31.896	0.82867	0.82868			6
2025.02.21	02:18:32.202	0.82866	0.82867			6
2025.02.21	02:18:38.095	0.82867	0.82869			6
2025.02.21	02:18:47.249	0.82868				2
2025.02.21	02:18:54.800	0.82869	0.82870			6
2025.02.21	02:18:55.214	0.82870	0.82871			6
2025.02.21	02:18:55.522	0.82869	0.82870			6
2025.02.21	02:19:00.081	0.82870	0.82871			6
2025.02.21	02:19:36.690	0.82871	0.82872			6
2025.02.21	02:19:37.009	0.82870	0.82871			6
2025.02.21	02:19:42.326	0.82871	0.82872			6
2025.02.21	02:19:50.284	0.82872	0.82873			6
2025.02.21	02:19:52.066	0.82871	0.82872			6
2025.02.21	02:19:52.979	0.82872	0.82873			6
2025.02.21	02:19:53.661	0.82871	0.82872			6
2025.02.21	02:19:58.140	0.82873	0.82874			6
2025.02.21	02:20:00.158	0.82873				2
2025.02.21	02:20:11.399	0.82871	0.82872			6
2025.02.21	02:20:11.704	0.82872	0.82873			6
2025.02.21	02:20:13.349	0.82871	0.82872			6
2025.02.21	02:20:13.664	0.82870	0.82871			6
2025.02.21	02:20:24.992	0.82872	0.82873			6
2025.02.21	02:20:32.102	0.82873	0.82874			6
2025.02.21	02:20:34.220	0.82874	0.82875			6
2025.02.21	02:20:38.339	0.82875	0.82876			6
2025.02.21	02:20:44.658	0.82874	0.82875			6
2025.02.21	02:20:54.917	0.82873	0.82874			6
2025.02.21	02:21:00.588	0.82873				2
2025.02.21	02:21:16.476	0.82872	0.82873			6
2025.02.21	02:21:20.336		0.82874			4
2025.02.21	02:21:20.644	0.82873				2
2025.02.21	02:21:32.443	0.82872				2
2025.02.21	02:21:33.278		0.82873			4
2025.02.21	02:21:34.398	0.82871	0.82872			6
2025.02.21	02:21:37.547		0.82873			4
2025.02.21	02:21:44.745	0.82872				2
2025.02.21	02:22:00.232	0.82872				2
2025.02.21	02:22:08.382	0.82873	0.82874			6
2025.02.21	02:22:33.087	0.82872				2
2025.02.21	02:22:42.643		0.82873			4
2025.02.21	02:22:49.903		0.82874			4
2025.02.21	02:22:52.806	0.82873				2
2025.02.21	02:22:55.634	0.82872	0.82873			6
2025.02.21	02:22:56.988	0.82873	0.82874			6
2025.02.21	02:22:59.948	0.82872				2
2025.02.21	02:23:00.258	0.82872				2
2025.02.21	02:23:01.561	0.82873				2
2025.02.21	02:23:03.562		0.82875			4
2025.02.21	02:23:05.179	0.82874				2
2025.02.21	02:23:21.541	0.82875	0.82876			6
2025.02.21	02:23:31.339	0.82873	0.82874			6
2025.02.21	02:23:31.644	0.82876	0.82877			6
2025.02.21	02:23:32.704	0.82875	0.82876			6
2025.02.21	02:23:33.007	0.82873	0.82874			6
2025.02.21	02:23:33.662	0.82875	0.82876			6
2025.02.21	02:23:33.969	0.82876	0.82877			6
2025.02.21	02:23:34.727	0.82878	0.82879			6
2025.02.21	02:23:35.341		0.82880			4
2025.02.21	02:23:35.667	0.82877	0.82878			6
2025.02.21	02:23:36.403	0.82876	0.82877			6
2025.02.21	02:23:42.077	0.82875	0.82876			6
2025.02.21	02:23:44.156	0.82874	0.82875			6
2025.02.21	02:24:00.277	0.82873	0.82874			6
2025.02.21	02:24:02.047	0.82874	0.82875			6
2025.02.21	02:24:04.237	0.82873	0.82874			6
2025.02.21	02:24:04.636	0.82874	0.82875			6
2025.02.21	02:24:06.553	0.82876	0.82877			6
2025.02.21	02:24:13.695	0.82874	0.82875			6
2025.02.21	02:24:14.136	0.82875	0.82876			6
2025.02.21	02:24:20.281	0.82874	0.82875			6
2025.02.21	02:24:21.635	0.82875	0.82876			6
2025.02.21	02:24:25.937	0.82876	0.82877			6
2025.02.21	02:24:31.338	0.82877	0.82878			6
2025.02.21	02:24:32.588	0.82876	0.82877			6
2025.02.21	02:24:33.186	0.82877	0.82878			6
2025.02.21	02:24:34.350	0.82876	0.82877			6
2025.02.21	02:24:37.837	0.82877	0.82878			6
2025.02.21	02:24:45.318	0.82876	0.82877			6
2025.02.21	02:24:50.975	0.82878	0.82879			6
2025.02.21	02:24:51.293	0.82879	0.82880			6
2025.02.21	02:24:52.347	0.82877	0.82878			6
2025.02.21	02:24:53.046	0.82879	0.82880			6
2025.02.21	02:25:00.479	0.82879				2
2025.02.21	02:25:20.053	0.82875	0.82876			6
2025.02.21	02:25:22.079	0.82878	0.82879			6
2025.02.21	02:25:22.860	0.82876	0.82877			6
2025.02.21	02:25:28.894	0.82875	0.82876			6
2025.02.21	02:25:50.547	0.82879	0.82880			6
2025.02.21	02:25:50.853	0.82880	0.82881			6
2025.02.21	02:25:51.780	0.82879	0.82880			6
2025.02.21	02:25:57.106	0.82878	0.82879			6
2025.02.21	02:25:58.353	0.82880	0.82881			6
2025.02.21	02:25:59.985	0.82879	0.82880			6
2025.02.21	02:26:00.463	0.82878	0.82879			6
2025.02.21	02:26:05.070	0.82879	0.82880			6
2025.02.21	02:26:05.817	0.82878	0.82879			6
2025.02.21	02:26:06.124	0.82879	0.82880			6
2025.02.21	02:26:07.206	0.82878	0.82879			6
2025.02.21	02:26:07.520	0.82879	0.82880			6
2025.02.21	02:26:11.198	0.82878	0.82879			6
2025.02.21	02:26:12.419	0.82877	0.82878			6
2025.02.21	02:26:13.449	0.82878	0.82879			6
2025.02.21	02:26:14.710	0.82877	0.82878			6
2025.02.21	02:26:15.697	0.82878	0.82879			6
2025.02.21	02:26:16.006	0.82877	0.82878			6
2025.02.21	02:26:20.427	0.82878	0.82879			6
2025.02.21	02:26:24.017	0.82877				2
2025.02.21	02:26:24.325	0.82876	0.82878			6
2025.02.21	02:26:25.367	0.82877				2
2025.02.21	02:26:30.582	0.82876	0.82877			6
2025.02.21	02:26:59.384	0.82875	0.82876			6
2025.02.21	02:27:00.396	0.82875				2
2025.02.21	02:27:02.680	0.82874	0.82875			6
2025.02.21	02:27:04.829	0.82875	0.82876			6
2025.02.21	02:27:06.131	0.82874	0.82875			6
2025.02.21	02:27:06.479	0.82875	0.82876			6
2025.02.21	02:27:06.881	0.82874	0.82875			6
2025.02.21	02:27:07.379	0.82875	0.82876			6
2025.02.21	02:27:09.030	0.82874	0.82875			6
2025.02.21	02:27:11.090	0.82875	0.82876			6
2025.02.21	02:27:16.931	0.82876	0.82877			6
2025.02.21	02:27:18.716	0.82877	0.82878			6
2025.02.21	02:27:23.579	0.82876	0.82877			6
2025.02.21	02:27:25.793	0.82878	0.82879			6
2025.02.21	02:27:26.101	0.82877	0.82878			6
2025.02.21	02:27:30.601		0.82879			4
2025.02.21	02:27:34.967	0.82876	0.82877			6
2025.02.21	02:27:37.540	0.82875	0.82876			6
2025.02.21	02:27:38.430	0.82874	0.82875			6
2025.02.21	02:27:41.854	0.82875	0.82876			6
2025.02.21	02:27:42.269	0.82874	0.82875			6
2025.02.21	02:27:44.179	0.82875	0.82876			6
2025.02.21	02:27:44.713	0.82874	0.82875			6
2025.02.21	02:27:59.958	0.82875	0.82876			6
2025.02.21	02:28:00.385	0.82875				2
2025.02.21	02:28:15.500	0.82876	0.82877			6
2025.02.21	02:28:15.829	0.82875	0.82876			6
2025.02.21	02:28:16.143	0.82876	0.82877			6
2025.02.21	02:28:18.572	0.82875	0.82876			6
2025.02.21	02:28:22.264	0.82876	0.82877			6
2025.02.21	02:28:23.206	0.82875	0.82876			6
2025.02.21	02:28:23.782	0.82876	0.82877			6
2025.02.21	02:28:25.051	0.82875	0.82876			6
2025.02.21	02:28:25.541	0.82874	0.82875			6
2025.02.21	02:28:27.136	0.82875	0.82876			6
2025.02.21	02:28:27.471	0.82874	0.82875			6
2025.02.21	02:28:28.968	0.82875	0.82876			6
2025.02.21	02:28:29.377	0.82874	0.82875			6
2025.02.21	02:28:35.425	0.82875	0.82876			6
2025.02.21	02:28:53.323	0.82876	0.82877			6
2025.02.21	02:28:54.344	0.82875	0.82876			6
2025.02.21	02:28:57.603	0.82876	0.82877			6
2025.02.21	02:29:01.248	0.82876				2
2025.02.21	02:29:02.862	0.82875	0.82876			6
2025.02.21	02:29:04.678	0.82874	0.82875			6
2025.02.21	02:29:07.871	0.82876	0.82877			6
2025.02.21	02:29:08.782	0.82875	0.82876			6
2025.02.21	02:29:10.933	0.82876	0.82877			6
2025.02.21	02:29:12.177	0.82875	0.82876			6
2025.02.21	02:29:12.705	0.82876	0.82877			6
2025.02.21	02:29:13.026	0.82875	0.82876			6
2025.02.21	02:29:13.816	0.82876	0.82877			6
2025.02.21	02:29:14.805	0.82875	0.82876			6
2025.02.21	02:29:16.424	0.82874	0.82875			6
2025.02.21	02:29:16.762	0.82878	0.82879			6
2025.02.21	02:29:17.186	0.82877	0.82878			6
2025.02.21	02:29:20.730	0.82878	0.82879			6
2025.02.21	02:29:23.917	0.82877	0.82878			6
2025.02.21	02:29:29.803	0.82876	0.82877			6
2025.02.21	02:29:30.931	0.82877	0.82878			6
2025.02.21	02:29:34.353	0.82875	0.82876			6
2025.02.21	02:29:36.513	0.82876	0.82877			6
2025.02.21	02:29:36.816	0.82875	0.82876			6
2025.02.21	02:29:41.281		0.82877			4
2025.02.21	02:29:42.566		0.82876			4
2025.02.21	02:29:47.210	0.82876	0.82877			6
2025.02.21	02:30:00.072	0.82876				2
2025.02.21	02:30:05.956	0.82875	0.82876			6
2025.02.21	02:30:06.296	0.82876	0.82877			6
2025.02.21	02:30:11.978	0.82877	0.82878			6
2025.02.21	02:30:28.065	0.82876	0.82877			6
2025.02.21	02:30:34.117	0.82877	0.82878			6
2025.02.21	02:30:34.680	0.82876	0.82877			6
2025.02.21	02:30:36.241	0.82877	0.82878			6
2025.02.21	02:30:37.138	0.82876	0.82877			6
2025.02.21	02:30:40.337	0.82877	0.82878			6
2025.02.21	02:30:49.169	0.82876	0.82877			6
2025.02.21	02:30:49.846	0.82874	0.82875			6
2025.02.21	02:30:51.131	0.82875	0.82876			6
2025.02.21	02:30:54.128	0.82876	0.82877			6
2025.02.21	02:30:55.687	0.82875	0.82876			6
2025.02.21	02:30:57.879	0.82874	0.82875			6
2025.02.21	02:31:00.131	0.82874				2
2025.02.21	02:31:14.693	0.82877	0.82878			6
2025.02.21	02:31:15.230	0.82875	0.82876			6
2025.02.21	02:31:15.700	0.82876	0.82877			6
2025.02.21	02:31:16.633	0.82875	0.82876			6
2025.02.21	02:31:19.940	0.82876	0.82877			6
2025.02.21	02:31:24.933	0.82875	0.82876			6
2025.02.21	02:31:25.602	0.82876	0.82877			6
2025.02.21	02:31:29.432	0.82877	0.82878			6
2025.02.21	02:31:30.098	0.82876	0.82877			6
2025.02.21	02:31:32.188	0.82877	0.82878			6
2025.02.21	02:31:35.618	0.82876	0.82877			6
2025.02.21	02:31:37.929	0.82878	0.82879			6
2025.02.21	02:31:38.579	0.82876	0.82877			6
2025.02.21	02:31:39.352	0.82877	0.82878			6
2025.02.21	02:31:41.049	0.82876	0.82877			6
2025.02.21	02:31:42.709	0.82878	0.82879			6
2025.02.21	02:31:44.080	0.82879	0.82880			6
2025.02.21	02:31:44.866	0.82878	0.82879			6
2025.02.21	02:31:45.326	0.82879	0.82880			6
2025.02.21	02:31:46.064	0.82880	0.82881			6
2025.02.21	02:31:53.031	0.82879	0.82880			6
2025.02.21	02:31:54.831	0.82880	0.82881			6
2025.02.21	02:31:56.356	0.82879	0.82880			6
2025.02.21	02:31:58.065	0.82878				2
2025.02.21	02:31:58.541	0.82879				2
2025.02.21	02:31:59.577	0.82878	0.82879			6
2025.02.21	02:32:00.331	0.82878				2
2025.02.21	02:32:00.643	0.82880	0.82881			6
2025.02.21	02:32:04.059	0.82881	0.82882			6
2025.02.21	02:32:11.522	0.82880	0.82881			6
2025.02.21	02:32:11.868	0.82881	0.82882			6
2025.02.21	02:32:14.780	0.82879	0.82880			6
2025.02.21	02:32:19.207	0.82878	0.82879			6
2025.02.21	02:32:20.413	0.82879	0.82880			6
2025.02.21	02:32:20.954	0.82878	0.82879			6
2025.02.21	02:32:22.004	0.82875	0.82876			6
2025.02.21	02:32:23.429	0.82876	0.82877			6
2025.02.21	02:32:38.608	0.82875	0.82876			6
2025.02.21	02:32:58.591	0.82876	0.82877			6
2025.02.21	02:33:00.095	0.82877	0.82878			6
2025.02.21	02:33:04.048	0.82876	0.82877			6
2025.02.21	02:33:13.113	0.82875	0.82876			6
2025.02.21	02:33:17.842	0.82873	0.82874			6
2025.02.21	02:33:18.184	0.82872	0.82873			6
2025.02.21	02:33:20.469		0.82874			4
2025.02.21	02:33:23.902	0.82873	0.82875			6
2025.02.21	02:33:30.191	0.82874				2
2025.02.21	02:34:00.157	0.82874				2
2025.02.21	02:34:15.085	0.82873	0.82874			6
2025.02.21	02:34:15.737	0.82872	0.82873			6
2025.02.21	02:34:24.915	0.82871				2
2025.02.21	02:34:26.589		0.82872			4
2025.02.21	02:34:27.435	0.82870	0.82871			6
2025.02.21	02:34:49.304	0.82872	0.82873			6
2025.02.21	02:34:50.298	0.82871	0.82872			6
2025.02.21	02:34:50.973	0.82872	0.82873			6
2025.02.21	02:34:52.030	0.82873	0.82874			6
2025.02.21	02:34:53.136	0.82872	0.82873			6
2025.02.21	02:34:55.172	0.82874	0.82875			6
2025.02.21	02:34:55.483	0.82872	0.82873			6
2025.02.21	02:34:56.678	0.82873	0.82874			6
2025.02.21	02:34:57.322	0.82871	0.82872			6
2025.02.21	02:34:57.638	0.82872	0.82873			6
2025.02.21	02:34:58.130	0.82871	0.82872			6
2025.02.21	02:35:00.481	0.82871				2
2025.02.21	02:35:05.784	0.82872	0.82873			6
2025.02.21	02:35:06.572	0.82871				2
2025.02.21	02:35:13.841	0.82872				2
2025.02.21	02:35:17.215	0.82874	0.82875			6
2025.02.21	02:35:17.526	0.82873	0.82874			6
2025.02.21	02:35:20.351	0.82875	0.82876			6
2025.02.21	02:35:20.660	0.82874	0.82875			6
2025.02.21	02:35:20.967	0.82875	0.82876			6
2025.02.21	02:35:21.411	0.82874	0.82875			6
2025.02.21	02:35:21.979	0.82875	0.82876			6
2025.02.21	02:35:23.778	0.82874	0.82875			6
2025.02.21	02:35:27.466	0.82875	0.82876			6
2025.02.21	02:35:28.345	0.82874	0.82875			6
2025.02.21	02:35:28.699	0.82873	0.82874			6
2025.02.21	02:35:51.198	0.82872	0.82873			6
2025.02.21	02:35:53.839	0.82873	0.82874			6
2025.02.21	02:35:54.192	0.82872	0.82873			6
2025.02.21	02:36:00.837	0.82872				2
2025.02.21	02:36:11.729	0.82874	0.82875			6
2025.02.21	02:36:13.168	0.82873	0.82874			6
2025.02.21	02:36:13.826	0.82874	0.82875			6
2025.02.21	02:36:14.443	0.82875	0.82876			6
2025.02.21	02:36:14.930	0.82874	0.82875			6
2025.02.21	02:36:16.192	0.82875	0.82876			6
2025.02.21	02:36:16.711	0.82874	0.82875			6
2025.02.21	02:36:20.863	0.82875	0.82876			6
2025.02.21	02:36:21.429	0.82874	0.82875			6
2025.02.21	02:36:23.619	0.82873				2
2025.02.21	02:36:24.931		0.82874			4
2025.02.21	02:36:26.353		0.82875			4
2025.02.21	02:36:27.406	0.82874				2
2025.02.21	02:36:29.708	0.82876	0.82877			6
2025.02.21	02:36:30.028	0.82878	0.82880			6
2025.02.21	02:36:30.357		0.82879			4
2025.02.21	02:36:31.225	0.82877	0.82878			6
2025.02.21	02:36:33.458	0.82879	0.82880			6
2025.02.21	02:36:33.807	0.82878	0.82879			6
2025.02.21	02:36:34.441	0.82879	0.82880			6
2025.02.21	02:36:46.679	0.82878	0.82879			6
2025.02.21	02:36:47.229	0.82880	0.82881			6
2025.02.21	02:36:47.789	0.82879	0.82880			6
2025.02.21	02:36:48.329	0.82878	0.82879			6
2025.02.21	02:36:52.079	0.82879	0.82880			6
2025.02.21	02:36:52.671	0.82878	0.82879			6
2025.02.21	02:36:53.233	0.82879	0.82880			6
2025.02.21	02:36:53.551	0.82878	0.82879			6
2025.02.21	02:36:53.868	0.82873	0.82874			6
2025.02.21	02:36:54.930	0.82875	0.82876			6
2025.02.21	02:36:57.525	0.82874	0.82875			6
2025.02.21	02:37:00.442	0.82875	0.82876			6
2025.02.21	02:37:00.742	0.82873	0.82874			6
2025.02.21	02:37:01.552	0.82876	0.82877			6
2025.02.21	02:37:01.874	0.82875	0.82876			6
2025.02.21	02:37:02.470	0.82876	0.82877			6
2025.02.21	02:37:03.284	0.82875	0.82876			6
2025.02.21	02:37:04.328	0.82874	0.82875			6
2025.02.21	02:37:10.789	0.82875	0.82876			6
2025.02.21	02:37:11.104	0.82876	0.82877			6
2025.02.21	02:37:11.481	0.82875	0.82876			6
2025.02.21	02:37:18.467	0.82873	0.82874			6
2025.02.21	02:37:23.238	0.82875	0.82876			6
2025.02.21	02:37:23.549	0.82874	0.82875			6
2025.02.21	02:37:24.377	0.82876	0.82877			6
2025.02.21	02:37:27.080	0.82875	0.82876			6
2025.02.21	02:37:28.944	0.82873	0.82874			6
2025.02.21	02:37:35.221	0.82871	0.82873			6
2025.02.21	02:37:35.551		0.82872			4
2025.02.21	02:37:36.343		0.82873			4
2025.02.21	02:37:37.093	0.82875	0.82876			6
2025.02.21	02:37:37.395	0.82873	0.82874			6
2025.02.21	02:37:38.182	0.82872	0.82873			6
2025.02.21	02:37:39.275	0.82873	0.82874			6
2025.02.21	02:37:42.036	0.82871	0.82872			6
2025.02.21	02:37:43.107	0.82870	0.82871			6
2025.02.21	02:37:53.302	0.82871	0.82872			6
2025.02.21	02:38:00.232	0.82872	0.82873			6
2025.02.21	02:38:00.542	0.82873	0.82874			6
2025.02.21	02:38:01.643	0.82871	0.82872			6
2025.02.21	02:38:02.231	0.82872	0.82873			6
2025.02.21	02:38:03.138	0.82873	0.82874			6
2025.02.21	02:38:04.018	0.82874	0.82875			6
2025.02.21	02:38:04.330	0.82872	0.82873			6
2025.02.21	02:38:05.241	0.82873	0.82874			6
2025.02.21	02:38:07.585	0.82874	0.82875			6
2025.02.21	02:38:10.383	0.82873	0.82874			6
2025.02.21	02:38:11.038	0.82874	0.82875			6
2025.02.21	02:38:11.434	0.82873	0.82874			6
2025.02.21	02:38:11.958	0.82874	0.82875			6
2025.02.21	02:38:12.930	0.82873	0.82874			6
2025.02.21	02:38:14.709	0.82874	0.82875			6
2025.02.21	02:38:21.378	0.82875	0.82876			6
2025.02.21	02:38:21.930	0.82874	0.82875			6
2025.02.21	02:38:25.289	0.82875	0.82876			6
2025.02.21	02:38:42.841	0.82873	0.82874			6
2025.02.21	02:38:43.210	0.82874	0.82875			6
2025.02.21	02:38:52.388	0.82877	0.82878			6
2025.02.21	02:38:52.773	0.82876	0.82877			6
2025.02.21	02:39:00.572	0.82876				2
2025.02.21	02:39:01.557	0.82875	0.82876			6
2025.02.21	02:39:03.783	0.82876	0.82877			6
2025.02.21	02:39:04.087	0.82878	0.82879			6
2025.02.21	02:39:04.418	0.82877	0.82878			6
2025.02.21	02:39:07.113	0.82875	0.82876			6
2025.02.21	02:39:13.376	0.82876	0.82877			6
2025.02.21	02:39:14.024	0.82875	0.82876			6
2025.02.21	02:39:16.779	0.82876	0.82877			6
2025.02.21	02:39:27.418	0.82875	0.82876			6
2025.02.21	02:39:31.181	0.82876	0.82877			6
2025.02.21	02:39:36.417	0.82875	0.82876			6
2025.02.21	02:39:42.126	0.82873	0.82875			6
2025.02.21	02:39:44.379	0.82875	0.82876			6
2025.02.21	02:39:46.994	0.82874	0.82875			6
2025.02.21	02:39:47.419	0.82875	0.82876			6
2025.02.21	02:39:59.146	0.82876	0.82877			6
2025.02.21	02:40:00.047	0.82876				2
2025.02.21	02:40:01.146	0.82875	0.82876			6
2025.02.21	02:40:14.597	0.82877	0.82878			6
2025.02.21	02:40:15.744	0.82876	0.82877			6
2025.02.21	02:40:18.074	0.82875	0.82876			6
2025.02.21	02:40:21.542	0.82876	0.82877			6
2025.02.21	02:40:26.346	0.82875	0.82876			6
2025.02.21	02:40:26.682	0.82874	0.82875			6
2025.02.21	02:40:28.860	0.82875	0.82876			6
2025.02.21	02:40:31.451	0.82874	0.82875			6
2025.02.21	02:40:39.682	0.82873	0.82874			6
2025.02.21	02:40:43.387	0.82871	0.82872			6
2025.02.21	02:40:48.461	0.82873	0.82874			6
2025.02.21	02:40:49.971	0.82874	0.82875			6
2025.02.21	02:40:54.700	0.82875	0.82876			6
2025.02.21	02:41:00.207	0.82872	0.82873			6
2025.02.21	02:41:00.523	0.82874	0.82875			6
2025.02.21	02:41:06.215	0.82872	0.82873			6
2025.02.21	02:41:07.055	0.82874	0.82875			6
2025.02.21	02:41:10.741	0.82873	0.82874			6
2025.02.21	02:41:24.072	0.82871	0.82872			6
2025.02.21	02:41:31.356	0.82872	0.82873			6
2025.02.21	02:41:33.162	0.82871	0.82872			6
2025.02.21	02:41:34.219	0.82872	0.82873			6
2025.02.21	02:41:44.282	0.82869	0.82870			6
2025.02.21	02:41:48.137	0.82871	0.82872			6
2025.02.21	02:41:49.467	0.82872	0.82873			6
2025.02.21	02:41:50.269	0.82868	0.82869			6
2025.02.21	02:41:54.642	0.82867	0.82868			6
2025.02.21	02:41:57.457	0.82868	0.82869			6
2025.02.21	02:42:00.477	0.82869	0.82870			6
2025.02.21	02:42:01.377	0.82867	0.82868			6
2025.02.21	02:42:01.927	0.82868	0.82869			6
2025.02.21	02:42:02.733	0.82869	0.82870			6
2025.02.21	02:42:10.425	0.82870	0.82871			6
2025.02.21	02:42:17.277	0.82869	0.82870			6
2025.02.21	02:42:19.931	0.82868	0.82869			6
2025.02.21	02:42:23.581	0.82867	0.82868			6
2025.02.21	02:42:30.902	0.82869	0.82870			6
2025.02.21	02:42:38.392	0.82867	0.82869			6
2025.02.21	02:42:40.919		0.82868			4
2025.02.21	02:42:41.979	0.82866				2
2025.02.21	02:42:45.698		0.82867			4
2025.02.21	02:42:47.979	0.82865				2
2025.02.21	02:42:48.285	0.82866				2
2025.02.21	02:42:49.814	0.82867	0.82868			6
2025.02.21	02:42:52.330	0.82866	0.82867			6
2025.02.21	02:42:53.190	0.82867	0.82868			6
2025.02.21	02:42:53.679	0.82868	0.82869			6
2025.02.21	02:42:54.024	0.82866	0.82867			6
2025.02.21	02:42:59.438	0.82867	0.82868			6
2025.02.21	02:43:00.124	0.82867				2
2025.02.21	02:43:03.259	0.82866				2
2025.02.21	02:43:08.097		0.82867			4
2025.02.21	02:43:08.572	0.82868	0.82869			6
2025.02.21	02:43:13.894	0.82866	0.82867			6
2025.02.21	02:43:32.416	0.82867	0.82868			6
2025.02.21	02:43:32.763	0.82866	0.82867			6
2025.02.21	02:43:47.396	0.82865	0.82866			6
2025.02.21	02:44:02.422	0.82865				2
2025.02.21	02:44:14.206	0.82864	0.82865			6
2025.02.21	02:44:19.482	0.82863				2
2025.02.21	02:44:19.907		0.82864			4
2025.02.21	02:44:21.034		0.82865			4
2025.02.21	02:44:22.013	0.82864				2
2025.02.21	02:44:29.882	0.82865	0.82866			6
2025.02.21	02:44:40.898	0.82864	0.82865			6
2025.02.21	02:44:43.626	0.82865	0.82866			6
2025.02.21	02:44:44.607	0.82867	0.82868			6
2025.02.21	02:44:48.350	0.82865	0.82866			6
2025.02.21	02:44:56.662	0.82864	0.82865			6
2025.02.21	02:45:00.118	0.82864				2
2025.02.21	02:45:15.160	0.82865	0.82866			6
2025.02.21	02:45:16.017	0.82864				2
2025.02.21	02:45:16.355		0.82865			4
2025.02.21	02:45:20.625	0.82863	0.82864			6
2025.02.21	02:45:21.247	0.82862	0.82863			6
2025.02.21	02:45:23.951	0.82861	0.82862			6
2025.02.21	02:45:27.932	0.82862	0.82863			6
2025.02.21	02:45:28.244	0.82863	0.82864			6
2025.02.21	02:45:31.140	0.82864	0.82865			6
2025.02.21	02:45:31.464	0.82863	0.82864			6
2025.02.21	02:45:43.703		0.82865			4
2025.02.21	02:45:46.872	0.82864				2
2025.02.21	02:45:47.196	0.82863				2
2025.02.21	02:45:49.693	0.82864				2
2025.02.21	02:45:50.421	0.82863	0.82864			6
2025.02.21	02:45:55.339	0.82864	0.82865			6
2025.02.21	02:45:56.970	0.82863	0.82864			6
2025.02.21	02:45:57.284		0.82865			4
2025.02.21	02:45:58.064	0.82864				2
2025.02.21	02:46:00.109	0.82864				2
2025.02.21	02:46:01.401	0.82863	0.82864			6
2025.02.21	02:46:15.447	0.82862	0.82863			6
2025.02.21	02:46:33.611	0.82861	0.82862			6
2025.02.21	02:47:00.054	0.82861				2
2025.02.21	02:47:06.239		0.82863			4
2025.02.21	02:47:06.672	0.82862				2
2025.02.21	02:47:07.686	0.82863	0.82864			6
2025.02.21	02:47:20.478	0.82862				2
2025.02.21	02:47:21.131		0.82863			4
2025.02.21	02:47:35.608	0.82858	0.82859			6
2025.02.21	02:47:40.807	0.82859	0.82860			6
2025.02.21	02:47:47.091		0.82861			4
2025.02.21	02:47:47.399		0.82860			4
2025.02.21	02:47:48.001	0.82858	0.82859			6
2025.02.21	02:48:00.574	0.82858				2
2025.02.21	02:48:02.327	0.82857				2
2025.02.21	02:48:02.644	0.82856	0.82858			6
2025.02.21	02:48:03.976	0.82857				2
2025.02.21	02:48:06.093	0.82858	0.82859			6
2025.02.21	02:48:13.784	0.82859	0.82860			6
2025.02.21	02:48:16.204	0.82858	0.82859			6
2025.02.21	02:48:21.355	0.82859	0.82860			6
2025.02.21	02:48:28.072	0.82858	0.82859			6
2025.02.21	02:48:29.337	0.82859	0.82860			6
2025.02.21	02:48:29.719	0.82860	0.82861			6
2025.02.21	02:48:30.529	0.82859	0.82860			6
2025.02.21	02:48:34.630	0.82860	0.82861			6
2025.02.21	02:48:38.124	0.82861	0.82862			6
2025.02.21	02:48:42.654	0.82859	0.82860			6
2025.02.21	02:49:00.043	0.82859				2
2025.02.21	02:49:14.766	0.82862	0.82863			6
2025.02.21	02:49:18.508	0.82863	0.82864			6
2025.02.21	02:49:22.213	0.82864	0.82865			6
2025.02.21	02:49:23.648	0.82863	0.82864			6
2025.02.21	02:49:24.079	0.82864	0.82865			6
2025.02.21	02:49:24.481	0.82863	0.82864			6
2025.02.21	02:49:29.156	0.82862	0.82863			6
2025.02.21	02:49:30.229	0.82863	0.82864			6
2025.02.21	02:49:32.097	0.82864	0.82865			6
2025.02.21	02:49:32.432	0.82865	0.82866			6
2025.02.21	02:49:33.179	0.82864	0.82865			6
2025.02.21	02:49:33.502	0.82865	0.82866			6
2025.02.21	02:49:33.830	0.82863	0.82864			6
2025.02.21	02:49:35.180	0.82864	0.82865			6
2025.02.21	02:49:35.717	0.82865	0.82866			6
2025.02.21	02:49:36.076	0.82863	0.82864			6
2025.02.21	02:49:44.236		0.82865			4
2025.02.21	02:49:44.595		0.82864			4
2025.02.21	02:49:44.942	0.82865	0.82866			6
2025.02.21	02:49:45.329	0.82864	0.82865			6
2025.02.21	02:49:45.830	0.82865	0.82866			6
2025.02.21	02:49:46.479	0.82863	0.82864			6
2025.02.21	02:49:46.830	0.82864	0.82865			6
2025.02.21	02:49:47.293	0.82865	0.82866			6
2025.02.21	02:49:47.880	0.82864	0.82865			6
2025.02.21	02:49:48.431	0.82865	0.82866			6
2025.02.21	02:49:50.898	0.82864	0.82865			6
2025.02.21	02:49:51.284	0.82863	0.82864			6
2025.02.21	02:49:51.985	0.82864	0.82865			6
2025.02.21	02:49:53.029	0.82865	0.82866			6
2025.02.21	02:49:55.420	0.82864	0.82865			6
2025.02.21	02:49:57.781	0.82865	0.82866			6
2025.02.21	02:50:00.057	0.82864	0.82865			6
2025.02.21	02:50:02.774	0.82863				2
2025.02.21	02:50:03.244	0.82864				2
2025.02.21	02:50:04.104	0.82865	0.82866			6
2025.02.21	02:50:05.970	0.82864	0.82865			6
2025.02.21	02:50:09.387	0.82865	0.82866			6
2025.02.21	02:50:09.829	0.82864	0.82865			6
2025.02.21	02:50:13.541		0.82866			4
2025.02.21	02:50:16.263		0.82865			4
2025.02.21	02:50:21.697	0.82863	0.82864			6
2025.02.21	02:50:23.043	0.82864	0.82865			6
2025.02.21	02:50:23.348	0.82863	0.82864			6
2025.02.21	02:50:30.702	0.82866	0.82867			6
2025.02.21	02:50:32.229	0.82865	0.82866			6
2025.02.21	02:50:32.907	0.82864	0.82865			6
2025.02.21	02:50:34.349	0.82865	0.82866			6
2025.02.21	02:50:47.771	0.82868	0.82869			6
2025.02.21	02:50:54.679	0.82866	0.82867			6
2025.02.21	02:51:00.819	0.82865	0.82866			6
2025.02.21	02:51:13.456	0.82864				2
2025.02.21	02:51:14.096	0.82865				2
2025.02.21	02:51:16.263	0.82864	0.82865			6
2025.02.21	02:51:24.541	0.82863	0.82864			6
2025.02.21	02:51:25.666	0.82864	0.82865			6
2025.02.21	02:51:37.352	0.82865	0.82866			6
2025.02.21	02:51:50.364	0.82868	0.82869			6
2025.02.21	02:51:50.929	0.82867	0.82868			6
2025.02.21	02:51:54.739	0.82868	0.82869			6
2025.02.21	02:51:56.379	0.82867	0.82868			6
2025.02.21	02:51:56.881	0.82865	0.82866			6
2025.02.21	02:51:57.679	0.82864	0.82865			6
2025.02.21	02:51:58.348	0.82865	0.82866			6
2025.02.21	02:51:59.218	0.82864	0.82865			6
2025.02.21	02:52:00.432	0.82864				2
2025.02.21	02:52:04.886	0.82865	0.82866			6
2025.02.21	02:52:05.337	0.82864	0.82865			6
2025.02.21	02:52:06.045	0.82866	0.82867			6
2025.02.21	02:52:06.381	0.82867	0.82868			6
2025.02.21	02:52:06.779	0.82865	0.82866			6
2025.02.21	02:52:12.308	0.82864				2
2025.02.21	02:52:15.202		0.82865			4
2025.02.21	02:52:29.691	0.82863	0.82864			6
2025.02.21	02:52:31.468	0.82864	0.82865			6
2025.02.21	02:52:31.785	0.82865	0.82866			6
2025.02.21	02:52:32.518	0.82864	0.82865			6
2025.02.21	02:52:34.943	0.82863	0.82864			6
2025.02.21	02:52:36.719	0.82864	0.82865			6
2025.02.21	02:52:37.656	0.82863	0.82864			6
2025.02.21	02:52:38.737	0.82864	0.82865			6
2025.02.21	02:52:39.358	0.82865	0.82866			6
2025.02.21	02:52:39.732	0.82864	0.82865			6
2025.02.21	02:52:40.826	0.82865	0.82866			6
2025.02.21	02:52:41.560	0.82864	0.82865			6
2025.02.21	02:52:42.592	0.82865	0.82866			6
2025.02.21	02:52:45.703	0.82864	0.82865			6
2025.02.21	02:52:47.750	0.82865	0.82866			6
2025.02.21	02:52:48.347	0.82866	0.82867			6
2025.02.21	02:52:48.798	0.82867	0.82868			6
2025.02.21	02:52:49.261	0.82866	0.82867			6
2025.02.21	02:52:49.891	0.82865	0.82866			6
2025.02.21	02:53:00.129	0.82865				2
2025.02.21	02:53:00.563	0.82864	0.82865			6
2025.02.21	02:53:04.580	0.82863	0.82864			6
2025.02.21	02:53:09.581	0.82866	0.82867			6
2025.02.21	02:53:10.681	0.82865	0.82866			6
2025.02.21	02:53:11.169	0.82864	0.82865			6
2025.02.21	02:53:15.556	0.82865	0.82866			6
2025.02.21	02:53:16.382	0.82863	0.82864			6
2025.02.21	02:53:24.358	0.82865	0.82866			6
2025.02.21	02:53:25.123	0.82864	0.82865			6
2025.02.21	02:53:27.292	0.82865	0.82866			6
2025.02.21	02:53:32.979	0.82864	0.82865			6
2025.02.21	02:53:46.141	0.82863	0.82864			6
2025.02.21	02:53:49.677	0.82864	0.82865			6
2025.02.21	02:53:50.000	0.82863	0.82864			6
