<DATE>	<TIME>	<BID>	<ASK>	<LAST>	<VOLUME>	<FLAGS>
2025.01.08	00:00:00.235	0.82852	0.83056			6
2025.01.08	00:00:00.886	0.82866	0.82944			6
2025.01.08	00:00:05.521	0.82848				2
2025.01.08	00:00:08.846	0.82873	0.82942			6
2025.01.08	00:00:31.228	0.82819	0.82941			6
2025.01.08	00:00:34.341	0.82826				2
2025.01.08	00:00:49.357		0.82940			4
2025.01.08	00:00:50.017		0.82939			4
2025.01.08	00:00:55.737	0.82843	0.82938			6
2025.01.08	00:01:01.018	0.82843				2
2025.01.08	00:01:30.998		0.82935			4
2025.01.08	00:01:40.205	0.82855	0.82931			6
2025.01.08	00:02:01.018	0.82855				2
2025.01.08	00:02:06.437		0.82949			4
2025.01.08	00:02:35.136	0.82856	0.82948			6
2025.01.08	00:03:00.050	0.82856				2
2025.01.08	00:03:36.457	0.82847	0.82949			6
2025.01.08	00:03:40.906		0.82946			4
2025.01.08	00:03:45.306		0.82956			4
2025.01.08	00:04:01.013	0.82847				2
2025.01.08	00:04:27.242	0.82859				2
2025.01.08	00:04:51.011		0.82956			4
2025.01.08	00:04:56.142		0.82960			4
2025.01.08	00:05:01.020	0.82859				2
2025.01.08	00:05:06.094		0.82950			4
2025.01.08	00:05:08.571		0.82946			4
2025.01.08	00:05:10.320		0.82948			4
2025.01.08	00:05:10.956		0.82945			4
2025.01.08	00:05:15.508		0.82947			4
2025.01.08	00:05:20.352		0.82946			4
2025.01.08	00:05:20.854		0.82942			4
2025.01.08	00:05:25.468		0.82941			4
2025.01.08	00:05:26.217		0.82943			4
2025.01.08	00:05:27.439		0.82942			4
2025.01.08	00:05:30.392		0.82944			4
2025.01.08	00:05:30.995		0.82943			4
2025.01.08	00:05:35.207		0.82941			4
2025.01.08	00:05:35.802		0.82940			4
2025.01.08	00:05:40.112		0.82941			4
2025.01.08	00:05:40.753		0.82943			4
2025.01.08	00:05:44.800		0.82941			4
2025.01.08	00:05:45.637		0.82940			4
2025.01.08	00:05:49.717		0.82941			4
2025.01.08	00:05:51.093		0.82942			4
2025.01.08	00:05:56.580		0.82943			4
2025.01.08	00:06:00.864	0.82859				2
2025.01.08	00:06:01.235		0.82942			4
2025.01.08	00:06:02.361		0.82944			4
2025.01.08	00:06:12.351		0.82943			4
2025.01.08	00:06:17.243	0.82860				2
2025.01.08	00:06:20.897		0.82945			4
2025.01.08	00:06:52.209		0.82946			4
2025.01.08	00:07:01.004	0.82860				2
2025.01.08	00:07:06.681		0.82947			4
2025.01.08	00:07:11.343		0.82945			4
2025.01.08	00:07:16.135		0.82946			4
2025.01.08	00:07:20.685		0.82944			4
2025.01.08	00:07:22.013		0.82948			4
2025.01.08	00:07:32.358	0.82861	0.82944			6
2025.01.08	00:07:33.110		0.82940			4
2025.01.08	00:07:34.898	0.82862				2
2025.01.08	00:07:35.426	0.82860	0.82938			6
2025.01.08	00:07:37.115		0.82936			4
2025.01.08	00:07:38.363	0.82861	0.82935			6
2025.01.08	00:07:40.360	0.82860	0.82936			6
2025.01.08	00:07:42.355	0.82861	0.82935			6
2025.01.08	00:07:49.144		0.82932			4
2025.01.08	00:07:59.192	0.82860	0.82940			6
2025.01.08	00:08:00.363	0.82860	0.82942			6
2025.01.08	00:08:09.225		0.82934			4
2025.01.08	00:08:11.375	0.82866				2
2025.01.08	00:08:19.260		0.82932			4
2025.01.08	00:08:19.569		0.82935			4
2025.01.08	00:08:26.352		0.82934			4
2025.01.08	00:08:29.286		0.82932			4
2025.01.08	00:08:31.338		0.82950			4
2025.01.08	00:08:32.335	0.82864	0.82940			6
2025.01.08	00:08:34.358	0.82863	0.82941			6
2025.01.08	00:08:35.305	0.82870				2
2025.01.08	00:08:42.354		0.82939			4
2025.01.08	00:08:43.683	0.82860	0.82938			6
2025.01.08	00:08:50.321		0.82937			4
2025.01.08	00:08:51.809		0.82934			4
2025.01.08	00:08:53.005	0.82843	0.82910			6
2025.01.08	00:08:54.354		0.82912			4
2025.01.08	00:08:56.361	0.82860	0.82933			6
2025.01.08	00:08:59.394		0.82930			4
2025.01.08	00:09:00.676	0.82839	0.82904			6
2025.01.08	00:09:01.467	0.82860	0.82930			6
2025.01.08	00:09:03.433		0.82931			4
2025.01.08	00:09:04.360		0.82927			4
2025.01.08	00:09:06.655		0.82945			4
2025.01.08	00:09:07.832		0.82935			4
2025.01.08	00:09:09.428		0.82931			4
2025.01.08	00:09:28.548	0.82843	0.82910			6
2025.01.08	00:09:29.077		0.82911			4
2025.01.08	00:09:30.365		0.82912			4
2025.01.08	00:09:33.192	0.82839	0.82904			6
2025.01.08	00:09:40.362	0.82840	0.82903			6
2025.01.08	00:10:00.349	0.82856	0.82910			6
2025.01.08	00:10:07.922	0.82853	0.82908			6
2025.01.08	00:10:08.678	0.82859	0.82917			6
2025.01.08	00:10:09.362	0.82871	0.82928			6
2025.01.08	00:10:10.325	0.82869	0.82929			6
2025.01.08	00:10:12.188	0.82863	0.82923			6
2025.01.08	00:10:15.228	0.82864	0.82924			6
2025.01.08	00:10:18.856	0.82863	0.82923			6
2025.01.08	00:10:19.462	0.82864	0.82924			6
2025.01.08	00:10:22.182	0.82863	0.82923			6
2025.01.08	00:10:29.485	0.82866	0.82926			6
2025.01.08	00:10:30.139	0.82868	0.82928			6
2025.01.08	00:10:32.959	0.82867	0.82927			6
2025.01.08	00:10:39.626	0.82866	0.82926			6
2025.01.08	00:10:39.964	0.82867	0.82927			6
2025.01.08	00:10:40.265	0.82868	0.82928			6
2025.01.08	00:10:46.312	0.82869	0.82929			6
2025.01.08	00:10:48.530	0.82868	0.82928			6
2025.01.08	00:10:50.039	0.82856	0.82916			6
2025.01.08	00:10:50.344	0.82853	0.82913			6
2025.01.08	00:10:53.113	0.82855	0.82915			6
2025.01.08	00:10:57.344	0.82854	0.82914			6
2025.01.08	00:10:58.252	0.82855	0.82915			6
2025.01.08	00:11:00.067	0.82855				2
2025.01.08	00:11:02.182	0.82859	0.82919			6
2025.01.08	00:11:02.483	0.82864	0.82924			6
2025.01.08	00:11:02.786	0.82865	0.82925			6
2025.01.08	00:11:04.300	0.82871	0.82934			6
2025.01.08	00:11:04.644		0.82930			4
2025.01.08	00:11:06.031		0.82929			4
2025.01.08	00:11:07.146		0.82930			4
2025.01.08	00:11:08.236	0.82864	0.82924			6
2025.01.08	00:11:09.185	0.82871	0.82930			6
2025.01.08	00:11:09.630	0.82872	0.82927			6
2025.01.08	00:11:12.005	0.82871				2
2025.01.08	00:11:13.022	0.82854	0.82914			6
2025.01.08	00:11:13.972	0.82852	0.82912			6
2025.01.08	00:11:14.274		0.82910			4
2025.01.08	00:11:22.468	0.82871	0.82934			6
2025.01.08	00:11:22.873	0.82872	0.82937			6
2025.01.08	00:11:32.608	0.82873	0.82936			6
2025.01.08	00:11:33.314	0.82874	0.82935			6
2025.01.08	00:11:33.869	0.82873	0.82937			6
2025.01.08	00:11:34.870		0.82936			4
2025.01.08	00:11:36.307	0.82874	0.82935			6
2025.01.08	00:11:36.641	0.82873	0.82937			6
2025.01.08	00:11:39.304		0.82936			4
2025.01.08	00:11:42.003		0.82937			4
2025.01.08	00:11:44.570	0.82874	0.82939			6
2025.01.08	00:11:45.904	0.82875	0.82938			6
2025.01.08	00:11:56.408		0.82939			4
2025.01.08	00:12:02.406	0.82874				2
2025.01.08	00:12:31.806		0.82942			4
2025.01.08	00:12:32.620	0.82877	0.82945			6
2025.01.08	00:12:40.904	0.82879	0.82949			6
2025.01.08	00:12:42.904	0.82878	0.82950			6
2025.01.08	00:12:45.106		0.82947			4
2025.01.08	00:12:46.354		0.82946			4
2025.01.08	00:12:49.109		0.82944			4
2025.01.08	00:12:52.463		0.82943			4
2025.01.08	00:12:53.097		0.82937			4
2025.01.08	00:12:57.193		0.82939			4
2025.01.08	00:13:00.123	0.82877	0.82941			6
2025.01.08	00:13:01.955		0.82940			4
2025.01.08	00:13:08.821		0.82938			4
2025.01.08	00:13:10.147		0.82937			4
2025.01.08	00:13:20.174		0.82935			4
2025.01.08	00:13:29.995	0.82878	0.82949			6
2025.01.08	00:13:32.924		0.82948			4
2025.01.08	00:13:40.370		0.82947			4
2025.01.08	00:13:41.000		0.82945			4
2025.01.08	00:13:42.418		0.82944			4
2025.01.08	00:13:47.035		0.82945			4
2025.01.08	00:13:48.995		0.82944			4
2025.01.08	00:13:49.997		0.82943			4
2025.01.08	00:13:56.505	0.82876	0.82941			6
2025.01.08	00:14:00.267	0.82876	0.82939			6
2025.01.08	00:14:02.801	0.82875				2
2025.01.08	00:14:10.295		0.82938			4
2025.01.08	00:14:20.320		0.82934			4
2025.01.08	00:14:30.344		0.82931			4
2025.01.08	00:14:37.957	0.82873	0.82936			6
2025.01.08	00:14:40.383		0.82934			4
2025.01.08	00:14:46.248	0.82874	0.82939			6
2025.01.08	00:15:00.604	0.82874				2
2025.01.08	00:15:06.005	0.82873	0.82940			6
2025.01.08	00:16:17.633	0.82873	0.82941			6
2025.01.08	00:16:20.267	0.82874	0.82939			6
2025.01.08	00:16:40.433	0.82875	0.82938			6
2025.01.08	00:16:47.117	0.82874	0.82939			6
2025.01.08	00:17:06.630	0.82874				2
2025.01.08	00:17:17.631	0.82870	0.82927			6
2025.01.08	00:17:28.370	0.82869	0.82928			6
2025.01.08	00:17:33.301	0.82870				2
2025.01.08	00:17:44.699	0.82869				2
2025.01.08	00:17:49.669	0.82868	0.82927			6
2025.01.08	00:17:51.307	0.82865	0.82922			6
2025.01.08	00:17:56.319	0.82866	0.82923			6
2025.01.08	00:17:59.398		0.82922			4
2025.01.08	00:18:01.963	0.82866				2
2025.01.08	00:19:16.335	0.82866	0.82922			6
2025.01.08	00:20:02.703	0.82866				2
2025.01.08	00:20:25.186		0.82922			4
2025.01.08	00:20:27.403	0.82865	0.82923			6
2025.01.08	00:20:40.502	0.82864	0.82924			6
2025.01.08	00:20:50.700		0.82923			4
2025.01.08	00:20:53.714	0.82865	0.82926			6
2025.01.08	00:20:54.451		0.82928			4
2025.01.08	00:21:00.908	0.82866				2
2025.01.08	00:21:07.147		0.82926			4
2025.01.08	00:21:20.950		0.82928			4
2025.01.08	00:21:23.289	0.82867				2
2025.01.08	00:21:31.893		0.82927			4
2025.01.08	00:21:41.920		0.82928			4
2025.01.08	00:21:43.393	0.82868				2
2025.01.08	00:22:01.169	0.82868				2
2025.01.08	00:22:07.013		0.82927			4
2025.01.08	00:22:08.080		0.82928			4
2025.01.08	00:22:12.177		0.82927			4
2025.01.08	00:22:17.535		0.82928			4
2025.01.08	00:22:19.792	0.82867				2
2025.01.08	00:22:20.174		0.82927			4
2025.01.08	00:22:22.357		0.82929			4
2025.01.08	00:22:24.282	0.82868				2
2025.01.08	00:22:25.302	0.82870	0.82923			6
2025.01.08	00:22:37.725		0.82929			4
2025.01.08	00:22:42.293		0.82928			4
2025.01.08	00:22:45.003		0.82927			4
2025.01.08	00:22:59.892		0.82926			4
2025.01.08	00:23:01.002	0.82869				2
2025.01.08	00:23:01.883		0.82927			4
2025.01.08	00:23:08.945	0.82868	0.82926			6
2025.01.08	00:23:12.301		0.82925			4
2025.01.08	00:23:28.106		0.82924			4
2025.01.08	00:23:28.436	0.82869				2
2025.01.08	00:23:29.171		0.82927			4
2025.01.08	00:23:29.477	0.82870	0.82924			6
2025.01.08	00:23:29.782	0.82869				2
2025.01.08	00:23:33.157		0.82926			4
2025.01.08	00:23:36.272		0.82925			4
2025.01.08	00:23:40.322		0.82928			4
2025.01.08	00:23:43.667		0.82927			4
2025.01.08	00:23:48.714		0.82928			4
2025.01.08	00:23:53.363		0.82926			4
2025.01.08	00:23:57.186		0.82928			4
2025.01.08	00:23:57.976		0.82930			4
2025.01.08	00:24:00.091	0.82869				2
2025.01.08	00:24:00.561		0.82928			4
2025.01.08	00:24:06.041	0.82868	0.82924			6
2025.01.08	00:24:12.617	0.82867	0.82925			6
2025.01.08	00:24:27.660	0.82864	0.82919			6
2025.01.08	00:24:30.646	0.82866	0.82925			6
2025.01.08	00:24:33.282		0.82923			4
2025.01.08	00:24:38.356	0.82864	0.82919			6
2025.01.08	00:25:00.323	0.82864				2
2025.01.08	00:25:11.919	0.82863	0.82921			6
2025.01.08	00:25:22.693		0.82919			4
2025.01.08	00:25:26.937	0.82864				2
2025.01.08	00:25:29.897	0.82860	0.82915			6
2025.01.08	00:25:53.711	0.82859				2
2025.01.08	00:26:03.488	0.82861	0.82919			6
2025.01.08	00:26:30.774	0.82859	0.82915			6
2025.01.08	00:27:01.742	0.82859				2
2025.01.08	00:27:06.427	0.82861				2
2025.01.08	00:27:06.738	0.82860				2
2025.01.08	00:27:09.284	0.82863	0.82919			6
2025.01.08	00:27:40.577	0.82862				2
2025.01.08	00:28:00.479	0.82862				2
2025.01.08	00:28:10.705		0.82919			4
2025.01.08	00:28:46.385	0.82864				2
2025.01.08	00:28:48.321		0.82925			4
2025.01.08	00:28:54.140	0.82866				2
2025.01.08	00:28:56.822	0.82865				2
2025.01.08	00:28:57.305	0.82866	0.82920			6
2025.01.08	00:28:58.308		0.82924			4
2025.01.08	00:29:03.376	0.82866				2
2025.01.08	00:29:13.597	0.82865				2
2025.01.08	00:29:14.305		0.82920			4
2025.01.08	00:29:15.310		0.82923			4
2025.01.08	00:29:23.902	0.82870	0.82960			6
2025.01.08	00:29:27.604	0.82871				2
2025.01.08	00:29:40.079	0.82874				2
2025.01.08	00:29:43.259	0.82873				2
2025.01.08	00:29:46.002	0.82874				2
2025.01.08	00:30:00.306	0.82872	0.82948			6
2025.01.08	00:30:22.202	0.82871				2
2025.01.08	00:30:28.413	0.82872				2
2025.01.08	00:30:47.441	0.82873				2
2025.01.08	00:30:49.502	0.82872				2
2025.01.08	00:30:51.279	0.82871				2
2025.01.08	00:30:55.308		0.82943			4
2025.01.08	00:30:56.296	0.82870				2
2025.01.08	00:30:56.981	0.82872				2
2025.01.08	00:30:57.985	0.82871				2
2025.01.08	00:31:03.280	0.82871				2
2025.01.08	00:31:21.302	0.82872				2
2025.01.08	00:31:33.459	0.82874				2
2025.01.08	00:31:50.305		0.82944			4
2025.01.08	00:31:52.397	0.82873				2
2025.01.08	00:32:10.803	0.82873				2
2025.01.08	00:32:16.111	0.82874				2
2025.01.08	00:32:20.419	0.82871				2
2025.01.08	00:32:27.975	0.82869				2
2025.01.08	00:32:35.310	0.82868				2
2025.01.08	00:32:42.191	0.82865	0.82936			6
2025.01.08	00:32:56.860		0.82925			4
2025.01.08	00:33:01.000	0.82865				2
2025.01.08	00:33:31.777	0.82864				2
2025.01.08	00:33:34.503	0.82863				2
2025.01.08	00:33:51.853		0.82922			4
2025.01.08	00:34:00.382	0.82865				2
2025.01.08	00:34:00.821	0.82864				2
2025.01.08	00:34:05.866	0.82863				2
2025.01.08	00:34:46.868		0.82923			4
2025.01.08	00:34:50.102	0.82864				2
2025.01.08	00:35:04.901	0.82864				2
2025.01.08	00:35:40.427	0.82866				2
2025.01.08	00:35:41.867		0.82922			4
2025.01.08	00:35:51.293	0.82868				2
2025.01.08	00:35:55.268	0.82867				2
2025.01.08	00:36:00.992	0.82867				2
2025.01.08	00:36:03.888	0.82865				2
2025.01.08	00:36:13.215	0.82866				2
2025.01.08	00:36:14.444	0.82865				2
2025.01.08	00:36:24.409	0.82866				2
2025.01.08	00:36:25.045	0.82868				2
2025.01.08	00:36:25.569	0.82869				2
2025.01.08	00:36:26.940	0.82866				2
2025.01.08	00:36:27.372	0.82865				2
2025.01.08	00:36:31.232	0.82868				2
2025.01.08	00:36:33.468	0.82865				2
2025.01.08	00:36:36.871		0.82920			4
2025.01.08	00:36:38.769	0.82867				2
2025.01.08	00:36:41.300	0.82868				2
2025.01.08	00:36:46.127	0.82867				2
2025.01.08	00:36:51.780	0.82868				2
2025.01.08	00:37:00.997	0.82868				2
2025.01.08	00:37:17.397	0.82870				2
2025.01.08	00:37:30.420	0.82868				2
2025.01.08	00:37:30.830	0.82866				2
2025.01.08	00:37:31.414	0.82870				2
2025.01.08	00:37:31.860		0.82922			4
2025.01.08	00:37:39.081	0.82868				2
2025.01.08	00:37:41.196	0.82870				2
2025.01.08	00:38:01.059	0.82868				2
2025.01.08	00:38:02.271	0.82869				2
2025.01.08	00:38:07.281	0.82870				2
2025.01.08	00:38:07.584	0.82872				2
2025.01.08	00:38:09.656	0.82871				2
2025.01.08	00:38:11.050	0.82872				2
2025.01.08	00:38:16.203	0.82871				2
2025.01.08	00:38:18.321	0.82869				2
2025.01.08	00:38:32.213		0.82922			4
2025.01.08	00:38:58.866	0.82868	0.82924			6
2025.01.08	00:39:00.103	0.82868				2
2025.01.08	00:39:05.395	0.82869				2
2025.01.08	00:39:15.626	0.82871				2
2025.01.08	00:39:19.434	0.82870				2
2025.01.08	00:39:42.605	0.82869				2
2025.01.08	00:39:46.482	0.82870				2
2025.01.08	00:39:50.715	0.82871				2
2025.01.08	00:39:53.919		0.82923			4
2025.01.08	00:40:03.104	0.82871				2
2025.01.08	00:40:08.703	0.82872				2
2025.01.08	00:40:19.519	0.82871				2
2025.01.08	00:40:36.909	0.82872				2
2025.01.08	00:40:45.306	0.82871				2
2025.01.08	00:40:48.917		0.82922			4
2025.01.08	00:41:01.193	0.82872				2
2025.01.08	00:41:29.267	0.82874				2
2025.01.08	00:41:42.614		0.82939			4
2025.01.08	00:41:43.453	0.82875				2
2025.01.08	00:41:53.840		0.82927			4
2025.01.08	00:42:00.908	0.82875				2
2025.01.08	00:42:21.172		0.82939			4
2025.01.08	00:42:27.868		0.82929			4
2025.01.08	00:42:35.107	0.82876				2
2025.01.08	00:42:53.441	0.82875				2
2025.01.08	00:43:00.291	0.82875				2
2025.01.08	00:43:16.511	0.82876				2
2025.01.08	00:43:28.686	0.82878	0.82929			6
2025.01.08	00:43:29.073	0.82877				2
2025.01.08	00:43:29.645	0.82876				2
2025.01.08	00:44:01.172	0.82876				2
2025.01.08	00:44:17.706		0.82931			4
2025.01.08	00:44:32.381	0.82877				2
2025.01.08	00:44:33.463	0.82876				2
2025.01.08	00:44:34.748	0.82877				2
2025.01.08	00:44:37.123	0.82876				2
2025.01.08	00:44:42.094	0.82875				2
2025.01.08	00:44:43.068	0.82876				2
2025.01.08	00:44:47.767	0.82875				2
2025.01.08	00:45:02.116	0.82866	0.82926			6
2025.01.08	00:45:03.960	0.82875	0.82931			6
2025.01.08	00:45:08.339	0.82887	0.82919			6
2025.01.08	00:45:12.868		0.82917			4
2025.01.08	00:45:55.140	0.82888				2
2025.01.08	00:46:00.330	0.82888				2
2025.01.08	00:46:07.879		0.82918			4
2025.01.08	00:47:00.998	0.82888				2
2025.01.08	00:47:02.107	0.82879	0.82915			6
2025.01.08	00:47:03.920	0.82888	0.82919			6
2025.01.08	00:47:47.710	0.82887				2
2025.01.08	00:48:14.233	0.82887	0.82919			6
2025.01.08	00:48:52.875		0.82918			4
2025.01.08	00:49:01.176	0.82887				2
2025.01.08	00:49:14.317	0.82888	0.82907			6
2025.01.08	00:49:23.707	0.82887				2
2025.01.08	00:50:00.318	0.82887				2
2025.01.08	00:50:07.361	0.82888	0.82906			6
2025.01.08	00:50:08.086	0.82887	0.82907			6
2025.01.08	00:51:01.001	0.82887				2
2025.01.08	00:51:14.760		0.82907			4
2025.01.08	00:51:29.171	0.82875				2
2025.01.08	00:51:55.602	0.82887				2
2025.01.08	00:52:04.117	0.82887				2
2025.01.08	00:52:06.070	0.82888	0.82905			6
2025.01.08	00:52:26.708	0.82889				2
2025.01.08	00:52:27.129	0.82887	0.82906			6
2025.01.08	00:52:34.102	0.82888				2
2025.01.08	00:52:36.382		0.82905			4
2025.01.08	00:52:47.704	0.82889				2
2025.01.08	00:52:48.868	0.82888				2
2025.01.08	00:52:49.908		0.82906			4
2025.01.08	00:52:50.375		0.82905			4
2025.01.08	00:52:51.168		0.82906			4
2025.01.08	00:53:06.547	0.82888				2
2025.01.08	00:53:33.466		0.82905			4
2025.01.08	00:53:58.857	0.82883	0.82903			6
2025.01.08	00:54:00.027	0.82884	0.82901			6
2025.01.08	00:54:04.102	0.82881	0.82908			6
2025.01.08	00:54:04.414	0.82879	0.82910			6
2025.01.08	00:54:07.508	0.82884	0.82905			6
2025.01.08	00:54:29.673	0.82885	0.82904			6
2025.01.08	00:54:30.557	0.82886				2
2025.01.08	00:54:32.001	0.82885				2
2025.01.08	00:54:38.765	0.82886	0.82903			6
2025.01.08	00:55:00.467	0.82886	0.82904			6
2025.01.08	00:55:04.242	0.82885	0.82905			6
2025.01.08	00:55:07.204		0.82904			4
2025.01.08	00:55:08.640	0.82887	0.82903			6
2025.01.08	00:55:13.413	0.82885	0.82905			6
2025.01.08	00:55:25.341	0.82887	0.82903			6
2025.01.08	00:55:31.904	0.82885	0.82905			6
2025.01.08	00:55:35.473		0.82904			4
2025.01.08	00:55:38.133	0.82884	0.82905			6
2025.01.08	00:55:45.779	0.82885				2
2025.01.08	00:55:49.269	0.82886	0.82903			6
2025.01.08	00:56:04.328	0.82886				2
2025.01.08	00:56:12.200	0.82885	0.82904			6
2025.01.08	00:56:12.977	0.82886				2
2025.01.08	00:56:17.944	0.82885				2
2025.01.08	00:56:26.238	0.82886	0.82903			6
2025.01.08	00:56:53.704	0.82885				2
2025.01.08	00:56:57.005	0.82884	0.82904			6
2025.01.08	00:56:59.678	0.82883	0.82906			6
2025.01.08	00:57:00.185	0.82883				2
2025.01.08	00:57:00.514	0.82884	0.82905			6
2025.01.08	00:57:33.349	0.82882	0.82907			6
2025.01.08	00:57:37.266	0.82881				2
2025.01.08	00:57:38.731	0.82883	0.82905			6
2025.01.08	00:57:41.078	0.82880				2
2025.01.08	00:57:41.385		0.82906			4
2025.01.08	00:57:43.196	0.82892	0.82912			6
2025.01.08	00:57:44.814	0.82891				2
2025.01.08	00:57:49.413		0.82913			4
2025.01.08	00:57:52.503		0.82912			4
2025.01.08	00:58:03.622	0.82891				2
2025.01.08	00:58:06.118	0.82889	0.82915			6
2025.01.08	00:58:07.989	0.82891	0.82913			6
2025.01.08	00:58:08.503	0.82888	0.82915			6
2025.01.08	00:58:09.115	0.82889	0.82914			6
2025.01.08	00:58:32.707	0.82890	0.82913			6
2025.01.08	00:58:35.772	0.82891				2
2025.01.08	00:58:41.360	0.82890				2
2025.01.08	00:59:00.360	0.82889	0.82914			6
2025.01.08	00:59:04.129	0.82890	0.82913			6
2025.01.08	00:59:06.615	0.82891	0.82912			6
2025.01.08	00:59:07.005	0.82889	0.82915			6
2025.01.08	00:59:09.675	0.82888				2
2025.01.08	00:59:29.496	0.82890	0.82913			6
2025.01.08	00:59:34.740	0.82889	0.82914			6
2025.01.08	00:59:45.746		0.82915			4
2025.01.08	01:00:00.323	0.82886	0.82908			6
2025.01.08	01:00:00.650	0.82888	0.82907			6
2025.01.08	01:00:00.992		0.82908			4
2025.01.08	01:00:01.362	0.82887	0.82904			6
2025.01.08	01:00:01.757		0.82907			4
2025.01.08	01:00:02.405	0.82885				2
2025.01.08	01:00:02.706	0.82886				2
2025.01.08	01:00:03.614	0.82885	0.82906			6
2025.01.08	01:00:03.917	0.82890	0.82900			6
2025.01.08	01:00:04.219	0.82884	0.82911			6
2025.01.08	01:00:04.545	0.82885	0.82910			6
2025.01.08	01:00:04.938	0.82886	0.82913			6
2025.01.08	01:00:05.478		0.82914			4
2025.01.08	01:00:06.029	0.82889	0.82917			6
2025.01.08	01:00:06.660		0.82905			4
2025.01.08	01:00:06.978	0.82888	0.82904			6
2025.01.08	01:00:07.391	0.82889				2
2025.01.08	01:00:07.781	0.82888				2
2025.01.08	01:00:08.217	0.82889	0.82905			6
2025.01.08	01:00:10.422		0.82903			4
2025.01.08	01:00:10.754	0.82887	0.82900			6
2025.01.08	01:00:11.067	0.82881	0.82906			6
2025.01.08	01:00:11.384	0.82885	0.82898			6
2025.01.08	01:00:11.703	0.82882	0.82895			6
2025.01.08	01:00:12.024	0.82883	0.82896			6
2025.01.08	01:00:12.326	0.82881				2
2025.01.08	01:00:12.801		0.82895			4
2025.01.08	01:00:13.284	0.82882				2
2025.01.08	01:00:14.262	0.82883	0.82897			6
2025.01.08	01:00:15.734		0.82898			4
2025.01.08	01:00:17.338	0.82882	0.82899			6
2025.01.08	01:00:19.244	0.82883				2
2025.01.08	01:00:21.306		0.82898			4
2025.01.08	01:00:22.986		0.82897			4
2025.01.08	01:00:23.417	0.82882				2
2025.01.08	01:00:25.157	0.82881				2
2025.01.08	01:00:25.462	0.82882				2
2025.01.08	01:00:30.746	0.82885	0.82899			6
2025.01.08	01:00:31.171	0.82884				2
2025.01.08	01:00:33.532	0.82885				2
2025.01.08	01:00:37.435	0.82884				2
2025.01.08	01:00:38.385	0.82883				2
2025.01.08	01:00:39.059		0.82898			4
2025.01.08	01:00:41.930	0.82889	0.82903			6
2025.01.08	01:00:42.398	0.82888				2
2025.01.08	01:00:43.962		0.82902			4
2025.01.08	01:00:46.206	0.82887				2
2025.01.08	01:00:51.905		0.82901			4
2025.01.08	01:00:55.528	0.82889	0.82903			6
2025.01.08	01:00:58.954	0.82888	0.82902			6
2025.01.08	01:01:00.162	0.82888				2
2025.01.08	01:01:02.218		0.82901			4
2025.01.08	01:01:06.392	0.82887				2
2025.01.08	01:01:08.301		0.82900			4
2025.01.08	01:01:12.047	0.82890				2
2025.01.08	01:01:12.349	0.82888	0.82898			6
2025.01.08	01:01:23.961	0.82885	0.82895			6
2025.01.08	01:01:24.274	0.82888	0.82898			6
2025.01.08	01:01:24.589		0.82899			4
2025.01.08	01:01:26.388	0.82887	0.82897			6
2025.01.08	01:01:27.550	0.82885	0.82896			6
2025.01.08	01:01:27.997	0.82886				2
2025.01.08	01:01:29.274	0.82885	0.82894			6
2025.01.08	01:01:29.611		0.82895			4
2025.01.08	01:01:32.403	0.82883				2
2025.01.08	01:01:32.721		0.82894			4
2025.01.08	01:01:33.536	0.82882	0.82893			6
2025.01.08	01:01:35.570	0.82881				2
2025.01.08	01:01:38.404	0.82882	0.82894			6
2025.01.08	01:01:43.618		0.82893			4
2025.01.08	01:01:53.680	0.82883				2
2025.01.08	01:02:00.418	0.82883				2
2025.01.08	01:02:09.458	0.82884				2
2025.01.08	01:02:14.852	0.82888	0.82896			6
2025.01.08	01:02:15.382	0.82886	0.82895			6
2025.01.08	01:02:16.918		0.82896			4
2025.01.08	01:02:18.538		0.82895			4
2025.01.08	01:02:26.676		0.82896			4
2025.01.08	01:02:31.861	0.82888				2
2025.01.08	01:02:41.680	0.82889	0.82898			6
2025.01.08	01:02:46.886	0.82891	0.82900			6
2025.01.08	01:02:48.157		0.82901			4
2025.01.08	01:02:49.863		0.82899			4
2025.01.08	01:03:00.569	0.82891	0.82897			6
2025.01.08	01:03:31.266	0.82887	0.82895			6
2025.01.08	01:03:34.200	0.82889	0.82897			6
2025.01.08	01:03:35.958	0.82887	0.82896			6
2025.01.08	01:03:41.314	0.82886	0.82894			6
2025.01.08	01:03:41.616	0.82885	0.82892			6
2025.01.08	01:03:41.929	0.82884				2
2025.01.08	01:03:53.537	0.82883	0.82891			6
2025.01.08	01:03:55.138	0.82886	0.82892			6
2025.01.08	01:03:58.808	0.82890	0.82897			6
2025.01.08	01:04:00.397	0.82890				2
2025.01.08	01:04:01.024	0.82889				2
2025.01.08	01:04:18.009	0.82892	0.82895			6
2025.01.08	01:04:18.351	0.82893				2
2025.01.08	01:04:19.864	0.82889	0.82897			6
2025.01.08	01:04:20.236		0.82896			4
2025.01.08	01:04:23.061	0.82888				2
2025.01.08	01:04:26.415	0.82889				2
2025.01.08	01:04:58.286	0.82888				2
2025.01.08	01:05:00.957	0.82892	0.82897			6
2025.01.08	01:05:01.264	0.82887	0.82895			6
2025.01.08	01:05:01.716		0.82892			4
2025.01.08	01:05:02.131		0.82894			4
2025.01.08	01:05:05.563	0.82886				2
2025.01.08	01:05:10.745	0.82885	0.82893			6
2025.01.08	01:05:11.067	0.82883	0.82891			6
2025.01.08	01:05:16.933	0.82884	0.82892			6
2025.01.08	01:05:17.252	0.82883	0.82890			6
2025.01.08	01:05:17.988	0.82881				2
2025.01.08	01:05:18.295		0.82889			4
2025.01.08	01:05:18.602		0.82890			4
2025.01.08	01:05:19.042		0.82889			4
2025.01.08	01:05:20.958		0.82890			4
2025.01.08	01:05:21.262		0.82889			4
2025.01.08	01:05:21.563	0.82884	0.82893			6
2025.01.08	01:05:22.242	0.82886				2
2025.01.08	01:05:23.273		0.82892			4
2025.01.08	01:05:28.253	0.82885				2
2025.01.08	01:05:29.407		0.82893			4
2025.01.08	01:05:30.149	0.82889	0.82892			6
2025.01.08	01:05:32.009	0.82886				2
2025.01.08	01:05:33.117		0.82893			4
2025.01.08	01:05:33.621	0.82887	0.82894			6
2025.01.08	01:05:35.134	0.82886	0.82893			6
2025.01.08	01:05:36.667	0.82887				2
2025.01.08	01:05:47.784	0.82886	0.82895			6
2025.01.08	01:05:57.717		0.82894			4
2025.01.08	01:06:00.361	0.82886				2
2025.01.08	01:06:06.378	0.82887	0.82895			6
2025.01.08	01:06:21.859	0.82889				2
2025.01.08	01:06:30.352	0.82888	0.82894			6
2025.01.08	01:06:31.797		0.82892			4
2025.01.08	01:06:32.162	0.82887				2
2025.01.08	01:06:36.904	0.82886				2
2025.01.08	01:06:47.816		0.82895			4
2025.01.08	01:06:48.157	0.82887				2
2025.01.08	01:06:51.019		0.82894			4
2025.01.08	01:06:51.602	0.82888	0.82895			6
2025.01.08	01:07:00.902	0.82888				2
2025.01.08	01:07:01.520		0.82894			4
2025.01.08	01:07:03.304	0.82887				2
2025.01.08	01:07:07.753		0.82893			4
2025.01.08	01:07:10.207	0.82888				2
2025.01.08	01:07:11.402	0.82887	0.82892			6
2025.01.08	01:07:14.579	0.82886				2
2025.01.08	01:07:16.374	0.82888				2
2025.01.08	01:07:25.288	0.82890	0.82894			6
2025.01.08	01:07:25.850	0.82891	0.82895			6
2025.01.08	01:07:31.098	0.82890	0.82893			6
2025.01.08	01:07:31.407		0.82894			4
2025.01.08	01:07:59.610	0.82888	0.82892			6
2025.01.08	01:08:00.224	0.82888				2
2025.01.08	01:08:22.434	0.82887	0.82891			6
2025.01.08	01:08:22.880	0.82886	0.82890			6
2025.01.08	01:08:25.998	0.82887				2
2025.01.08	01:08:32.104		0.82891			4
2025.01.08	01:08:34.499		0.82890			4
2025.01.08	01:08:53.340		0.82891			4
2025.01.08	01:08:55.356	0.82886	0.82890			6
2025.01.08	01:09:05.104	0.82886				2
2025.01.08	01:09:41.297	0.82885	0.82889			6
2025.01.08	01:09:46.454	0.82886	0.82890			6
2025.01.08	01:09:56.774	0.82887	0.82891			6
2025.01.08	01:09:57.303	0.82886	0.82892			6
2025.01.08	01:09:58.255	0.82885	0.82889			6
2025.01.08	01:10:00.037	0.82885				2
2025.01.08	01:10:04.303	0.82886				2
2025.01.08	01:10:07.991		0.82890			4
2025.01.08	01:10:16.143		0.82889			4
2025.01.08	01:10:25.173		0.82890			4
2025.01.08	01:10:25.998		0.82889			4
2025.01.08	01:10:31.123		0.82890			4
2025.01.08	01:10:36.104		0.82889			4
2025.01.08	01:10:38.897		0.82888			4
2025.01.08	01:10:50.943		0.82889			4
2025.01.08	01:10:53.054	0.82880	0.82884			6
2025.01.08	01:10:53.386		0.82885			4
2025.01.08	01:10:55.141		0.82884			4
2025.01.08	01:11:00.328	0.82880				2
2025.01.08	01:11:03.559		0.82883			4
2025.01.08	01:11:08.396	0.82882	0.82885			6
2025.01.08	01:11:09.081		0.82884			4
2025.01.08	01:11:26.516	0.82881	0.82883			6
2025.01.08	01:11:29.953		0.82884			4
2025.01.08	01:11:30.492	0.82882	0.82886			6
2025.01.08	01:11:31.959	0.82883				2
2025.01.08	01:11:32.684	0.82881				2
2025.01.08	01:11:36.026	0.82882	0.82887			6
2025.01.08	01:11:37.679	0.82881	0.82884			6
2025.01.08	01:11:41.903		0.82883			4
2025.01.08	01:11:44.323		0.82884			4
2025.01.08	01:11:47.630	0.82880	0.82886			6
2025.01.08	01:11:48.073		0.82885			4
2025.01.08	01:11:52.776		0.82884			4
2025.01.08	01:12:01.863	0.82880	0.82887			6
2025.01.08	01:12:02.615		0.82884			4
2025.01.08	01:12:06.252	0.82881	0.82886			6
2025.01.08	01:12:06.577		0.82885			4
2025.01.08	01:12:08.753		0.82887			4
2025.01.08	01:12:11.543		0.82886			4
2025.01.08	01:12:15.417	0.82882	0.82887			6
2025.01.08	01:12:20.248	0.82878	0.82883			6
2025.01.08	01:12:21.210	0.82881	0.82885			6
2025.01.08	01:12:23.990	0.82885	0.82887			6
2025.01.08	01:12:24.301		0.82889			4
2025.01.08	01:12:24.606	0.82886				2
2025.01.08	01:12:25.361		0.82890			4
2025.01.08	01:12:27.885	0.82890	0.82893			6
2025.01.08	01:12:28.221		0.82894			4
2025.01.08	01:12:31.339		0.82893			4
2025.01.08	01:12:31.983	0.82892	0.82895			6
2025.01.08	01:12:32.854	0.82893				2
2025.01.08	01:12:33.949	0.82891	0.82893			6
2025.01.08	01:12:34.807	0.82888	0.82889			6
2025.01.08	01:12:35.118		0.82890			4
2025.01.08	01:12:36.902		0.82891			4
2025.01.08	01:12:39.665		0.82889			4
2025.01.08	01:12:40.206		0.82890			4
2025.01.08	01:12:41.676	0.82887				2
2025.01.08	01:12:43.456		0.82891			4
2025.01.08	01:12:47.640		0.82890			4
2025.01.08	01:12:50.303	0.82889	0.82891			6
2025.01.08	01:12:51.344	0.82887	0.82890			6
2025.01.08	01:12:53.458	0.82886				2
2025.01.08	01:12:56.704	0.82887	0.82891			6
2025.01.08	01:13:00.359	0.82887				2
2025.01.08	01:13:08.622		0.82890			4
2025.01.08	01:13:10.742	0.82888	0.82891			6
2025.01.08	01:13:11.457		0.82890			4
2025.01.08	01:13:13.094		0.82891			4
2025.01.08	01:13:13.862	0.82890	0.82892			6
2025.01.08	01:13:22.369	0.82888				2
2025.01.08	01:13:22.683	0.82887	0.82890			6
2025.01.08	01:13:22.987	0.82886				2
2025.01.08	01:13:23.808	0.82887				2
2025.01.08	01:13:24.122	0.82886				2
2025.01.08	01:13:30.296		0.82888			4
2025.01.08	01:13:47.646		0.82889			4
2025.01.08	01:13:55.325	0.82888	0.82891			6
2025.01.08	01:13:55.630	0.82887	0.82890			6
2025.01.08	01:13:56.303	0.82886				2
2025.01.08	01:13:58.668	0.82887				2
2025.01.08	01:14:00.013	0.82887				2
2025.01.08	01:14:08.707	0.82886				2
2025.01.08	01:14:20.845		0.82889			4
2025.01.08	01:14:21.812		0.82888			4
2025.01.08	01:14:22.121		0.82890			4
2025.01.08	01:14:31.821		0.82889			4
2025.01.08	01:14:41.309		0.82888			4
2025.01.08	01:14:41.628		0.82889			4
2025.01.08	01:14:47.229	0.82885	0.82888			6
2025.01.08	01:14:50.901		0.82889			4
2025.01.08	01:14:51.359		0.82888			4
2025.01.08	01:15:00.262	0.82886				2
2025.01.08	01:15:11.470		0.82889			4
2025.01.08	01:15:13.135		0.82888			4
2025.01.08	01:15:41.342	0.82884	0.82886			6
2025.01.08	01:15:41.662	0.82883	0.82885			6
2025.01.08	01:15:42.093	0.82882				2
2025.01.08	01:15:45.301	0.82881				2
2025.01.08	01:15:47.278	0.82883	0.82886			6
2025.01.08	01:15:48.521	0.82885	0.82887			6
2025.01.08	01:15:56.698		0.82888			4
2025.01.08	01:16:00.860	0.82885	0.82889			6
2025.01.08	01:16:01.166		0.82888			4
2025.01.08	01:16:02.169	0.82886	0.82889			6
2025.01.08	01:16:09.495	0.82885	0.82888			6
2025.01.08	01:16:19.029	0.82884				2
2025.01.08	01:16:19.639		0.82887			4
2025.01.08	01:16:22.315	0.82886	0.82889			6
2025.01.08	01:16:22.616	0.82887	0.82890			6
2025.01.08	01:16:23.673	0.82888	0.82891			6
2025.01.08	01:16:26.654	0.82887				2
2025.01.08	01:16:28.060	0.82888	0.82890			6
2025.01.08	01:16:29.952	0.82887				2
2025.01.08	01:16:32.617	0.82888				2
2025.01.08	01:16:45.303	0.82889				2
2025.01.08	01:16:47.403	0.82891	0.82892			6
2025.01.08	01:16:47.723	0.82892	0.82893			6
2025.01.08	01:16:48.029		0.82894			4
2025.01.08	01:16:58.621		0.82893			4
2025.01.08	01:17:00.367	0.82892				2
2025.01.08	01:17:16.614		0.82894			4
2025.01.08	01:17:17.968	0.82893				2
2025.01.08	01:17:20.381	0.82892				2
2025.01.08	01:17:26.989		0.82893			4
2025.01.08	01:17:29.060		0.82894			4
2025.01.08	01:17:30.696	0.82893				2
2025.01.08	01:17:39.556	0.82892	0.82893			6
2025.01.08	01:17:40.352		0.82894			4
2025.01.08	01:17:42.778		0.82893			4
2025.01.08	01:17:44.868		0.82894			4
2025.01.08	01:17:45.530	0.82893				2
2025.01.08	01:17:45.841		0.82895			4
2025.01.08	01:17:46.222	0.82892	0.82894			6
2025.01.08	01:17:47.455	0.82893	0.82895			6
2025.01.08	01:17:49.557		0.82894			4
2025.01.08	01:17:49.951	0.82892				2
2025.01.08	01:17:56.733	0.82893				2
2025.01.08	01:18:00.366	0.82893				2
2025.01.08	01:18:10.141	0.82894	0.82895			6
2025.01.08	01:18:28.101	0.82892				2
2025.01.08	01:18:47.841	0.82893	0.82896			6
2025.01.08	01:18:48.168		0.82897			4
2025.01.08	01:18:54.007	0.82896				2
2025.01.08	01:18:54.344		0.82898			4
2025.01.08	01:18:54.676		0.82897			4
2025.01.08	01:18:55.040		0.82898			4
2025.01.08	01:18:57.629		0.82897			4
2025.01.08	01:18:59.790		0.82898			4
2025.01.08	01:19:00.520	0.82896				2
2025.01.08	01:19:06.707		0.82897			4
2025.01.08	01:19:07.954	0.82894				2
2025.01.08	01:19:11.614	0.82896				2
2025.01.08	01:19:18.532	0.82894	0.82896			6
2025.01.08	01:19:18.843	0.82891	0.82892			6
2025.01.08	01:19:19.562		0.82893			4
2025.01.08	01:19:24.827	0.82892				2
2025.01.08	01:19:30.081	0.82893	0.82894			6
2025.01.08	01:19:48.016	0.82892				2
2025.01.08	01:20:00.381	0.82891				2
2025.01.08	01:20:08.116	0.82892	0.82895			6
2025.01.08	01:20:11.409	0.82894	0.82897			6
2025.01.08	01:20:23.442	0.82893	0.82896			6
2025.01.08	01:20:31.568	0.82894	0.82897			6
2025.01.08	01:20:36.249	0.82895	0.82896			6
2025.01.08	01:20:48.485	0.82894	0.82895			6
2025.01.08	01:21:00.360	0.82894	0.82896			6
2025.01.08	01:21:04.147		0.82897			4
2025.01.08	01:21:06.039		0.82896			4
2025.01.08	01:21:06.831		0.82897			4
2025.01.08	01:21:08.992		0.82896			4
2025.01.08	01:21:11.751		0.82897			4
2025.01.08	01:21:21.544		0.82896			4
2025.01.08	01:21:25.966		0.82897			4
2025.01.08	01:21:28.883		0.82896			4
2025.01.08	01:21:32.772	0.82895	0.82897			6
2025.01.08	01:21:33.442	0.82894	0.82896			6
2025.01.08	01:21:41.453	0.82895				2
2025.01.08	01:21:43.523	0.82896	0.82897			6
2025.01.08	01:21:47.340	0.82897	0.82898			6
2025.01.08	01:21:48.361	0.82895	0.82897			6
2025.01.08	01:21:48.669	0.82896	0.82898			6
2025.01.08	01:21:52.625	0.82898	0.82899			6
2025.01.08	01:22:00.148	0.82898				2
2025.01.08	01:22:07.891	0.82896	0.82898			6
2025.01.08	01:22:20.075	0.82898	0.82899			6
2025.01.08	01:22:22.619	0.82895	0.82898			6
2025.01.08	01:22:22.924	0.82897	0.82899			6
2025.01.08	01:22:23.934	0.82898	0.82900			6
2025.01.08	01:22:24.760	0.82897				2
2025.01.08	01:22:32.649	0.82898				2
2025.01.08	01:22:36.379	0.82900	0.82901			6
2025.01.08	01:22:43.074	0.82901	0.82902			6
2025.01.08	01:23:00.994	0.82901				2
2025.01.08	01:23:06.399	0.82902	0.82903			6
2025.01.08	01:23:11.624	0.82903	0.82904			6
2025.01.08	01:23:15.098		0.82905			4
2025.01.08	01:23:16.720	0.82901	0.82903			6
2025.01.08	01:23:22.204		0.82904			4
2025.01.08	01:23:38.736	0.82902				2
2025.01.08	01:23:54.918	0.82904	0.82905			6
2025.01.08	01:24:00.021	0.82904				2
2025.01.08	01:24:08.808	0.82903	0.82904			6
2025.01.08	01:24:09.357	0.82904	0.82905			6
2025.01.08	01:24:35.676	0.82902	0.82904			6
2025.01.08	01:24:38.178	0.82903	0.82905			6
2025.01.08	01:24:38.673	0.82902	0.82904			6
2025.01.08	01:24:41.534		0.82903			4
2025.01.08	01:24:47.801	0.82905	0.82906			6
2025.01.08	01:24:48.106	0.82908	0.82909			6
2025.01.08	01:24:50.169	0.82907	0.82908			6
2025.01.08	01:24:56.053	0.82905	0.82906			6
2025.01.08	01:24:57.818	0.82907	0.82908			6
2025.01.08	01:25:00.031	0.82906	0.82907			6
2025.01.08	01:25:00.592	0.82904	0.82906			6
2025.01.08	01:25:09.704	0.82901	0.82903			6
2025.01.08	01:25:10.040		0.82902			4
2025.01.08	01:25:10.856	0.82900				2
2025.01.08	01:25:20.382		0.82901			4
2025.01.08	01:25:20.712		0.82902			4
2025.01.08	01:25:49.326	0.82901	0.82903			6
2025.01.08	01:26:00.231	0.82901				2
2025.01.08	01:26:00.975	0.82900	0.82902			6
2025.01.08	01:26:30.689	0.82901	0.82903			6
2025.01.08	01:26:31.246	0.82900	0.82902			6
2025.01.08	01:26:34.696		0.82901			4
2025.01.08	01:26:36.513		0.82902			4
2025.01.08	01:26:46.696		0.82901			4
2025.01.08	01:26:57.357		0.82902			4
2025.01.08	01:26:59.421	0.82901	0.82903			6
2025.01.08	01:27:00.969	0.82901				2
2025.01.08	01:27:13.596		0.82904			4
2025.01.08	01:27:14.131		0.82903			4
2025.01.08	01:27:20.440	0.82902	0.82905			6
2025.01.08	01:27:20.747		0.82903			4
2025.01.08	01:27:26.706	0.82901				2
2025.01.08	01:27:29.188		0.82902			4
2025.01.08	01:27:55.962	0.82900				2
2025.01.08	01:28:03.061	0.82900				2
2025.01.08	01:28:30.347		0.82902			4
2025.01.08	01:28:44.301		0.82901			4
2025.01.08	01:28:45.980		0.82903			4
2025.01.08	01:28:46.580	0.82901				2
2025.01.08	01:29:00.396	0.82901				2
2025.01.08	01:29:09.700		0.82904			4
2025.01.08	01:29:16.050		0.82903			4
2025.01.08	01:29:18.618		0.82904			4
2025.01.08	01:29:20.425		0.82903			4
2025.01.08	01:29:21.786		0.82904			4
2025.01.08	01:29:22.417		0.82903			4
2025.01.08	01:29:23.014		0.82904			4
2025.01.08	01:29:23.484		0.82903			4
2025.01.08	01:29:25.589		0.82904			4
2025.01.08	01:29:27.728		0.82903			4
2025.01.08	01:29:33.796	0.82903	0.82904			6
2025.01.08	01:29:41.324	0.82901				2
2025.01.08	01:29:41.983	0.82903				2
2025.01.08	01:29:50.998	0.82904	0.82905			6
2025.01.08	01:29:58.214	0.82903	0.82904			6
2025.01.08	01:29:59.461	0.82901	0.82903			6
2025.01.08	01:30:00.378	0.82901				2
2025.01.08	01:30:00.734	0.82902	0.82904			6
2025.01.08	01:30:02.175	0.82903				2
2025.01.08	01:30:03.992	0.82902				2
2025.01.08	01:30:06.386	0.82904	0.82905			6
2025.01.08	01:30:08.455	0.82901	0.82904			6
2025.01.08	01:30:10.061		0.82905			4
2025.01.08	01:30:10.388		0.82904			4
2025.01.08	01:30:11.008	0.82902				2
2025.01.08	01:30:23.736	0.82901				2
2025.01.08	01:30:31.652		0.82902			4
2025.01.08	01:31:00.587	0.82901				2
2025.01.08	01:31:19.184	0.82904	0.82905			6
2025.01.08	01:31:23.026	0.82903				2
2025.01.08	01:31:24.347	0.82902	0.82904			6
2025.01.08	01:31:39.875	0.82905	0.82906			6
2025.01.08	01:31:42.169		0.82907			4
2025.01.08	01:31:58.897		0.82906			4
2025.01.08	01:32:01.169	0.82905				2
2025.01.08	01:32:11.297		0.82907			4
2025.01.08	01:32:16.665		0.82906			4
2025.01.08	01:32:22.226	0.82902	0.82904			6
2025.01.08	01:32:22.544	0.82903				2
2025.01.08	01:32:24.862	0.82902	0.82903			6
2025.01.08	01:32:26.705	0.82901				2
2025.01.08	01:32:28.866		0.82904			4
2025.01.08	01:32:30.015	0.82904	0.82905			6
2025.01.08	01:32:30.323		0.82906			4
2025.01.08	01:33:00.856	0.82904				2
2025.01.08	01:33:03.264	0.82903				2
2025.01.08	01:33:06.489	0.82905	0.82907			6
2025.01.08	01:33:06.791		0.82908			4
2025.01.08	01:33:20.765		0.82906			4
2025.01.08	01:34:01.496	0.82904	0.82905			6
2025.01.08	01:34:37.872	0.82900	0.82903			6
2025.01.08	01:34:39.065	0.82899	0.82902			6
2025.01.08	01:34:57.868	0.82900				2
2025.01.08	01:35:00.654	0.82901				2
2025.01.08	01:35:01.281	0.82902	0.82904			6
2025.01.08	01:35:16.142	0.82901				2
2025.01.08	01:35:18.154		0.82903			4
2025.01.08	01:36:00.598	0.82901				2
2025.01.08	01:36:11.186	0.82900				2
2025.01.08	01:36:18.489		0.82903			4
2025.01.08	01:36:34.676	0.82901				2
2025.01.08	01:37:01.175	0.82901				2
2025.01.08	01:37:02.506	0.82900	0.82901			6
2025.01.08	01:37:02.873		0.82902			4
2025.01.08	01:37:15.744		0.82901			4
2025.01.08	01:37:29.543	0.82899				2
2025.01.08	01:38:00.356	0.82899				2
2025.01.08	01:38:01.254	0.82903	0.82904			6
2025.01.08	01:38:01.860	0.82904	0.82906			6
2025.01.08	01:38:21.997	0.82905				2
2025.01.08	01:38:25.774	0.82904				2
2025.01.08	01:38:26.279		0.82905			4
2025.01.08	01:38:32.389		0.82906			4
2025.01.08	01:38:56.874	0.82905				2
2025.01.08	01:39:01.213	0.82905				2
2025.01.08	01:39:09.729	0.82906	0.82907			6
2025.01.08	01:39:18.351	0.82905	0.82906			6
2025.01.08	01:39:40.230	0.82906	0.82907			6
2025.01.08	01:39:57.633	0.82905	0.82906			6
2025.01.08	01:40:00.148	0.82905				2
2025.01.08	01:40:34.312	0.82906	0.82907			6
2025.01.08	01:40:49.504	0.82907	0.82908			6
2025.01.08	01:40:49.812	0.82908	0.82910			6
2025.01.08	01:40:50.125	0.82907				2
2025.01.08	01:41:04.178	0.82907	0.82909			6
2025.01.08	01:41:24.112		0.82908			4
2025.01.08	01:41:30.306	0.82906				2
2025.01.08	01:41:31.752	0.82907				2
2025.01.08	01:41:34.679		0.82909			4
2025.01.08	01:41:48.662	0.82909	0.82910			6
2025.01.08	01:41:54.366	0.82907	0.82908			6
2025.01.08	01:41:56.155		0.82909			4
2025.01.08	01:42:01.409	0.82907				2
2025.01.08	01:42:02.393		0.82908			4
2025.01.08	01:42:04.422	0.82906				2
2025.01.08	01:42:05.951	0.82907	0.82909			6
2025.01.08	01:42:11.679	0.82905	0.82908			6
2025.01.08	01:42:12.006		0.82906			4
2025.01.08	01:42:12.350	0.82904				2
2025.01.08	01:42:21.103		0.82907			4
2025.01.08	01:42:24.777		0.82908			4
2025.01.08	01:42:28.891		0.82907			4
2025.01.08	01:42:44.525		0.82906			4
2025.01.08	01:43:00.366	0.82904				2
2025.01.08	01:43:05.504	0.82908	0.82909			6
2025.01.08	01:43:07.408	0.82909	0.82910			6
2025.01.08	01:43:20.024	0.82908				2
2025.01.08	01:43:22.503		0.82909			4
2025.01.08	01:43:23.851	0.82910	0.82911			6
2025.01.08	01:43:34.393	0.82908	0.82910			6
2025.01.08	01:43:36.439	0.82909	0.82911			6
2025.01.08	01:43:36.744	0.82906	0.82908			6
2025.01.08	01:43:43.600	0.82908	0.82910			6
2025.01.08	01:43:43.907	0.82910	0.82911			6
2025.01.08	01:43:45.343	0.82907	0.82910			6
2025.01.08	01:43:45.751		0.82909			4
2025.01.08	01:43:46.480	0.82905				2
2025.01.08	01:43:47.247	0.82906	0.82908			6
2025.01.08	01:43:49.375		0.82909			4
2025.01.08	01:43:49.807		0.82908			4
2025.01.08	01:43:53.759	0.82907	0.82910			6
2025.01.08	01:43:54.601		0.82909			4
2025.01.08	01:43:55.437		0.82910			4
2025.01.08	01:43:55.742	0.82909	0.82911			6
2025.01.08	01:44:01.449	0.82911	0.82912			6
2025.01.08	01:44:05.980		0.82913			4
2025.01.08	01:44:10.120		0.82912			4
2025.01.08	01:44:22.820	0.82909	0.82911			6
2025.01.08	01:44:30.632	0.82908	0.82910			6
2025.01.08	01:44:34.174	0.82909	0.82911			6
2025.01.08	01:44:35.059		0.82910			4
2025.01.08	01:44:57.654		0.82911			4
2025.01.08	01:45:01.769	0.82909				2
2025.01.08	01:45:05.166	0.82912	0.82914			6
2025.01.08	01:45:05.502	0.82911	0.82913			6
2025.01.08	01:45:08.220	0.82910	0.82912			6
2025.01.08	01:45:17.246	0.82913	0.82914			6
2025.01.08	01:45:17.563	0.82911				2
2025.01.08	01:45:18.083	0.82912				2
2025.01.08	01:45:18.400	0.82913	0.82915			6
2025.01.08	01:45:23.773	0.82914	0.82916			6
2025.01.08	01:45:28.847	0.82913				2
2025.01.08	01:45:41.141		0.82915			4
2025.01.08	01:45:41.472	0.82914	0.82916			6
2025.01.08	01:45:41.871	0.82913	0.82915			6
2025.01.08	01:45:42.178	0.82914	0.82916			6
2025.01.08	01:45:42.852	0.82913	0.82915			6
2025.01.08	01:45:52.113	0.82912				2
2025.01.08	01:45:52.431	0.82913				2
2025.01.08	01:45:55.020	0.82914	0.82916			6
2025.01.08	01:45:59.438	0.82912	0.82914			6
2025.01.08	01:46:00.155	0.82912				2
2025.01.08	01:46:02.601		0.82913			4
2025.01.08	01:46:02.904	0.82911				2
2025.01.08	01:46:38.738	0.82910	0.82912			6
2025.01.08	01:46:40.351	0.82909	0.82911			6
2025.01.08	01:46:49.126	0.82908	0.82910			6
2025.01.08	01:47:00.528	0.82908				2
2025.01.08	01:47:30.386	0.82909	0.82911			6
2025.01.08	01:47:33.049	0.82908	0.82910			6
2025.01.08	01:47:37.568	0.82909				2
2025.01.08	01:47:41.703	0.82908				2
2025.01.08	01:47:45.494	0.82909	0.82911			6
2025.01.08	01:47:57.181	0.82910				2
2025.01.08	01:47:57.571	0.82909	0.82912			6
2025.01.08	01:48:01.265	0.82910				2
2025.01.08	01:48:13.199		0.82911			4
2025.01.08	01:48:35.803	0.82909				2
2025.01.08	01:49:00.474	0.82909				2
2025.01.08	01:49:13.562		0.82911			4
2025.01.08	01:49:32.157	0.82910	0.82912			6
2025.01.08	01:49:49.293		0.82911			4
2025.01.08	01:49:50.726	0.82909				2
2025.01.08	01:50:02.596	0.82909				2
2025.01.08	01:50:25.250	0.82910	0.82912			6
2025.01.08	01:50:43.419	0.82909	0.82911			6
2025.01.08	01:50:45.341	0.82911	0.82913			6
2025.01.08	01:50:49.167	0.82909				2
2025.01.08	01:50:51.708	0.82910				2
2025.01.08	01:51:03.727	0.82910				2
2025.01.08	01:51:07.474	0.82909	0.82912			6
2025.01.08	01:51:18.711	0.82910	0.82913			6
2025.01.08	01:51:34.223	0.82912	0.82914			6
2025.01.08	01:51:38.299	0.82911				2
2025.01.08	01:51:39.372		0.82913			4
2025.01.08	01:51:40.374		0.82914			4
2025.01.08	01:51:41.104		0.82913			4
2025.01.08	01:51:41.554		0.82914			4
2025.01.08	01:51:41.911		0.82912			4
2025.01.08	01:51:42.908	0.82910				2
2025.01.08	01:52:02.098	0.82910				2
2025.01.08	01:52:05.792		0.82911			4
2025.01.08	01:52:06.452	0.82908	0.82909			6
2025.01.08	01:52:06.766	0.82907				2
2025.01.08	01:52:07.224		0.82908			4
2025.01.08	01:52:25.389		0.82909			4
2025.01.08	01:52:28.067	0.82908	0.82910			6
2025.01.08	01:52:56.347	0.82907	0.82909			6
2025.01.08	01:52:56.732		0.82908			4
2025.01.08	01:53:00.340	0.82907				2
2025.01.08	01:53:00.788	0.82908	0.82910			6
2025.01.08	01:53:04.345	0.82909	0.82911			6
2025.01.08	01:53:12.043		0.82910			4
2025.01.08	01:53:12.355	0.82908				2
2025.01.08	01:53:19.360	0.82909				2
2025.01.08	01:53:27.984	0.82908				2
2025.01.08	01:53:57.429	0.82909				2
2025.01.08	01:53:57.887	0.82908				2
2025.01.08	01:54:00.203	0.82906	0.82908			6
2025.01.08	01:54:21.940	0.82904	0.82907			6
2025.01.08	01:54:24.433	0.82905				2
2025.01.08	01:54:25.899		0.82906			4
2025.01.08	01:54:37.238	0.82904	0.82907			6
2025.01.08	01:54:41.581		0.82908			4
2025.01.08	01:54:42.087		0.82907			4
2025.01.08	01:54:42.719		0.82906			4
2025.01.08	01:54:45.428	0.82905				2
2025.01.08	01:54:46.852		0.82907			4
2025.01.08	01:54:47.761	0.82904	0.82908			6
2025.01.08	01:54:48.117	0.82905	0.82907			6
2025.01.08	01:54:48.446	0.82904	0.82908			6
2025.01.08	01:54:52.803	0.82905				2
2025.01.08	01:54:53.571	0.82908	0.82910			6
2025.01.08	01:54:53.872		0.82909			4
2025.01.08	01:54:56.039	0.82907	0.82908			6
2025.01.08	01:55:00.589	0.82907	0.82909			6
2025.01.08	01:55:11.255		0.82908			4
2025.01.08	01:55:12.148	0.82906				2
2025.01.08	01:55:16.279	0.82907	0.82909			6
2025.01.08	01:55:18.697	0.82906	0.82908			6
2025.01.08	01:55:19.004	0.82908	0.82910			6
2025.01.08	01:55:29.933	0.82907	0.82908			6
2025.01.08	01:55:31.128	0.82906				2
2025.01.08	01:55:35.080	0.82905	0.82907			6
2025.01.08	01:55:35.883		0.82908			4
2025.01.08	01:55:39.910	0.82904				2
2025.01.08	01:56:01.503	0.82904				2
2025.01.08	01:56:02.278	0.82905	0.82907			6
2025.01.08	01:56:11.890	0.82904	0.82908			6
2025.01.08	01:56:12.338	0.82905	0.82907			6
2025.01.08	01:56:14.333	0.82904	0.82908			6
2025.01.08	01:56:21.185	0.82905				2
2025.01.08	01:56:21.957	0.82906				2
2025.01.08	01:56:22.342		0.82909			4
2025.01.08	01:56:24.583	0.82908	0.82910			6
2025.01.08	01:56:25.137		0.82911			4
2025.01.08	01:56:29.906	0.82909				2
2025.01.08	01:57:00.433	0.82909	0.82910			6
2025.01.08	01:57:02.350	0.82908				2
2025.01.08	01:57:03.141	0.82909				2
2025.01.08	01:57:11.758	0.82908				2
2025.01.08	01:57:13.160		0.82909			4
2025.01.08	01:57:14.948		0.82910			4
2025.01.08	01:57:19.990	0.82909				2
2025.01.08	01:57:22.880	0.82907	0.82909			6
2025.01.08	01:57:28.530		0.82908			4
2025.01.08	01:57:30.429	0.82908	0.82909			6
2025.01.08	01:57:31.227	0.82907				2
2025.01.08	01:57:33.891	0.82908				2
2025.01.08	01:57:41.294	0.82907				2
2025.01.08	01:57:44.716	0.82904	0.82905			6
2025.01.08	01:57:45.801	0.82902	0.82903			6
2025.01.08	01:58:01.506	0.82902				2
2025.01.08	01:58:02.352	0.82901	0.82902			6
2025.01.08	01:58:07.745	0.82900				2
2025.01.08	01:58:37.881		0.82901			4
2025.01.08	01:58:45.512	0.82901	0.82902			6
2025.01.08	01:58:47.616	0.82900				2
2025.01.08	01:58:48.263		0.82901			4
2025.01.08	01:58:50.508	0.82901	0.82902			6
2025.01.08	01:59:01.626	0.82901				2
2025.01.08	01:59:05.124	0.82900	0.82901			6
2025.01.08	01:59:06.666	0.82897	0.82900			6
2025.01.08	01:59:10.316	0.82894	0.82896			6
2025.01.08	01:59:10.656	0.82895				2
2025.01.08	01:59:13.134	0.82894				2
2025.01.08	01:59:13.656	0.82892	0.82893			6
2025.01.08	01:59:14.075	0.82895	0.82896			6
2025.01.08	01:59:20.453	0.82894				2
2025.01.08	01:59:22.944	0.82893				2
2025.01.08	01:59:23.641	0.82891				2
2025.01.08	01:59:24.804	0.82893				2
2025.01.08	01:59:26.090	0.82894	0.82895			6
2025.01.08	01:59:26.406		0.82896			4
2025.01.08	01:59:26.724		0.82895			4
2025.01.08	01:59:27.593	0.82893	0.82894			6
2025.01.08	01:59:29.662	0.82895	0.82896			6
2025.01.08	01:59:30.362		0.82897			4
2025.01.08	01:59:31.105	0.82896				2
2025.01.08	01:59:31.979	0.82895	0.82896			6
2025.01.08	01:59:32.353	0.82896	0.82897			6
2025.01.08	01:59:32.669	0.82895	0.82896			6
2025.01.08	01:59:40.113	0.82894	0.82897			6
2025.01.08	01:59:44.959	0.82893	0.82896			6
2025.01.08	01:59:45.281	0.82892	0.82895			6
2025.01.08	01:59:48.605	0.82891	0.82893			6
2025.01.08	01:59:48.947	0.82890				2
2025.01.08	01:59:55.670		0.82892			4
2025.01.08	01:59:56.561		0.82893			4
2025.01.08	01:59:57.418	0.82891	0.82894			6
2025.01.08	02:00:00.342	0.82891				2
2025.01.08	02:00:00.647	0.82892				2
2025.01.08	02:00:02.368	0.82891				2
2025.01.08	02:00:03.223		0.82893			4
2025.01.08	02:00:04.695		0.82895			4
2025.01.08	02:00:05.298	0.82893	0.82894			6
2025.01.08	02:00:11.725	0.82894	0.82895			6
2025.01.08	02:00:14.524		0.82896			4
2025.01.08	02:00:18.755	0.82895	0.82897			6
2025.01.08	02:00:19.696		0.82896			4
2025.01.08	02:00:24.978	0.82896	0.82897			6
2025.01.08	02:00:26.014	0.82895	0.82896			6
2025.01.08	02:00:40.711		0.82898			4
2025.01.08	02:00:42.785	0.82896				2
2025.01.08	02:00:43.204	0.82897				2
2025.01.08	02:00:43.525	0.82900	0.82901			6
2025.01.08	02:00:51.222	0.82899	0.82900			6
2025.01.08	02:00:55.122	0.82900	0.82901			6
2025.01.08	02:01:00.132	0.82900				2
2025.01.08	02:01:00.652	0.82902	0.82903			6
2025.01.08	02:01:04.662	0.82901	0.82902			6
2025.01.08	02:01:07.153	0.82900				2
2025.01.08	02:01:09.176		0.82901			4
2025.01.08	02:01:11.774	0.82901	0.82902			6
2025.01.08	02:01:19.013	0.82900	0.82901			6
2025.01.08	02:01:21.833	0.82899	0.82900			6
2025.01.08	02:01:31.974	0.82901	0.82902			6
2025.01.08	02:01:32.418	0.82897	0.82898			6
2025.01.08	02:01:34.672	0.82896	0.82897			6
2025.01.08	02:01:36.641	0.82897	0.82898			6
2025.01.08	02:01:36.947	0.82899	0.82900			6
2025.01.08	02:01:42.466	0.82897	0.82898			6
2025.01.08	02:01:49.612	0.82896				2
2025.01.08	02:02:00.155	0.82895				2
2025.01.08	02:02:00.462	0.82896				2
2025.01.08	02:02:01.481	0.82895				2
2025.01.08	02:02:02.189		0.82897			4
2025.01.08	02:02:11.468		0.82898			4
2025.01.08	02:02:13.346		0.82896			4
2025.01.08	02:02:14.527	0.82894				2
2025.01.08	02:02:22.361	0.82893	0.82895			6
2025.01.08	02:02:23.115	0.82890	0.82893			6
2025.01.08	02:02:32.139	0.82891				2
2025.01.08	02:02:32.836		0.82894			4
2025.01.08	02:02:38.886	0.82894	0.82895			6
2025.01.08	02:02:43.116	0.82893				2
2025.01.08	02:02:49.598		0.82896			4
2025.01.08	02:02:49.902	0.82894				2
2025.01.08	02:02:52.041		0.82897			4
2025.01.08	02:02:59.456	0.82895	0.82898			6
2025.01.08	02:02:59.828	0.82896				2
2025.01.08	02:03:00.361	0.82895				2
2025.01.08	02:03:02.852		0.82897			4
2025.01.08	02:03:16.470	0.82894				2
2025.01.08	02:03:18.964	0.82895	0.82898			6
2025.01.08	02:03:20.212	0.82896	0.82899			6
2025.01.08	02:03:24.188	0.82895	0.82897			6
2025.01.08	02:03:24.552	0.82894	0.82898			6
2025.01.08	02:03:24.905	0.82895				2
2025.01.08	02:03:43.638	0.82896				2
2025.01.08	02:03:45.129	0.82895				2
2025.01.08	02:03:45.640		0.82899			4
2025.01.08	02:03:46.426	0.82896				2
2025.01.08	02:03:52.416	0.82897	0.82898			6
2025.01.08	02:03:58.414	0.82896				2
2025.01.08	02:03:58.919	0.82897				2
2025.01.08	02:03:59.367	0.82896				2
2025.01.08	02:03:59.759	0.82899	0.82901			6
2025.01.08	02:04:00.155	0.82899				2
2025.01.08	02:04:06.346	0.82900	0.82903			6
2025.01.08	02:04:06.708		0.82904			4
2025.01.08	02:04:09.003	0.82901				2
2025.01.08	02:04:11.676		0.82903			4
2025.01.08	02:04:13.479		0.82904			4
2025.01.08	02:04:14.496		0.82902			4
2025.01.08	02:04:14.804	0.82900				2
2025.01.08	02:04:15.204	0.82899				2
2025.01.08	02:04:16.776	0.82900	0.82903			6
2025.01.08	02:04:17.213	0.82899				2
2025.01.08	02:04:17.858	0.82900				2
2025.01.08	02:04:21.649		0.82904			4
2025.01.08	02:04:24.327	0.82899	0.82905			6
2025.01.08	02:04:25.277	0.82897	0.82903			6
2025.01.08	02:04:26.488	0.82899	0.82901			6
2025.01.08	02:04:30.796		0.82902			4
2025.01.08	02:04:31.125	0.82900				2
2025.01.08	02:04:32.522	0.82899	0.82901			6
2025.01.08	02:04:34.989	0.82900	0.82903			6
2025.01.08	02:04:35.341	0.82899				2
2025.01.08	02:04:36.000	0.82900				2
2025.01.08	02:04:36.302	0.82899	0.82901			6
2025.01.08	02:04:37.039	0.82900	0.82902			6
2025.01.08	02:04:38.584		0.82903			4
2025.01.08	02:04:38.933	0.82901	0.82904			6
2025.01.08	02:04:44.209	0.82903				2
2025.01.08	02:04:44.918	0.82904	0.82906			6
2025.01.08	02:04:45.268	0.82903				2
2025.01.08	02:04:45.995		0.82905			4
2025.01.08	02:04:46.417	0.82904	0.82906			6
2025.01.08	02:04:47.471	0.82903				2
2025.01.08	02:04:58.825	0.82901	0.82904			6
2025.01.08	02:04:59.180	0.82900	0.82903			6
2025.01.08	02:05:00.133	0.82900				2
2025.01.08	02:05:14.216	0.82901	0.82904			6
2025.01.08	02:05:21.243		0.82903			4
2025.01.08	02:05:22.044	0.82900				2
2025.01.08	02:05:22.680		0.82902			4
2025.01.08	02:05:26.705	0.82899				2
2025.01.08	02:05:28.586	0.82900				2
2025.01.08	02:05:29.360	0.82899				2
2025.01.08	02:05:29.793		0.82901			4
2025.01.08	02:05:36.119	0.82900	0.82902			6
2025.01.08	02:05:36.431	0.82899				2
2025.01.08	02:05:37.194	0.82901				2
2025.01.08	02:05:38.941	0.82905	0.82906			6
2025.01.08	02:05:41.241	0.82904				2
2025.01.08	02:05:45.567	0.82902	0.82905			6
2025.01.08	02:05:55.608	0.82899	0.82902			6
2025.01.08	02:05:59.239	0.82900	0.82904			6
2025.01.08	02:05:59.541	0.82901	0.82905			6
2025.01.08	02:06:00.472	0.82900	0.82904			6
2025.01.08	02:06:01.362	0.82902				2
2025.01.08	02:06:01.948	0.82901				2
2025.01.08	02:06:04.139	0.82899	0.82903			6
2025.01.08	02:06:04.452		0.82902			4
2025.01.08	02:06:07.267		0.82903			4
2025.01.08	02:06:07.597	0.82900	0.82904			6
2025.01.08	02:06:10.351	0.82901				2
2025.01.08	02:06:14.281	0.82900	0.82903			6
2025.01.08	02:06:14.589	0.82899				2
2025.01.08	02:06:16.421	0.82900				2
2025.01.08	02:06:31.550	0.82899				2
2025.01.08	02:06:35.155	0.82901				2
2025.01.08	02:06:36.410	0.82902				2
2025.01.08	02:06:36.735	0.82901				2
2025.01.08	02:06:39.596		0.82904			4
2025.01.08	02:06:43.775	0.82902				2
2025.01.08	02:06:44.087	0.82901				2
2025.01.08	02:06:47.274	0.82902				2
2025.01.08	02:06:47.589		0.82905			4
2025.01.08	02:06:48.756	0.82900	0.82904			6
2025.01.08	02:06:49.486	0.82901				2
2025.01.08	02:06:52.466	0.82902				2
2025.01.08	02:06:54.727	0.82901				2
2025.01.08	02:06:57.647	0.82902				2
2025.01.08	02:06:59.247	0.82901				2
2025.01.08	02:07:00.876	0.82901				2
2025.01.08	02:07:04.823	0.82900	0.82903			6
2025.01.08	02:07:10.326	0.82899	0.82904			6
2025.01.08	02:07:10.641	0.82900				2
2025.01.08	02:07:11.890	0.82899	0.82903			6
2025.01.08	02:07:20.706	0.82900				2
2025.01.08	02:07:21.168	0.82898	0.82902			6
2025.01.08	02:07:21.711	0.82900	0.82904			6
2025.01.08	02:07:22.343	0.82899	0.82903			6
2025.01.08	02:07:25.552		0.82904			4
2025.01.08	02:07:25.892		0.82903			4
2025.01.08	02:07:26.347		0.82904			4
2025.01.08	02:07:26.661		0.82903			4
2025.01.08	02:07:30.542	0.82901	0.82904			6
2025.01.08	02:07:34.393	0.82902				2
2025.01.08	02:07:36.672	0.82901				2
2025.01.08	02:07:42.861		0.82903			4
2025.01.08	02:07:43.227	0.82902	0.82904			6
2025.01.08	02:07:43.537	0.82903	0.82905			6
2025.01.08	02:07:46.783		0.82904			4
2025.01.08	02:07:47.271	0.82902				2
2025.01.08	02:07:51.147		0.82905			4
2025.01.08	02:07:53.169		0.82904			4
2025.01.08	02:07:56.461	0.82903	0.82905			6
2025.01.08	02:07:58.930		0.82906			4
2025.01.08	02:08:00.826	0.82903				2
2025.01.08	02:08:05.212		0.82905			4
2025.01.08	02:08:08.523	0.82905	0.82907			6
2025.01.08	02:08:10.356	0.82906	0.82910			6
2025.01.08	02:08:10.662	0.82907				2
2025.01.08	02:08:12.256	0.82906				2
2025.01.08	02:08:14.132		0.82909			4
2025.01.08	02:08:18.958	0.82907				2
2025.01.08	02:08:19.650		0.82910			4
2025.01.08	02:08:22.790	0.82908				2
2025.01.08	02:08:24.344	0.82909	0.82911			6
2025.01.08	02:08:35.148	0.82908				2
2025.01.08	02:08:40.053	0.82909				2
2025.01.08	02:08:40.524	0.82908				2
2025.01.08	02:08:40.865		0.82910			4
2025.01.08	02:08:41.556	0.82907				2
2025.01.08	02:08:43.628		0.82909			4
2025.01.08	02:08:44.176		0.82908			4
2025.01.08	02:08:48.812	0.82906				2
2025.01.08	02:08:51.310		0.82907			4
2025.01.08	02:08:53.513	0.82905				2
2025.01.08	02:08:54.941	0.82904				2
2025.01.08	02:08:59.795	0.82906	0.82908			6
2025.01.08	02:09:00.120	0.82906				2
2025.01.08	02:09:09.696		0.82907			4
2025.01.08	02:09:11.388	0.82907	0.82908			6
2025.01.08	02:09:11.717	0.82906	0.82907			6
2025.01.08	02:09:12.618	0.82905	0.82908			6
2025.01.08	02:09:13.509		0.82907			4
2025.01.08	02:09:20.186	0.82906				2
2025.01.08	02:09:20.662	0.82905				2
2025.01.08	02:09:22.711	0.82904				2
2025.01.08	02:09:26.704	0.82905				2
2025.01.08	02:09:29.846	0.82907	0.82908			6
2025.01.08	02:09:30.162	0.82905	0.82907			6
2025.01.08	02:09:36.376	0.82904				2
2025.01.08	02:09:43.914	0.82905				2
2025.01.08	02:09:47.628	0.82906				2
2025.01.08	02:09:47.935	0.82905				2
2025.01.08	02:09:49.046	0.82904				2
2025.01.08	02:09:54.303	0.82905				2
2025.01.08	02:10:00.608	0.82905				2
2025.01.08	02:10:03.341	0.82904				2
2025.01.08	02:10:04.894	0.82905	0.82906			6
2025.01.08	02:10:06.383	0.82904				2
2025.01.08	02:10:08.013	0.82899	0.82901			6
2025.01.08	02:10:16.154		0.82902			4
2025.01.08	02:10:21.282	0.82900				2
2025.01.08	02:10:42.852		0.82901			4
2025.01.08	02:10:49.338	0.82901	0.82902			6
2025.01.08	02:10:50.898		0.82903			4
2025.01.08	02:10:52.318	0.82902				2
2025.01.08	02:10:53.052	0.82901				2
2025.01.08	02:11:00.104	0.82901				2
2025.01.08	02:11:05.568	0.82903	0.82904			6
2025.01.08	02:11:05.888	0.82902	0.82903			6
2025.01.08	02:11:06.202		0.82904			4
2025.01.08	02:11:09.190	0.82903				2
2025.01.08	02:11:11.200		0.82905			4
2025.01.08	02:11:11.510		0.82904			4
2025.01.08	02:12:00.332	0.82903				2
2025.01.08	02:12:01.432	0.82906	0.82907			6
2025.01.08	02:12:01.751	0.82905	0.82906			6
2025.01.08	02:12:02.437	0.82904				2
2025.01.08	02:12:05.327		0.82905			4
2025.01.08	02:12:15.218	0.82902				2
2025.01.08	02:12:15.884	0.82900	0.82901			6
2025.01.08	02:12:25.764	0.82902	0.82904			6
2025.01.08	02:12:26.158	0.82901	0.82902			6
2025.01.08	02:12:26.480		0.82904			4
2025.01.08	02:12:26.860	0.82902	0.82903			6
2025.01.08	02:12:27.829		0.82904			4
2025.01.08	02:12:28.205	0.82901				2
2025.01.08	02:12:28.566	0.82902				2
2025.01.08	02:12:28.980	0.82901				2
2025.01.08	02:12:29.512	0.82902				2
2025.01.08	02:12:29.946	0.82900	0.82901			6
2025.01.08	02:12:30.267		0.82902			4
2025.01.08	02:12:33.844		0.82901			4
2025.01.08	02:12:58.933	0.82901	0.82903			6
2025.01.08	02:13:00.352	0.82901				2
2025.01.08	02:13:02.155	0.82900				2
2025.01.08	02:13:09.913		0.82902			4
2025.01.08	02:13:12.326	0.82901				2
2025.01.08	02:13:18.344	0.82900	0.82901			6
2025.01.08	02:13:21.322	0.82901	0.82902			6
2025.01.08	02:13:24.677	0.82903	0.82904			6
2025.01.08	02:13:26.344	0.82904	0.82905			6
2025.01.08	02:13:26.744	0.82903	0.82904			6
2025.01.08	02:13:27.770	0.82902				2
2025.01.08	02:13:33.421	0.82901				2
2025.01.08	02:13:35.399	0.82903				2
2025.01.08	02:13:35.766		0.82905			4
2025.01.08	02:13:38.767		0.82904			4
2025.01.08	02:13:43.056	0.82902	0.82903			6
2025.01.08	02:13:44.574	0.82901				2
2025.01.08	02:13:46.423		0.82902			4
2025.01.08	02:13:46.738		0.82903			4
2025.01.08	02:13:51.247	0.82900	0.82904			6
2025.01.08	02:13:52.343	0.82901				2
2025.01.08	02:13:53.220		0.82903			4
2025.01.08	02:13:53.733		0.82902			4
2025.01.08	02:13:58.276	0.82902	0.82903			6
2025.01.08	02:14:00.376	0.82901	0.82902			6
2025.01.08	02:14:03.892	0.82900				2
2025.01.08	02:14:07.801	0.82901				2
2025.01.08	02:14:08.667	0.82900				2
2025.01.08	02:14:14.851	0.82901				2
2025.01.08	02:14:20.478	0.82900				2
2025.01.08	02:14:22.327	0.82901				2
2025.01.08	02:14:32.835	0.82899	0.82901			6
2025.01.08	02:14:33.223	0.82898				2
2025.01.08	02:14:33.543		0.82899			4
2025.01.08	02:14:39.067	0.82899	0.82900			6
2025.01.08	02:14:47.981	0.82898	0.82899			6
2025.01.08	02:14:53.869	0.82899	0.82900			6
2025.01.08	02:14:54.671	0.82900	0.82901			6
2025.01.08	02:14:58.742	0.82901	0.82902			6
2025.01.08	02:15:00.642	0.82901				2
2025.01.08	02:15:05.788	0.82899	0.82900			6
2025.01.08	02:15:08.160	0.82901	0.82902			6
2025.01.08	02:15:17.556	0.82902	0.82903			6
2025.01.08	02:15:20.442	0.82901	0.82902			6
2025.01.08	02:15:21.992	0.82902	0.82903			6
2025.01.08	02:15:22.541	0.82901	0.82902			6
2025.01.08	02:15:24.054	0.82902	0.82903			6
2025.01.08	02:15:24.406	0.82901	0.82902			6
2025.01.08	02:15:25.136	0.82902	0.82903			6
2025.01.08	02:15:27.745	0.82901	0.82902			6
2025.01.08	02:15:28.821	0.82903	0.82904			6
2025.01.08	02:15:35.220	0.82902	0.82903			6
2025.01.08	02:15:36.008	0.82901	0.82902			6
2025.01.08	02:15:38.879	0.82902	0.82903			6
2025.01.08	02:15:39.738	0.82901	0.82902			6
2025.01.08	02:15:40.097	0.82902	0.82903			6
2025.01.08	02:15:42.794	0.82901	0.82902			6
2025.01.08	02:15:46.230	0.82902	0.82903			6
2025.01.08	02:15:46.584	0.82901	0.82902			6
2025.01.08	02:16:00.009	0.82901				2
2025.01.08	02:16:10.887	0.82902	0.82903			6
2025.01.08	02:16:12.027	0.82901	0.82902			6
2025.01.08	02:16:24.451	0.82902	0.82903			6
2025.01.08	02:16:25.375	0.82901	0.82902			6
2025.01.08	02:16:25.682	0.82900	0.82901			6
2025.01.08	02:16:35.997	0.82901	0.82902			6
2025.01.08	02:16:46.307	0.82900	0.82901			6
2025.01.08	02:16:46.625	0.82899	0.82900			6
2025.01.08	02:16:47.887	0.82898	0.82899			6
2025.01.08	02:16:51.264	0.82900	0.82901			6
2025.01.08	02:16:51.969	0.82901	0.82902			6
2025.01.08	02:16:59.647	0.82900	0.82901			6
2025.01.08	02:17:00.359	0.82900				2
2025.01.08	02:17:03.369	0.82901	0.82902			6
2025.01.08	02:17:09.426	0.82900				2
2025.01.08	02:17:25.694		0.82901			4
2025.01.08	02:17:32.172	0.82899				2
2025.01.08	02:17:32.477		0.82900			4
2025.01.08	02:17:36.552	0.82900	0.82901			6
2025.01.08	02:17:43.165	0.82898	0.82899			6
2025.01.08	02:17:43.807	0.82899	0.82900			6
2025.01.08	02:17:47.402		0.82901			4
2025.01.08	02:17:52.101		0.82900			4
2025.01.08	02:17:52.440	0.82900	0.82901			6
2025.01.08	02:17:59.705	0.82901	0.82902			6
2025.01.08	02:18:00.363	0.82901				2
2025.01.08	02:18:00.914	0.82900	0.82901			6
2025.01.08	02:18:09.221	0.82901	0.82902			6
2025.01.08	02:18:11.262	0.82900	0.82901			6
2025.01.08	02:18:14.798	0.82901	0.82902			6
2025.01.08	02:18:15.299	0.82900	0.82901			6
2025.01.08	02:18:15.938	0.82901	0.82902			6
2025.01.08	02:18:17.389	0.82900	0.82901			6
2025.01.08	02:18:27.670		0.82902			4
2025.01.08	02:18:28.118	0.82901				2
2025.01.08	02:18:30.018		0.82903			4
2025.01.08	02:18:30.368		0.82902			4
2025.01.08	02:18:31.157		0.82903			4
2025.01.08	02:18:31.472	0.82900				2
2025.01.08	02:18:32.903		0.82901			4
2025.01.08	02:18:56.607	0.82901	0.82902			6
2025.01.08	02:18:58.538	0.82900	0.82901			6
2025.01.08	02:19:00.295	0.82900				2
2025.01.08	02:19:58.283	0.82901	0.82902			6
2025.01.08	02:20:00.275	0.82901				2
2025.01.08	02:20:02.595	0.82904	0.82905			6
2025.01.08	02:20:08.345	0.82905	0.82906			6
2025.01.08	02:20:08.746	0.82904	0.82905			6
2025.01.08	02:20:09.197	0.82905	0.82906			6
2025.01.08	02:20:11.435	0.82904	0.82905			6
2025.01.08	02:20:19.936	0.82902	0.82904			6
2025.01.08	02:20:20.242		0.82905			4
2025.01.08	02:20:26.032	0.82901				2
2025.01.08	02:20:29.492		0.82903			4
2025.01.08	02:20:32.184		0.82905			4
2025.01.08	02:20:41.067		0.82903			4
2025.01.08	02:20:41.372		0.82902			4
2025.01.08	02:20:43.200		0.82903			4
2025.01.08	02:20:48.343	0.82900	0.82902			6
2025.01.08	02:20:53.179	0.82899				2
2025.01.08	02:21:00.864	0.82899				2
2025.01.08	02:21:07.696		0.82901			4
2025.01.08	02:21:20.293	0.82898	0.82900			6
2025.01.08	02:21:24.063		0.82901			4
2025.01.08	02:21:24.519	0.82899				2
2025.01.08	02:21:34.903	0.82897	0.82900			6
2025.01.08	02:21:37.711	0.82898	0.82901			6
2025.01.08	02:21:38.982	0.82899				2
2025.01.08	02:21:51.575		0.82902			4
2025.01.08	02:22:00.321	0.82899				2
2025.01.08	02:22:14.333	0.82900				2
2025.01.08	02:22:16.088	0.82902	0.82903			6
2025.01.08	02:22:17.878	0.82901	0.82902			6
2025.01.08	02:22:23.782		0.82903			4
2025.01.08	02:22:42.420	0.82902	0.82904			6
2025.01.08	02:22:46.407	0.82901	0.82905			6
2025.01.08	02:22:46.790	0.82903				2
2025.01.08	02:22:50.113	0.82904				2
2025.01.08	02:22:50.438	0.82902				2
2025.01.08	02:22:54.960	0.82903				2
2025.01.08	02:22:55.852	0.82902				2
2025.01.08	02:23:01.133	0.82902				2
2025.01.08	02:23:04.429	0.82904	0.82906			6
2025.01.08	02:23:04.769	0.82906	0.82907			6
2025.01.08	02:23:05.900	0.82907	0.82909			6
2025.01.08	02:23:06.212	0.82906				2
2025.01.08	02:23:06.739		0.82907			4
2025.01.08	02:23:07.050		0.82909			4
2025.01.08	02:23:07.602		0.82907			4
2025.01.08	02:23:11.360	0.82905				2
2025.01.08	02:23:13.113		0.82906			4
2025.01.08	02:23:15.999	0.82906	0.82907			6
2025.01.08	02:23:18.248	0.82905	0.82906			6
2025.01.08	02:23:24.188	0.82903	0.82904			6
2025.01.08	02:23:25.639	0.82904	0.82905			6
2025.01.08	02:23:31.236	0.82905	0.82906			6
2025.01.08	02:23:46.082	0.82904	0.82905			6
2025.01.08	02:23:52.574	0.82905	0.82906			6
2025.01.08	02:23:54.328	0.82904	0.82905			6
2025.01.08	02:23:56.582	0.82906	0.82907			6
2025.01.08	02:24:01.254	0.82906				2
2025.01.08	02:24:05.955	0.82907	0.82908			6
2025.01.08	02:24:06.314	0.82906				2
2025.01.08	02:24:11.713	0.82905	0.82907			6
2025.01.08	02:24:13.470		0.82908			4
2025.01.08	02:24:14.132		0.82907			4
2025.01.08	02:24:19.161	0.82907	0.82908			6
2025.01.08	02:24:25.627		0.82909			4
2025.01.08	02:24:30.496		0.82908			4
2025.01.08	02:24:35.325	0.82908	0.82909			6
2025.01.08	02:24:35.948		0.82910			4
2025.01.08	02:24:36.429	0.82907	0.82908			6
2025.01.08	02:24:42.534		0.82909			4
2025.01.08	02:24:43.290		0.82908			4
2025.01.08	02:24:46.173	0.82908	0.82909			6
2025.01.08	02:24:46.477	0.82909	0.82911			6
2025.01.08	02:24:46.783	0.82910				2
2025.01.08	02:24:48.254	0.82911	0.82912			6
2025.01.08	02:24:49.388	0.82909	0.82911			6
2025.01.08	02:24:49.898	0.82911	0.82912			6
2025.01.08	02:24:50.584	0.82910	0.82911			6
2025.01.08	02:24:51.021	0.82909				2
2025.01.08	02:24:55.240	0.82910				2
2025.01.08	02:25:00.444	0.82909	0.82910			6
2025.01.08	02:25:00.760	0.82908	0.82909			6
2025.01.08	02:25:02.221		0.82910			4
2025.01.08	02:25:02.648		0.82909			4
2025.01.08	02:25:07.044	0.82907				2
2025.01.08	02:25:10.309	0.82906				2
2025.01.08	02:25:11.548		0.82907			4
2025.01.08	02:25:20.196	0.82905				2
2025.01.08	02:25:20.591	0.82906				2
2025.01.08	02:25:28.845		0.82908			4
2025.01.08	02:25:38.117		0.82907			4
2025.01.08	02:25:44.344	0.82907	0.82908			6
2025.01.08	02:25:54.317	0.82908	0.82909			6
2025.01.08	02:25:54.717	0.82907	0.82908			6
2025.01.08	02:25:58.920	0.82906	0.82907			6
2025.01.08	02:26:00.362	0.82906				2
2025.01.08	02:26:05.910	0.82905	0.82906			6
2025.01.08	02:26:06.225	0.82904	0.82905			6
2025.01.08	02:26:08.907	0.82905	0.82906			6
2025.01.08	02:26:09.701	0.82906	0.82907			6
2025.01.08	02:26:27.028	0.82905	0.82906			6
2025.01.08	02:26:28.221	0.82906	0.82907			6
2025.01.08	02:26:35.635	0.82905	0.82906			6
2025.01.08	02:27:00.380	0.82905				2
2025.01.08	02:27:02.771	0.82904	0.82905			6
2025.01.08	02:27:08.686		0.82906			4
2025.01.08	02:27:09.005		0.82905			4
2025.01.08	02:27:47.707	0.82905	0.82906			6
2025.01.08	02:27:48.156	0.82904	0.82905			6
2025.01.08	02:27:49.986	0.82903	0.82904			6
2025.01.08	02:27:50.767	0.82904	0.82905			6
2025.01.08	02:27:51.793	0.82902	0.82903			6
2025.01.08	02:28:00.240	0.82902				2
2025.01.08	02:28:02.330	0.82903	0.82904			6
2025.01.08	02:28:02.651	0.82904	0.82905			6
2025.01.08	02:28:03.386	0.82905	0.82906			6
2025.01.08	02:28:05.167	0.82904	0.82905			6
2025.01.08	02:28:06.968	0.82903	0.82904			6
2025.01.08	02:28:19.881	0.82904	0.82905			6
2025.01.08	02:28:35.535	0.82905	0.82906			6
2025.01.08	02:28:40.630	0.82904	0.82905			6
2025.01.08	02:28:40.944	0.82902	0.82903			6
2025.01.08	02:28:41.270	0.82903	0.82904			6
2025.01.08	02:28:41.581	0.82904	0.82905			6
2025.01.08	02:28:50.296	0.82903	0.82904			6
2025.01.08	02:29:00.382	0.82903				2
2025.01.08	02:29:00.691	0.82904	0.82905			6
2025.01.08	02:29:01.013	0.82905	0.82906			6
2025.01.08	02:29:35.655	0.82904	0.82905			6
2025.01.08	02:30:00.008	0.82905	0.82906			6
2025.01.08	02:30:00.716	0.82904	0.82905			6
2025.01.08	02:30:01.026	0.82905	0.82906			6
2025.01.08	02:30:01.942	0.82909	0.82910			6
2025.01.08	02:30:07.659	0.82907	0.82909			6
2025.01.08	02:30:07.963	0.82908				2
2025.01.08	02:30:08.336	0.82906	0.82907			6
2025.01.08	02:30:09.604	0.82905	0.82906			6
2025.01.08	02:30:10.428	0.82904				2
2025.01.08	02:30:10.736		0.82905			4
2025.01.08	02:30:11.374	0.82902	0.82903			6
2025.01.08	02:30:11.987	0.82903	0.82904			6
2025.01.08	02:30:12.379	0.82905	0.82906			6
2025.01.08	02:30:12.774	0.82904	0.82905			6
2025.01.08	02:30:15.378		0.82906			4
2025.01.08	02:30:15.681	0.82903	0.82904			6
2025.01.08	02:30:15.989	0.82902				2
2025.01.08	02:30:18.119	0.82904	0.82905			6
2025.01.08	02:30:18.748	0.82905	0.82906			6
2025.01.08	02:30:19.740	0.82904	0.82905			6
2025.01.08	02:30:21.448	0.82905	0.82906			6
2025.01.08	02:30:22.364	0.82904	0.82905			6
2025.01.08	02:30:24.350	0.82903	0.82904			6
2025.01.08	02:30:25.545	0.82904	0.82905			6
2025.01.08	02:30:30.387		0.82906			4
2025.01.08	02:30:30.733	0.82905				2
2025.01.08	02:30:31.427	0.82906	0.82907			6
2025.01.08	02:30:32.757	0.82905	0.82906			6
2025.01.08	02:30:38.360	0.82904	0.82907			6
2025.01.08	02:30:38.665	0.82906				2
2025.01.08	02:30:39.758		0.82908			4
2025.01.08	02:30:40.322	0.82907				2
2025.01.08	02:30:40.650	0.82909	0.82910			6
2025.01.08	02:30:42.947	0.82910	0.82911			6
2025.01.08	02:30:49.824	0.82909				2
2025.01.08	02:30:50.424	0.82910				2
2025.01.08	02:30:51.083		0.82912			4
2025.01.08	02:30:51.397		0.82911			4
2025.01.08	02:30:53.684	0.82909	0.82910			6
2025.01.08	02:30:54.707	0.82910	0.82911			6
2025.01.08	02:30:55.716	0.82911	0.82912			6
2025.01.08	02:30:56.046	0.82910				2
2025.01.08	02:30:56.363	0.82909	0.82911			6
2025.01.08	02:30:56.982	0.82910				2
2025.01.08	02:30:57.293	0.82909				2
2025.01.08	02:31:00.254	0.82909				2
2025.01.08	02:31:00.955	0.82910				2
2025.01.08	02:31:01.325	0.82909	0.82910			6
2025.01.08	02:31:05.704	0.82911	0.82912			6
2025.01.08	02:31:07.872	0.82910	0.82911			6
2025.01.08	02:31:09.884		0.82912			4
2025.01.08	02:31:10.269		0.82911			4
2025.01.08	02:31:10.628	0.82909				2
2025.01.08	02:31:11.002	0.82910				2
2025.01.08	02:31:20.380	0.82911	0.82912			6
2025.01.08	02:31:20.681	0.82912	0.82913			6
2025.01.08	02:31:22.708	0.82914	0.82915			6
2025.01.08	02:31:24.724	0.82913	0.82916			6
2025.01.08	02:31:25.026	0.82914	0.82915			6
2025.01.08	02:31:30.599	0.82913				2
2025.01.08	02:31:30.902	0.82914	0.82916			6
2025.01.08	02:31:32.109	0.82913				2
2025.01.08	02:31:32.933		0.82915			4
2025.01.08	02:31:33.243		0.82914			4
2025.01.08	02:31:34.403	0.82914	0.82915			6
2025.01.08	02:31:35.644	0.82913	0.82914			6
2025.01.08	02:31:35.955	0.82914	0.82915			6
2025.01.08	02:31:36.282	0.82913	0.82914			6
2025.01.08	02:31:36.951	0.82915	0.82916			6
2025.01.08	02:31:38.065	0.82914	0.82915			6
2025.01.08	02:31:38.373	0.82912	0.82913			6
2025.01.08	02:31:38.763		0.82914			4
2025.01.08	02:31:39.066	0.82913	0.82915			6
2025.01.08	02:31:40.321		0.82914			4
2025.01.08	02:31:40.622	0.82914	0.82915			6
2025.01.08	02:31:41.726	0.82913	0.82914			6
2025.01.08	02:31:42.421	0.82912	0.82913			6
2025.01.08	02:31:44.334	0.82911	0.82912			6
2025.01.08	02:31:44.643	0.82910	0.82913			6
2025.01.08	02:31:45.118	0.82911	0.82912			6
2025.01.08	02:31:46.643	0.82910	0.82911			6
2025.01.08	02:31:47.695		0.82913			4
2025.01.08	02:31:49.115	0.82911	0.82912			6
2025.01.08	02:31:49.438	0.82910	0.82911			6
2025.01.08	02:32:00.752	0.82909	0.82910			6
2025.01.08	02:32:03.765	0.82910	0.82911			6
2025.01.08	02:32:06.303	0.82911	0.82912			6
2025.01.08	02:32:07.201	0.82910	0.82911			6
2025.01.08	02:32:08.350	0.82909	0.82910			6
2025.01.08	02:32:08.709	0.82910	0.82911			6
2025.01.08	02:32:14.009	0.82909	0.82910			6
2025.01.08	02:32:27.826	0.82910	0.82911			6
2025.01.08	02:32:34.279	0.82909	0.82910			6
2025.01.08	02:32:37.120	0.82910	0.82911			6
2025.01.08	02:32:37.505	0.82911	0.82912			6
2025.01.08	02:32:38.347	0.82910				2
2025.01.08	02:32:39.621		0.82911			4
2025.01.08	02:32:41.625	0.82909	0.82910			6
2025.01.08	02:32:43.991	0.82912	0.82914			6
2025.01.08	02:32:44.750		0.82915			4
2025.01.08	02:32:46.478	0.82911	0.82913			6
2025.01.08	02:32:49.274	0.82912				2
2025.01.08	02:32:53.503	0.82911	0.82912			6
2025.01.08	02:32:56.762	0.82912	0.82915			6
2025.01.08	02:32:57.076		0.82913			4
2025.01.08	02:32:59.993	0.82910	0.82911			6
2025.01.08	02:33:00.332	0.82910	0.82912			6
2025.01.08	02:33:00.648	0.82911				2
2025.01.08	02:33:01.680	0.82910	0.82911			6
2025.01.08	02:33:03.589	0.82911	0.82912			6
2025.01.08	02:33:04.205	0.82910	0.82911			6
2025.01.08	02:33:20.358	0.82911	0.82912			6
2025.01.08	02:33:20.663	0.82909	0.82910			6
2025.01.08	02:33:21.037	0.82910	0.82911			6
2025.01.08	02:33:27.391	0.82906	0.82907			6
2025.01.08	02:33:27.704	0.82905	0.82906			6
2025.01.08	02:33:28.014	0.82904	0.82905			6
2025.01.08	02:33:30.193	0.82905	0.82906			6
2025.01.08	02:33:35.692	0.82904	0.82907			6
2025.01.08	02:33:37.375	0.82905				2
2025.01.08	02:33:39.856	0.82904				2
2025.01.08	02:33:40.259	0.82905	0.82906			6
2025.01.08	02:33:43.776	0.82904	0.82905			6
2025.01.08	02:33:45.905	0.82905	0.82906			6
2025.01.08	02:33:46.259	0.82906	0.82907			6
2025.01.08	02:33:49.362	0.82905	0.82906			6
2025.01.08	02:33:56.066	0.82906	0.82907			6
2025.01.08	02:33:56.691	0.82905	0.82906			6
2025.01.08	02:34:00.194	0.82905				2
2025.01.08	02:34:00.957	0.82906	0.82907			6
2025.01.08	02:34:01.777	0.82905	0.82906			6
2025.01.08	02:34:19.310	0.82904	0.82905			6
2025.01.08	02:34:19.929	0.82903	0.82904			6
2025.01.08	02:34:23.436	0.82902	0.82903			6
2025.01.08	02:34:24.952	0.82903	0.82904			6
2025.01.08	02:34:30.281	0.82902	0.82903			6
2025.01.08	02:34:33.702	0.82904	0.82905			6
2025.01.08	02:34:38.996	0.82903	0.82904			6
2025.01.08	02:34:39.305	0.82904	0.82905			6
2025.01.08	02:34:50.028	0.82903	0.82904			6
2025.01.08	02:34:50.438	0.82902	0.82903			6
2025.01.08	02:34:53.455	0.82901	0.82902			6
2025.01.08	02:34:54.367	0.82900	0.82901			6
2025.01.08	02:35:00.346	0.82901	0.82902			6
2025.01.08	02:35:08.434	0.82900	0.82901			6
2025.01.08	02:35:08.749	0.82901	0.82902			6
2025.01.08	02:35:11.073	0.82900	0.82901			6
2025.01.08	02:35:21.303	0.82901	0.82902			6
2025.01.08	02:35:21.623	0.82900	0.82901			6
2025.01.08	02:35:24.733	0.82899				2
2025.01.08	02:35:25.567		0.82900			4
2025.01.08	02:35:31.826	0.82900	0.82901			6
2025.01.08	02:35:34.205	0.82898	0.82899			6
2025.01.08	02:35:38.228	0.82899	0.82900			6
2025.01.08	02:35:42.174	0.82900	0.82901			6
2025.01.08	02:35:45.350	0.82899	0.82900			6
2025.01.08	02:35:51.186	0.82900	0.82901			6
2025.01.08	02:35:52.241	0.82899				2
2025.01.08	02:35:54.091	0.82898				2
2025.01.08	02:35:54.977	0.82899				2
2025.01.08	02:35:55.326	0.82898				2
2025.01.08	02:35:55.641	0.82899				2
2025.01.08	02:36:00.226	0.82900				2
2025.01.08	02:36:01.804	0.82899	0.82900			6
2025.01.08	02:36:02.437		0.82901			4
2025.01.08	02:36:02.753	0.82900				2
2025.01.08	02:36:03.181	0.82899	0.82900			6
2025.01.08	02:36:03.854	0.82900	0.82901			6
2025.01.08	02:36:16.447	0.82901	0.82902			6
2025.01.08	02:36:16.799	0.82902	0.82903			6
2025.01.08	02:36:19.456	0.82904	0.82905			6
2025.01.08	02:36:26.531		0.82906			4
2025.01.08	02:36:26.833		0.82905			4
2025.01.08	02:36:31.865	0.82905	0.82906			6
2025.01.08	02:36:34.868	0.82904	0.82905			6
2025.01.08	02:36:37.665	0.82901	0.82902			6
2025.01.08	02:36:37.988	0.82900	0.82901			6
2025.01.08	02:36:53.300	0.82899	0.82900			6
2025.01.08	02:36:55.078	0.82900	0.82901			6
2025.01.08	02:36:57.592	0.82899	0.82900			6
2025.01.08	02:37:00.363	0.82899				2
2025.01.08	02:37:11.810	0.82900	0.82901			6
2025.01.08	02:37:34.993	0.82899	0.82900			6
2025.01.08	02:37:37.335	0.82898	0.82899			6
2025.01.08	02:37:45.530	0.82899	0.82900			6
2025.01.08	02:38:00.031	0.82899				2
2025.01.08	02:38:00.664		0.82901			4
2025.01.08	02:38:00.996	0.82900				2
2025.01.08	02:38:16.591	0.82899	0.82900			6
2025.01.08	02:38:17.673	0.82900	0.82901			6
2025.01.08	02:38:22.937	0.82899	0.82900			6
2025.01.08	02:38:32.041	0.82900	0.82901			6
2025.01.08	02:38:33.384	0.82899	0.82900			6
2025.01.08	02:38:36.193	0.82898	0.82899			6
2025.01.08	02:38:38.664	0.82897	0.82898			6
2025.01.08	02:38:41.770	0.82898	0.82899			6
2025.01.08	02:38:43.406	0.82897	0.82898			6
2025.01.08	02:39:00.170	0.82897				2
2025.01.08	02:39:13.718	0.82899	0.82900			6
2025.01.08	02:39:14.023	0.82898	0.82899			6
2025.01.08	02:39:14.349	0.82899	0.82900			6
2025.01.08	02:39:17.694	0.82897	0.82898			6
2025.01.08	02:39:22.723	0.82896	0.82897			6
2025.01.08	02:39:26.703	0.82897	0.82898			6
2025.01.08	02:39:40.721	0.82898	0.82899			6
2025.01.08	02:39:56.036	0.82899	0.82900			6
2025.01.08	02:39:59.006	0.82900	0.82901			6
2025.01.08	02:40:00.339	0.82899	0.82900			6
2025.01.08	02:40:12.717	0.82897	0.82898			6
2025.01.08	02:40:19.694	0.82898	0.82899			6
2025.01.08	02:40:20.347	0.82899	0.82900			6
2025.01.08	02:40:36.125	0.82900	0.82901			6
2025.01.08	02:40:36.462	0.82901	0.82902			6
2025.01.08	02:40:39.923	0.82900	0.82901			6
2025.01.08	02:40:43.266	0.82902	0.82903			6
2025.01.08	02:40:43.594	0.82903	0.82904			6
2025.01.08	02:40:47.307	0.82904	0.82905			6
2025.01.08	02:40:47.615	0.82903	0.82904			6
2025.01.08	02:40:47.970	0.82904	0.82905			6
2025.01.08	02:40:52.192	0.82903	0.82904			6
2025.01.08	02:40:57.690	0.82902	0.82903			6
2025.01.08	02:40:58.423	0.82901				2
2025.01.08	02:40:59.337		0.82902			4
2025.01.08	02:41:00.267	0.82901				2
2025.01.08	02:41:05.599	0.82902	0.82903			6
2025.01.08	02:41:11.706	0.82901	0.82902			6
2025.01.08	02:41:12.648	0.82902	0.82903			6
2025.01.08	02:41:12.951	0.82903	0.82904			6
2025.01.08	02:41:22.648	0.82904	0.82905			6
2025.01.08	02:41:27.465	0.82903	0.82904			6
2025.01.08	02:41:27.868	0.82902	0.82903			6
2025.01.08	02:41:31.814	0.82901	0.82902			6
2025.01.08	02:41:33.693	0.82902	0.82903			6
2025.01.08	02:41:42.555	0.82903	0.82904			6
2025.01.08	02:42:01.167	0.82903				2
2025.01.08	02:42:05.836	0.82901	0.82903			6
2025.01.08	02:42:11.239		0.82902			4
2025.01.08	02:42:11.547		0.82903			4
2025.01.08	02:42:12.575		0.82902			4
2025.01.08	02:42:14.263	0.82902	0.82903			6
2025.01.08	02:42:15.628	0.82903	0.82904			6
2025.01.08	02:42:20.938	0.82902	0.82903			6
2025.01.08	02:42:21.726	0.82903	0.82904			6
2025.01.08	02:42:26.196	0.82902	0.82903			6
2025.01.08	02:42:30.454	0.82903	0.82904			6
2025.01.08	02:42:35.617	0.82904	0.82905			6
2025.01.08	02:42:48.242	0.82905	0.82906			6
2025.01.08	02:42:52.543	0.82904	0.82905			6
2025.01.08	02:42:56.201	0.82903	0.82904			6
2025.01.08	02:43:00.805	0.82900	0.82901			6
2025.01.08	02:43:02.692	0.82899	0.82900			6
2025.01.08	02:43:05.049	0.82900	0.82901			6
2025.01.08	02:43:07.393		0.82902			4
2025.01.08	02:43:08.690	0.82901				2
2025.01.08	02:43:16.346	0.82899	0.82900			6
2025.01.08	02:43:19.633	0.82900	0.82901			6
2025.01.08	02:43:29.950	0.82899	0.82900			6
2025.01.08	02:43:37.899	0.82900	0.82901			6
2025.01.08	02:44:01.039	0.82900				2
2025.01.08	02:44:08.354	0.82903	0.82904			6
2025.01.08	02:44:08.914	0.82904	0.82905			6
2025.01.08	02:44:12.389		0.82906			4
2025.01.08	02:44:12.703		0.82905			4
2025.01.08	02:44:13.872	0.82905	0.82906			6
2025.01.08	02:44:21.656	0.82906	0.82907			6
2025.01.08	02:44:22.563	0.82905	0.82906			6
2025.01.08	02:44:26.259	0.82904	0.82905			6
2025.01.08	02:44:27.247	0.82903	0.82904			6
2025.01.08	02:44:27.562	0.82904	0.82905			6
2025.01.08	02:44:31.974	0.82903	0.82904			6
2025.01.08	02:44:43.891	0.82904	0.82905			6
2025.01.08	02:44:47.612	0.82905	0.82906			6
2025.01.08	02:44:48.362	0.82904	0.82905			6
2025.01.08	02:44:55.549	0.82905	0.82906			6
2025.01.08	02:44:56.483	0.82904	0.82905			6
2025.01.08	02:44:57.561	0.82903	0.82904			6
2025.01.08	02:44:58.055	0.82902	0.82903			6
2025.01.08	02:45:00.702	0.82904	0.82905			6
2025.01.08	02:45:01.017	0.82905	0.82906			6
2025.01.08	02:45:01.402	0.82904	0.82905			6
2025.01.08	02:45:12.608	0.82903	0.82904			6
2025.01.08	02:45:14.091	0.82904	0.82905			6
2025.01.08	02:45:22.705	0.82903	0.82904			6
2025.01.08	02:45:23.480	0.82901	0.82902			6
2025.01.08	02:45:23.900	0.82902	0.82903			6
2025.01.08	02:45:30.898	0.82900	0.82901			6
2025.01.08	02:45:32.697	0.82901	0.82902			6
2025.01.08	02:45:53.943	0.82903	0.82904			6
2025.01.08	02:45:54.692	0.82902	0.82903			6
2025.01.08	02:46:00.617	0.82902	0.82904			6
2025.01.08	02:46:00.930	0.82903				2
2025.01.08	02:46:01.881	0.82902	0.82903			6
2025.01.08	02:46:02.501	0.82901	0.82902			6
2025.01.08	02:46:19.134	0.82900	0.82901			6
2025.01.08	02:46:30.657	0.82901	0.82902			6
2025.01.08	02:46:34.021	0.82900	0.82901			6
2025.01.08	02:46:34.325	0.82901	0.82902			6
2025.01.08	02:46:36.787	0.82900	0.82901			6
2025.01.08	02:46:43.153	0.82901	0.82902			6
2025.01.08	02:46:45.707	0.82900				2
2025.01.08	02:46:46.194	0.82902	0.82903			6
2025.01.08	02:46:47.679	0.82901	0.82902			6
2025.01.08	02:46:50.633	0.82902	0.82903			6
2025.01.08	02:46:50.939	0.82901	0.82902			6
2025.01.08	02:46:57.303	0.82902	0.82903			6
2025.01.08	02:46:58.524	0.82905	0.82906			6
2025.01.08	02:47:00.251	0.82905				2
2025.01.08	02:47:02.306	0.82904	0.82905			6
2025.01.08	02:47:20.580	0.82903	0.82904			6
2025.01.08	02:47:22.573	0.82904	0.82905			6
2025.01.08	02:47:44.862	0.82905	0.82906			6
2025.01.08	02:47:45.633	0.82904	0.82905			6
2025.01.08	02:48:03.690	0.82904				2
2025.01.08	02:48:07.309	0.82903	0.82904			6
2025.01.08	02:48:24.341	0.82902	0.82905			6
2025.01.08	02:48:24.643	0.82904				2
2025.01.08	02:48:33.753	0.82905	0.82906			6
2025.01.08	02:48:40.063	0.82904	0.82905			6
2025.01.08	02:48:44.951	0.82903	0.82904			6
2025.01.08	02:48:50.679	0.82901	0.82902			6
2025.01.08	02:48:50.982	0.82902	0.82903			6
2025.01.08	02:48:59.095	0.82901	0.82902			6
2025.01.08	02:48:59.764	0.82900	0.82901			6
2025.01.08	02:49:00.194	0.82900				2
2025.01.08	02:49:07.209	0.82901	0.82902			6
2025.01.08	02:49:07.817	0.82900	0.82901			6
2025.01.08	02:49:18.807	0.82899	0.82900			6
2025.01.08	02:49:31.933	0.82900	0.82901			6
2025.01.08	02:50:00.841	0.82900				2
2025.01.08	02:50:04.359	0.82902	0.82903			6
2025.01.08	02:50:07.786	0.82904	0.82905			6
2025.01.08	02:50:09.669	0.82905	0.82906			6
2025.01.08	02:50:16.626	0.82906	0.82907			6
2025.01.08	02:50:23.941		0.82909			4
2025.01.08	02:50:24.245		0.82907			4
2025.01.08	02:50:26.203	0.82907	0.82909			6
2025.01.08	02:50:29.475	0.82908	0.82911			6
2025.01.08	02:50:29.783		0.82910			4
2025.01.08	02:50:30.085	0.82909				2
2025.01.08	02:50:30.532	0.82908				2
2025.01.08	02:50:31.273	0.82909	0.82911			6
2025.01.08	02:50:35.402		0.82910			4
2025.01.08	02:50:35.860	0.82907	0.82908			6
2025.01.08	02:50:38.600	0.82908	0.82909			6
2025.01.08	02:50:39.119	0.82907	0.82908			6
2025.01.08	02:50:46.321	0.82908	0.82909			6
2025.01.08	02:50:56.151	0.82907	0.82908			6
2025.01.08	02:50:59.982		0.82910			4
2025.01.08	02:51:00.358	0.82907				2
2025.01.08	02:51:02.005	0.82908	0.82909			6
2025.01.08	02:51:02.307	0.82909	0.82910			6
2025.01.08	02:51:12.125		0.82911			4
2025.01.08	02:51:14.651		0.82910			4
2025.01.08	02:51:16.112		0.82911			4
2025.01.08	02:51:19.729		0.82912			4
2025.01.08	02:51:20.041		0.82911			4
2025.01.08	02:51:21.035	0.82910	0.82912			6
2025.01.08	02:51:25.725	0.82909	0.82911			6
2025.01.08	02:51:26.693		0.82912			4
2025.01.08	02:51:27.622		0.82911			4
2025.01.08	02:51:28.581	0.82910	0.82912			6
2025.01.08	02:51:29.847		0.82911			4
2025.01.08	02:51:30.704		0.82912			4
2025.01.08	02:51:32.480		0.82911			4
2025.01.08	02:51:40.812	0.82908	0.82909			6
2025.01.08	02:51:55.978		0.82910			4
2025.01.08	02:51:59.144	0.82909				2
2025.01.08	02:52:00.002	0.82909				2
2025.01.08	02:52:01.137	0.82910	0.82911			6
2025.01.08	02:52:01.612	0.82909	0.82912			6
2025.01.08	02:52:04.291		0.82910			4
2025.01.08	02:52:05.383	0.82910	0.82911			6
2025.01.08	02:52:08.701	0.82909	0.82912			6
2025.01.08	02:52:09.336	0.82910	0.82911			6
2025.01.08	02:52:10.843		0.82912			4
2025.01.08	02:52:14.241	0.82911				2
2025.01.08	02:52:14.558	0.82910	0.82911			6
2025.01.08	02:52:19.090	0.82911	0.82912			6
2025.01.08	02:52:20.741	0.82910	0.82911			6
2025.01.08	02:52:21.089	0.82911	0.82912			6
2025.01.08	02:52:23.853	0.82910	0.82911			6
2025.01.08	02:52:27.307	0.82909	0.82910			6
2025.01.08	02:52:27.716	0.82910	0.82911			6
2025.01.08	02:52:28.037	0.82909	0.82910			6
2025.01.08	02:52:30.920		0.82911			4
2025.01.08	02:52:31.262		0.82910			4
2025.01.08	02:52:34.851		0.82911			4
2025.01.08	02:52:36.111		0.82912			4
2025.01.08	02:52:36.517		0.82910			4
2025.01.08	02:52:36.923		0.82911			4
2025.01.08	02:52:42.010		0.82912			4
2025.01.08	02:52:44.634		0.82910			4
2025.01.08	02:52:47.971		0.82912			4
2025.01.08	02:52:49.847	0.82910	0.82911			6
2025.01.08	02:53:00.567	0.82910				2
2025.01.08	02:53:01.333	0.82909	0.82910			6
2025.01.08	02:53:09.276	0.82908	0.82909			6
2025.01.08	02:53:10.206		0.82910			4
2025.01.08	02:53:11.872	0.82909				2
2025.01.08	02:53:12.620		0.82911			4
2025.01.08	02:53:13.010		0.82910			4
2025.01.08	02:53:18.081	0.82910	0.82911			6
2025.01.08	02:53:18.394	0.82911	0.82912			6
2025.01.08	02:53:24.875	0.82910	0.82911			6
2025.01.08	02:53:32.680	0.82911	0.82912			6
2025.01.08	02:53:43.263		0.82914			4
2025.01.08	02:53:43.973		0.82913			4
2025.01.08	02:53:47.532		0.82912			4
2025.01.08	02:53:52.436	0.82910	0.82911			6
2025.01.08	02:53:59.760	0.82909	0.82910			6
2025.01.08	02:54:00.066	0.82910	0.82912			6
2025.01.08	02:54:01.157		0.82913			4
2025.01.08	02:54:01.472		0.82911			4
2025.01.08	02:54:01.779	0.82911	0.82912			6
2025.01.08	02:54:02.132	0.82910				2
2025.01.08	02:54:02.447		0.82911			4
2025.01.08	02:54:05.546	0.82909	0.82910			6
2025.01.08	02:54:06.877	0.82908				2
2025.01.08	02:54:09.254	0.82909				2
2025.01.08	02:54:14.364	0.82910	0.82913			6
2025.01.08	02:54:15.366		0.82911			4
2025.01.08	02:54:16.832	0.82909	0.82912			6
2025.01.08	02:54:17.614		0.82911			4
2025.01.08	02:54:19.766	0.82908	0.82909			6
2025.01.08	02:54:22.071		0.82910			4
2025.01.08	02:54:22.831		0.82911			4
2025.01.08	02:54:25.492	0.82909	0.82910			6
2025.01.08	02:54:27.696		0.82911			4
2025.01.08	02:54:28.020	0.82910				2
2025.01.08	02:54:28.362		0.82912			4
2025.01.08	02:54:31.094		0.82913			4
2025.01.08	02:54:33.183		0.82911			4
2025.01.08	02:54:34.566	0.82909	0.82910			6
2025.01.08	02:54:37.004	0.82910	0.82911			6
2025.01.08	02:54:38.373	0.82909				2
2025.01.08	02:54:41.706	0.82910				2
2025.01.08	02:54:50.003	0.82911	0.82914			6
2025.01.08	02:54:50.305	0.82910	0.82913			6
2025.01.08	02:54:50.677		0.82912			4
2025.01.08	02:54:52.974	0.82911	0.82914			6
2025.01.08	02:54:53.956		0.82913			4
2025.01.08	02:54:54.743		0.82912			4
2025.01.08	02:54:57.501	0.82910				2
2025.01.08	02:54:57.801		0.82911			4
2025.01.08	02:54:58.141		0.82912			4
2025.01.08	02:54:58.468		0.82911			4
2025.01.08	02:54:59.179		0.82912			4
2025.01.08	02:54:59.877	0.82909	0.82910			6
2025.01.08	02:55:00.191	0.82909				2
2025.01.08	02:55:00.523	0.82906	0.82907			6
2025.01.08	02:55:01.205	0.82907	0.82908			6
2025.01.08	02:55:03.770	0.82905	0.82906			6
2025.01.08	02:55:04.828	0.82906	0.82907			6
2025.01.08	02:55:05.135	0.82905	0.82906			6
2025.01.08	02:55:06.815	0.82906	0.82907			6
2025.01.08	02:55:08.078	0.82907	0.82908			6
2025.01.08	02:55:08.969	0.82906	0.82907			6
2025.01.08	02:55:11.505	0.82904	0.82905			6
2025.01.08	02:55:22.627	0.82905	0.82906			6
2025.01.08	02:55:25.679	0.82907	0.82908			6
2025.01.08	02:55:26.252	0.82906	0.82907			6
2025.01.08	02:55:31.355	0.82907	0.82908			6
2025.01.08	02:55:32.228	0.82908	0.82909			6
2025.01.08	02:55:32.864	0.82909	0.82911			6
2025.01.08	02:55:33.176	0.82910				2
2025.01.08	02:55:34.346	0.82909	0.82910			6
2025.01.08	02:55:34.662		0.82911			4
2025.01.08	02:55:39.471		0.82910			4
2025.01.08	02:55:39.812	0.82908				2
2025.01.08	02:55:40.130		0.82909			4
2025.01.08	02:55:41.160	0.82909	0.82910			6
2025.01.08	02:55:42.241	0.82908	0.82909			6
2025.01.08	02:55:43.170	0.82907	0.82908			6
2025.01.08	02:55:44.315	0.82905	0.82906			6
2025.01.08	02:55:57.280	0.82906	0.82907			6
2025.01.08	02:55:58.896	0.82905	0.82906			6
2025.01.08	02:56:00.155	0.82905				2
2025.01.08	02:56:00.849	0.82904	0.82905			6
2025.01.08	02:56:03.475	0.82905	0.82906			6
2025.01.08	02:56:03.793	0.82907	0.82908			6
2025.01.08	02:56:05.744	0.82905	0.82906			6
2025.01.08	02:56:06.388	0.82904	0.82905			6
2025.01.08	02:56:08.395	0.82905	0.82906			6
2025.01.08	02:56:11.574	0.82907	0.82908			6
2025.01.08	02:56:13.953	0.82908	0.82909			6
2025.01.08	02:56:15.076	0.82907	0.82908			6
2025.01.08	02:56:17.621	0.82906	0.82907			6
2025.01.08	02:56:23.036	0.82907	0.82908			6
2025.01.08	02:56:23.715	0.82908	0.82909			6
2025.01.08	02:56:24.424	0.82907	0.82908			6
2025.01.08	02:56:27.290	0.82908	0.82909			6
2025.01.08	02:56:28.082	0.82907	0.82908			6
2025.01.08	02:56:29.425	0.82906	0.82907			6
2025.01.08	02:56:32.366	0.82905	0.82906			6
2025.01.08	02:56:38.726	0.82906	0.82907			6
2025.01.08	02:56:44.654	0.82905	0.82906			6
2025.01.08	02:56:44.978	0.82906	0.82907			6
2025.01.08	02:56:45.804		0.82908			4
2025.01.08	02:56:46.501		0.82909			4
2025.01.08	02:56:47.193	0.82907				2
2025.01.08	02:56:47.503		0.82908			4
2025.01.08	02:56:52.067	0.82908	0.82909			6
2025.01.08	02:56:52.902	0.82907	0.82908			6
2025.01.08	02:56:57.148	0.82908	0.82909			6
2025.01.08	02:57:00.279	0.82908				2
2025.01.08	02:57:01.045	0.82909	0.82910			6
2025.01.08	02:57:06.516	0.82908	0.82909			6
2025.01.08	02:57:12.018	0.82909	0.82910			6
2025.01.08	02:57:14.433	0.82908	0.82909			6
2025.01.08	02:57:15.254	0.82907	0.82908			6
2025.01.08	02:57:19.618	0.82908	0.82909			6
2025.01.08	02:57:23.727	0.82907	0.82908			6
2025.01.08	02:57:24.401	0.82908	0.82909			6
2025.01.08	02:57:36.776	0.82909	0.82912			6
2025.01.08	02:57:37.082	0.82910				2
2025.01.08	02:57:37.469		0.82911			4
2025.01.08	02:57:41.708	0.82909				2
2025.01.08	02:57:45.419	0.82908	0.82909			6
2025.01.08	02:57:47.915	0.82909	0.82910			6
2025.01.08	02:57:49.228		0.82912			4
2025.01.08	02:57:49.536	0.82910				2
2025.01.08	02:57:50.852		0.82911			4
2025.01.08	02:57:51.921	0.82911	0.82913			6
2025.01.08	02:57:53.393	0.82910				2
2025.01.08	02:57:53.747		0.82912			4
2025.01.08	02:57:54.054	0.82909	0.82911			6
2025.01.08	02:57:54.364		0.82910			4
2025.01.08	02:58:00.331	0.82909				2
2025.01.08	02:58:03.144	0.82908	0.82909			6
2025.01.08	02:58:10.477	0.82907	0.82908			6
2025.01.08	02:58:14.264	0.82908	0.82909			6
2025.01.08	02:58:25.607	0.82907	0.82908			6
2025.01.08	02:58:28.790	0.82908	0.82909			6
2025.01.08	02:58:33.057	0.82907	0.82908			6
2025.01.08	02:58:40.461	0.82908	0.82909			6
2025.01.08	02:58:43.142	0.82909	0.82910			6
2025.01.08	02:58:45.446	0.82910	0.82911			6
2025.01.08	02:58:45.763	0.82911	0.82912			6
2025.01.08	02:58:46.068	0.82912	0.82913			6
2025.01.08	02:58:48.531	0.82913	0.82914			6
2025.01.08	02:58:49.418	0.82912	0.82913			6
2025.01.08	02:58:54.456	0.82913	0.82914			6
2025.01.08	02:58:55.201	0.82914	0.82915			6
2025.01.08	02:58:55.778	0.82913	0.82914			6
2025.01.08	02:58:57.236	0.82912	0.82913			6
2025.01.08	02:59:00.610	0.82913	0.82914			6
2025.01.08	02:59:01.149	0.82914	0.82915			6
2025.01.08	02:59:01.463	0.82913	0.82914			6
2025.01.08	02:59:04.672	0.82912	0.82913			6
2025.01.08	02:59:16.671	0.82914	0.82915			6
2025.01.08	02:59:18.631	0.82913	0.82914			6
2025.01.08	02:59:39.626	0.82912	0.82913			6
2025.01.08	02:59:40.418	0.82915	0.82916			6
2025.01.08	02:59:41.990	0.82916	0.82917			6
2025.01.08	02:59:42.335	0.82915	0.82916			6
2025.01.08	02:59:44.930	0.82916	0.82917			6
2025.01.08	02:59:56.995	0.82917	0.82918			6
2025.01.08	02:59:57.483	0.82916	0.82917			6
2025.01.08	02:59:58.549	0.82917	0.82918			6
2025.01.08	03:00:00.180	0.82917				2
2025.01.08	03:00:00.536	0.82916	0.82917			6
2025.01.08	03:00:01.938	0.82917	0.82918			6
2025.01.08	03:00:02.865	0.82916				2
2025.01.08	03:00:04.150		0.82917			4
2025.01.08	03:00:04.532		0.82918			4
2025.01.08	03:00:05.421		0.82917			4
2025.01.08	03:00:06.579		0.82918			4
2025.01.08	03:00:08.120		0.82917			4
2025.01.08	03:00:09.919		0.82919			4
2025.01.08	03:00:10.761	0.82917				2
2025.01.08	03:00:11.600		0.82918			4
2025.01.08	03:00:12.671	0.82916	0.82917			6
2025.01.08	03:00:13.638	0.82917	0.82918			6
2025.01.08	03:00:13.944	0.82916	0.82917			6
2025.01.08	03:00:16.432	0.82917	0.82918			6
2025.01.08	03:00:16.773	0.82916				2
2025.01.08	03:00:17.236	0.82917				2
2025.01.08	03:00:21.545	0.82918	0.82919			6
2025.01.08	03:00:24.817	0.82917	0.82918			6
2025.01.08	03:00:27.131	0.82918	0.82919			6
2025.01.08	03:00:27.443	0.82917	0.82918			6
2025.01.08	03:00:27.769	0.82919	0.82921			6
2025.01.08	03:00:28.487		0.82920			4
2025.01.08	03:00:31.409	0.82918	0.82919			6
2025.01.08	03:00:33.275	0.82917				2
2025.01.08	03:00:36.390		0.82918			4
2025.01.08	03:00:39.814	0.82916	0.82917			6
2025.01.08	03:00:40.207	0.82915	0.82916			6
2025.01.08	03:00:41.467	0.82916	0.82917			6
2025.01.08	03:00:51.480	0.82915	0.82916			6
2025.01.08	03:00:58.078	0.82916	0.82918			6
2025.01.08	03:00:58.388	0.82917				2
2025.01.08	03:01:00.458	0.82917				2
2025.01.08	03:01:02.424	0.82915				2
2025.01.08	03:01:02.726	0.82916	0.82917			6
2025.01.08	03:01:03.051	0.82915	0.82916			6
2025.01.08	03:01:07.979	0.82914	0.82915			6
2025.01.08	03:01:11.977	0.82920	0.82923			6
2025.01.08	03:01:12.634		0.82924			4
2025.01.08	03:01:14.728	0.82921	0.82922			6
2025.01.08	03:01:15.049		0.82923			4
2025.01.08	03:01:15.438	0.82922				2
2025.01.08	03:01:18.250	0.82921				2
2025.01.08	03:01:22.446	0.82922				2
2025.01.08	03:01:23.012	0.82921	0.82922			6
2025.01.08	03:01:25.394		0.82923			4
2025.01.08	03:01:28.644	0.82922				2
2025.01.08	03:01:32.378	0.82925	0.82926			6
2025.01.08	03:01:34.195	0.82924	0.82925			6
2025.01.08	03:01:38.649	0.82925	0.82926			6
2025.01.08	03:01:40.394	0.82926	0.82927			6
2025.01.08	03:01:42.163	0.82925	0.82926			6
2025.01.08	03:01:49.377	0.82927	0.82928			6
2025.01.08	03:01:50.050	0.82925	0.82926			6
2025.01.08	03:01:51.464	0.82926	0.82928			6
2025.01.08	03:01:51.782		0.82927			4
2025.01.08	03:02:00.237	0.82926				2
2025.01.08	03:02:01.503	0.82925	0.82926			6
2025.01.08	03:02:04.650	0.82926	0.82927			6
2025.01.08	03:02:05.239		0.82928			4
2025.01.08	03:02:06.248		0.82927			4
2025.01.08	03:02:06.601	0.82925	0.82926			6
2025.01.08	03:02:06.923	0.82924	0.82925			6
2025.01.08	03:02:07.729	0.82925	0.82926			6
2025.01.08	03:02:08.047	0.82924	0.82925			6
2025.01.08	03:02:09.195	0.82925	0.82926			6
2025.01.08	03:02:09.561	0.82924	0.82925			6
2025.01.08	03:02:16.931	0.82923	0.82924			6
2025.01.08	03:02:19.415	0.82922	0.82923			6
2025.01.08	03:02:20.246	0.82920	0.82921			6
2025.01.08	03:02:20.570		0.82922			4
2025.01.08	03:02:21.201		0.82923			4
2025.01.08	03:02:21.531		0.82921			4
2025.01.08	03:02:23.001		0.82922			4
2025.01.08	03:02:23.708	0.82921	0.82923			6
2025.01.08	03:02:25.050	0.82922				2
2025.01.08	03:02:26.897	0.82921	0.82922			6
2025.01.08	03:02:27.406	0.82920	0.82923			6
2025.01.08	03:02:27.905	0.82922				2
2025.01.08	03:02:32.698	0.82921				2
2025.01.08	03:02:37.048	0.82920				2
2025.01.08	03:02:37.627	0.82922	0.82924			6
2025.01.08	03:02:37.948	0.82921	0.82922			6
2025.01.08	03:02:39.353	0.82918	0.82919			6
2025.01.08	03:02:43.518	0.82919	0.82920			6
2025.01.08	03:02:46.505	0.82920	0.82921			6
2025.01.08	03:02:47.988	0.82919				2
2025.01.08	03:02:48.743		0.82920			4
2025.01.08	03:02:49.133	0.82918	0.82919			6
2025.01.08	03:02:55.341	0.82919	0.82920			6
2025.01.08	03:02:57.376	0.82920	0.82921			6
2025.01.08	03:03:00.278	0.82920				2
2025.01.08	03:03:09.322	0.82921	0.82922			6
2025.01.08	03:03:10.197	0.82920	0.82921			6
2025.01.08	03:03:16.679	0.82919	0.82920			6
2025.01.08	03:03:19.787	0.82918	0.82919			6
2025.01.08	03:03:20.946	0.82919	0.82920			6
2025.01.08	03:03:21.523	0.82918	0.82919			6
2025.01.08	03:03:22.167	0.82919	0.82920			6
2025.01.08	03:03:23.222	0.82918	0.82919			6
2025.01.08	03:03:23.793	0.82919	0.82920			6
2025.01.08	03:03:24.507	0.82918	0.82919			6
2025.01.08	03:03:27.402	0.82916	0.82917			6
2025.01.08	03:03:33.411		0.82918			4
2025.01.08	03:03:34.074		0.82919			4
2025.01.08	03:03:34.440	0.82915	0.82918			6
2025.01.08	03:03:37.348	0.82916				2
2025.01.08	03:03:37.668	0.82915				2
2025.01.08	03:03:38.052	0.82916				2
2025.01.08	03:03:40.994	0.82915				2
2025.01.08	03:03:42.214	0.82916				2
2025.01.08	03:03:43.142		0.82917			4
2025.01.08	03:03:44.893	0.82917	0.82918			6
2025.01.08	03:03:50.094	0.82916	0.82917			6
2025.01.08	03:03:50.502	0.82918	0.82919			6
2025.01.08	03:03:51.368	0.82919	0.82920			6
2025.01.08	03:04:00.073	0.82919				2
2025.01.08	03:04:07.730	0.82917	0.82918			6
2025.01.08	03:04:08.037	0.82918	0.82919			6
2025.01.08	03:04:08.993	0.82917	0.82918			6
2025.01.08	03:04:09.303	0.82915	0.82916			6
2025.01.08	03:04:15.897	0.82914	0.82915			6
2025.01.08	03:04:16.632	0.82915	0.82916			6
2025.01.08	03:04:19.874	0.82914	0.82915			6
2025.01.08	03:04:20.938	0.82915	0.82916			6
2025.01.08	03:04:27.827	0.82917	0.82918			6
2025.01.08	03:04:28.348	0.82916	0.82917			6
2025.01.08	03:04:28.658	0.82917	0.82918			6
2025.01.08	03:04:29.043	0.82916	0.82917			6
2025.01.08	03:04:31.399	0.82917	0.82918			6
2025.01.08	03:04:32.192	0.82916	0.82917			6
2025.01.08	03:04:34.259	0.82915	0.82916			6
2025.01.08	03:04:35.536	0.82914	0.82915			6
2025.01.08	03:04:37.021	0.82913	0.82914			6
2025.01.08	03:04:38.080	0.82914	0.82915			6
2025.01.08	03:04:38.841	0.82913	0.82914			6
2025.01.08	03:04:42.360	0.82914	0.82915			6
2025.01.08	03:04:43.298	0.82913	0.82914			6
2025.01.08	03:04:44.392	0.82914	0.82915			6
2025.01.08	03:04:44.716	0.82913	0.82914			6
2025.01.08	03:04:45.940	0.82912	0.82913			6
2025.01.08	03:04:49.479	0.82911	0.82912			6
2025.01.08	03:04:50.352	0.82912	0.82913			6
2025.01.08	03:04:50.692	0.82914	0.82915			6
2025.01.08	03:04:51.010	0.82913	0.82914			6
2025.01.08	03:04:52.735	0.82912				2
2025.01.08	03:04:57.495		0.82913			4
2025.01.08	03:05:00.269	0.82912				2
2025.01.08	03:05:04.452	0.82913	0.82914			6
2025.01.08	03:05:05.044	0.82912	0.82913			6
2025.01.08	03:05:05.458	0.82911	0.82912			6
2025.01.08	03:05:12.514	0.82912	0.82914			6
2025.01.08	03:05:13.167	0.82913	0.82915			6
2025.01.08	03:05:13.487		0.82914			4
2025.01.08	03:05:15.177	0.82915	0.82916			6
2025.01.08	03:05:15.549	0.82914	0.82915			6
2025.01.08	03:05:16.738	0.82913	0.82914			6
2025.01.08	03:05:22.343	0.82914	0.82915			6
2025.01.08	03:05:23.435	0.82916	0.82917			6
2025.01.08	03:05:24.420	0.82917	0.82918			6
2025.01.08	03:05:24.727	0.82915	0.82916			6
2025.01.08	03:05:25.445	0.82916	0.82917			6
2025.01.08	03:05:25.896	0.82915	0.82916			6
2025.01.08	03:05:30.348	0.82916	0.82917			6
2025.01.08	03:05:31.092	0.82917	0.82918			6
2025.01.08	03:05:32.641	0.82916	0.82917			6
2025.01.08	03:05:33.216	0.82917	0.82918			6
2025.01.08	03:05:34.631	0.82916	0.82917			6
2025.01.08	03:05:35.590	0.82915	0.82916			6
2025.01.08	03:05:38.142	0.82916	0.82917			6
2025.01.08	03:05:38.554	0.82915	0.82916			6
2025.01.08	03:05:39.435	0.82916	0.82917			6
2025.01.08	03:05:45.979	0.82917	0.82918			6
2025.01.08	03:05:47.164	0.82916	0.82917			6
2025.01.08	03:05:50.803	0.82915				2
2025.01.08	03:05:51.558	0.82916				2
2025.01.08	03:05:52.801	0.82915				2
2025.01.08	03:05:53.592	0.82916				2
2025.01.08	03:05:54.898	0.82915				2
2025.01.08	03:05:55.203	0.82916				2
2025.01.08	03:06:00.034	0.82916				2
