<DATE>	<TIME>	<BID>	<ASK>	<LAST>	<VOLUME>	<FLAGS>
2025.06.30	00:03:30.761	0.85502	0.85612			6
2025.06.30	00:04:00.404	0.85502				2
2025.06.30	00:04:50.405		0.85612			4
2025.06.30	00:05:02.592	0.85502				2
2025.06.30	00:05:45.594	0.85510	0.85613			6
2025.06.30	00:05:48.574	0.85470	0.85612			6
2025.06.30	00:06:10.411	0.85470				2
2025.06.30	00:06:51.458		0.85612			4
2025.06.30	00:07:06.805	0.85470				2
2025.06.30	00:07:51.764		0.85612			4
2025.06.30	00:08:20.405	0.85470				2
2025.06.30	00:08:52.173		0.85612			4
2025.06.30	00:09:02.307	0.85470				2
2025.06.30	00:09:28.579	0.85471	0.85610			6
2025.06.30	00:10:00.431	0.85478				2
2025.06.30	00:10:23.582	0.85477	0.85612			6
2025.06.30	00:11:04.972	0.85493				2
2025.06.30	00:11:29.302	0.85488	0.85610			6
2025.06.30	00:11:31.032	0.85487				2
2025.06.30	00:11:44.747		0.85608			4
2025.06.30	00:11:47.498	0.85481	0.85595			6
2025.06.30	00:12:00.578	0.85481				2
2025.06.30	00:12:05.377	0.85482				2
2025.06.30	00:12:24.408	0.85480				2
2025.06.30	00:12:31.333	0.85479				2
2025.06.30	00:12:44.691	0.85478				2
2025.06.30	00:12:47.504		0.85595			4
2025.06.30	00:12:53.658	0.85477				2
2025.06.30	00:13:03.050	0.85470	0.85594			6
2025.06.30	00:13:07.802	0.85472	0.85588			6
2025.06.30	00:13:13.450	0.85470	0.85580			6
2025.06.30	00:13:16.122	0.85471				2
2025.06.30	00:13:18.769	0.85469	0.85574			6
2025.06.30	00:13:20.124	0.85470				2
2025.06.30	00:14:00.279	0.85468				2
2025.06.30	00:14:03.997	0.85467				2
2025.06.30	00:14:10.179	0.85466				2
2025.06.30	00:14:20.406		0.85574			4
2025.06.30	00:15:00.399	0.85450	0.85571			6
2025.06.30	00:15:44.799	0.85446	0.85560			6
2025.06.30	00:15:46.936	0.85468	0.85584			6
2025.06.30	00:15:55.121	0.85473				2
2025.06.30	00:15:56.699	0.85470	0.85569			6
2025.06.30	00:16:01.780	0.85470				2
2025.06.30	00:16:05.376	0.85469	0.85565			6
2025.06.30	00:16:07.153	0.85466				2
2025.06.30	00:16:08.119	0.85469				2
2025.06.30	00:16:18.816	0.85466	0.85562			6
2025.06.30	00:16:34.179	0.85467				2
2025.06.30	00:16:35.680	0.85466				2
2025.06.30	00:16:36.809	0.85467				2
2025.06.30	00:16:46.858		0.85561			4
2025.06.30	00:16:50.060		0.85559			4
2025.06.30	00:17:05.408	0.85467				2
2025.06.30	00:17:18.726	0.85465	0.85553			6
2025.06.30	00:17:33.292	0.85469	0.85557			6
2025.06.30	00:17:35.689		0.85560			4
2025.06.30	00:17:36.085		0.85558			4
2025.06.30	00:17:59.099	0.85465	0.85559			6
2025.06.30	00:18:02.076	0.85465				2
2025.06.30	00:18:06.509	0.85469	0.85555			6
2025.06.30	00:18:10.643		0.85558			4
2025.06.30	00:18:11.540		0.85560			4
2025.06.30	00:18:16.710		0.85558			4
2025.06.30	00:18:20.322	0.85473	0.85570			6
2025.06.30	00:18:37.610	0.85472	0.85569			6
2025.06.30	00:18:40.416	0.85468				2
2025.06.30	00:18:57.530	0.85467	0.85570			6
2025.06.30	00:18:57.880	0.85466				2
2025.06.30	00:19:01.482	0.85466				2
2025.06.30	00:19:03.524	0.85464				2
2025.06.30	00:19:11.603	0.85463				2
2025.06.30	00:19:39.645	0.85466	0.85576			6
2025.06.30	00:20:01.764	0.85466				2
2025.06.30	00:20:11.748		0.85581			4
2025.06.30	00:20:24.199		0.85573			4
2025.06.30	00:20:33.715		0.85571			4
2025.06.30	00:21:01.479	0.85466				2
2025.06.30	00:21:37.481		0.85571			4
2025.06.30	00:22:00.322	0.85466				2
2025.06.30	00:22:02.667	0.85465				2
2025.06.30	00:22:14.705	0.85464				2
2025.06.30	00:22:17.196	0.85465				2
2025.06.30	00:22:43.776		0.85571			4
2025.06.30	00:23:08.976	0.85465				2
2025.06.30	00:23:26.093	0.85433	0.85555			6
2025.06.30	00:23:30.183	0.85465	0.85570			6
2025.06.30	00:24:02.249	0.85465				2
2025.06.30	00:24:12.151	0.85466	0.85572			6
2025.06.30	00:24:16.283		0.85570			4
2025.06.30	00:25:05.505	0.85465				2
2025.06.30	00:25:09.296		0.85580			4
2025.06.30	00:25:22.466	0.85466				2
2025.06.30	00:25:38.292	0.85464	0.85564			6
2025.06.30	00:25:40.179	0.85465				2
2025.06.30	00:25:47.842	0.85444	0.85558			6
2025.06.30	00:25:58.508	0.85416	0.85528			6
2025.06.30	00:26:11.838	0.85416				2
2025.06.30	00:26:23.383	0.85417				2
2025.06.30	00:26:24.277	0.85416				2
2025.06.30	00:26:26.152	0.85443	0.85547			6
2025.06.30	00:26:39.875	0.85458	0.85551			6
2025.06.30	00:26:41.176	0.85461	0.85575			6
2025.06.30	00:26:57.694	0.85454				2
2025.06.30	00:26:58.694	0.85461				2
2025.06.30	00:27:10.404	0.85461				2
2025.06.30	00:27:34.885		0.85583			4
2025.06.30	00:28:02.079	0.85461				2
2025.06.30	00:28:22.882	0.85470	0.85584			6
2025.06.30	00:28:23.385	0.85471				2
2025.06.30	00:28:27.150	0.85482	0.85603			6
2025.06.30	00:28:37.217	0.85479				2
2025.06.30	00:28:48.231		0.85614			4
2025.06.30	00:29:00.404	0.85479				2
2025.06.30	00:29:08.710		0.85619			4
2025.06.30	00:29:16.777	0.85480				2
2025.06.30	00:29:17.474	0.85486	0.85609			6
2025.06.30	00:29:17.980	0.85487	0.85617			6
2025.06.30	00:29:26.251	0.85488				2
2025.06.30	00:29:26.677	0.85489				2
2025.06.30	00:29:29.366	0.85490				2
2025.06.30	00:29:31.658		0.85611			4
2025.06.30	00:29:32.311	0.85489				2
2025.06.30	00:30:00.311	0.85480	0.85603			6
2025.06.30	00:30:11.220		0.85596			4
2025.06.30	00:30:20.622	0.85485	0.85590			6
2025.06.30	00:30:23.153	0.85482	0.85588			6
2025.06.30	00:30:23.657	0.85483				2
2025.06.30	00:30:31.762		0.85594			4
2025.06.30	00:30:32.118		0.85597			4
2025.06.30	00:30:32.420	0.85484				2
2025.06.30	00:30:32.804		0.85598			4
2025.06.30	00:30:33.277	0.85483				2
2025.06.30	00:30:35.378	0.85484				2
2025.06.30	00:30:49.779	0.85485				2
2025.06.30	00:30:51.417	0.85489	0.85601			6
2025.06.30	00:31:01.765	0.85489				2
2025.06.30	00:31:03.593	0.85486	0.85594			6
2025.06.30	00:31:09.212	0.85468	0.85584			6
2025.06.30	00:31:11.688	0.85467	0.85585			6
2025.06.30	00:31:14.303	0.85466	0.85580			6
2025.06.30	00:31:16.306	0.85465				2
2025.06.30	00:31:17.815	0.85466				2
2025.06.30	00:31:30.331		0.85596			4
2025.06.30	00:31:32.377		0.85581			4
2025.06.30	00:31:45.332		0.85598			4
2025.06.30	00:31:47.316	0.85465	0.85580			6
2025.06.30	00:31:48.811	0.85466				2
2025.06.30	00:31:51.371		0.85596			4
2025.06.30	00:31:59.304	0.85465				2
2025.06.30	00:32:00.331	0.85465	0.85598			6
2025.06.30	00:32:00.879	0.85466				2
2025.06.30	00:32:02.808		0.85596			4
2025.06.30	00:32:09.306	0.85465				2
2025.06.30	00:32:12.501		0.85580			4
2025.06.30	00:32:17.818	0.85466				2
2025.06.30	00:32:20.404	0.85465				2
2025.06.30	00:32:23.819	0.85466				2
2025.06.30	00:32:25.476	0.85465				2
2025.06.30	00:32:27.815	0.85466				2
2025.06.30	00:32:30.333	0.85465	0.85598			6
2025.06.30	00:32:32.552	0.85466	0.85580			6
2025.06.30	00:32:34.476	0.85465				2
2025.06.30	00:32:36.808	0.85466				2
2025.06.30	00:32:38.385	0.85465				2
2025.06.30	00:32:40.805	0.85466				2
2025.06.30	00:32:43.319	0.85465				2
2025.06.30	00:32:45.280		0.85598			4
2025.06.30	00:32:49.810	0.85466				2
2025.06.30	00:32:51.307	0.85465				2
2025.06.30	00:33:01.478	0.85465				2
2025.06.30	00:33:06.578	0.85467	0.85580			6
2025.06.30	00:33:07.164	0.85468				2
2025.06.30	00:33:08.118	0.85473	0.85590			6
2025.06.30	00:33:10.176	0.85474				2
2025.06.30	00:33:14.342	0.85472				2
2025.06.30	00:33:15.793	0.85470	0.85577			6
2025.06.30	00:33:16.098		0.85575			4
2025.06.30	00:33:17.825	0.85469				2
2025.06.30	00:33:20.676	0.85470				2
2025.06.30	00:34:00.407	0.85470				2
2025.06.30	00:34:00.802	0.85463	0.85581			6
2025.06.30	00:34:01.766	0.85469	0.85575			6
2025.06.30	00:34:04.295	0.85470	0.85574			6
2025.06.30	00:34:06.878		0.85575			4
2025.06.30	00:34:08.295	0.85471	0.85573			6
2025.06.30	00:34:08.799	0.85470	0.85574			6
2025.06.30	00:34:09.804		0.85575			4
2025.06.30	00:34:12.575		0.85574			4
2025.06.30	00:34:14.976		0.85575			4
2025.06.30	00:34:21.291		0.85574			4
2025.06.30	00:34:23.979		0.85575			4
2025.06.30	00:34:27.299		0.85574			4
2025.06.30	00:34:29.976		0.85575			4
2025.06.30	00:34:32.681		0.85574			4
2025.06.30	00:34:43.794		0.85575			4
2025.06.30	00:34:45.295		0.85574			4
2025.06.30	00:34:47.795		0.85575			4
2025.06.30	00:34:50.295		0.85574			4
2025.06.30	00:35:02.257	0.85470				2
2025.06.30	00:35:08.683	0.85445	0.85565			6
2025.06.30	00:35:14.797	0.85446	0.85564			6
2025.06.30	00:35:16.180	0.85447				2
2025.06.30	00:35:18.295		0.85565			4
2025.06.30	00:35:20.130	0.85446	0.85564			6
2025.06.30	00:35:23.376	0.85447				2
2025.06.30	00:35:28.178		0.85563			4
2025.06.30	00:35:29.857	0.85448				2
2025.06.30	00:35:31.176	0.85447				2
2025.06.30	00:35:33.274	0.85459	0.85576			6
2025.06.30	00:35:35.085	0.85460				2
2025.06.30	00:35:35.711	0.85454	0.85560			6
2025.06.30	00:35:45.114	0.85451	0.85561			6
2025.06.30	00:35:45.861	0.85449	0.85550			6
2025.06.30	00:35:46.214		0.85549			4
2025.06.30	00:35:47.676	0.85450				2
2025.06.30	00:35:50.464	0.85447	0.85545			6
2025.06.30	00:35:51.196	0.85446	0.85543			6
2025.06.30	00:35:53.264		0.85538			4
2025.06.30	00:35:54.321	0.85445	0.85534			6
2025.06.30	00:35:56.746	0.85444	0.85530			6
2025.06.30	00:36:01.479	0.85443				2
2025.06.30	00:36:12.687	0.85448	0.85525			6
2025.06.30	00:36:19.605	0.85444				2
2025.06.30	00:36:24.411	0.85447	0.85557			6
2025.06.30	00:36:24.810	0.85448	0.85560			6
2025.06.30	00:36:25.452		0.85552			4
2025.06.30	00:36:25.917	0.85447	0.85537			6
2025.06.30	00:36:27.084	0.85446	0.85544			6
2025.06.30	00:36:28.178	0.85445				2
2025.06.30	00:36:32.378	0.85444				2
2025.06.30	00:36:37.265		0.85538			4
2025.06.30	00:36:38.976	0.85445				2
2025.06.30	00:36:41.764		0.85530			4
2025.06.30	00:36:50.679	0.85444				2
2025.06.30	00:36:53.325		0.85538			4
2025.06.30	00:36:55.936		0.85531			4
2025.06.30	00:37:03.578	0.85444				2
2025.06.30	00:37:08.344		0.85538			4
2025.06.30	00:37:31.026	0.85415	0.85526			6
2025.06.30	00:37:38.801	0.85434				2
2025.06.30	00:37:43.321		0.85534			4
2025.06.30	00:37:43.946		0.85533			4
2025.06.30	00:37:46.777	0.85437	0.85525			6
2025.06.30	00:37:58.322		0.85533			4
2025.06.30	00:38:00.575	0.85437				2
2025.06.30	00:38:01.060		0.85526			4
2025.06.30	00:38:13.805		0.85533			4
2025.06.30	00:38:16.031		0.85526			4
2025.06.30	00:38:22.250	0.85438				2
2025.06.30	00:38:23.031	0.85439				2
2025.06.30	00:38:25.302		0.85525			4
2025.06.30	00:38:30.409		0.85521			4
2025.06.30	00:38:35.632	0.85440	0.85525			6
2025.06.30	00:38:37.411		0.85534			4
2025.06.30	00:38:39.332	0.85441				2
2025.06.30	00:38:40.180		0.85528			4
2025.06.30	00:38:47.377	0.85442				2
2025.06.30	00:38:53.008	0.85443	0.85536			6
2025.06.30	00:38:56.112		0.85530			4
2025.06.30	00:39:07.580	0.85443	0.85538			6
2025.06.30	00:39:10.449		0.85530			4
2025.06.30	00:39:16.776	0.85457	0.85540			6
2025.06.30	00:39:17.123	0.85456				2
2025.06.30	00:39:18.278	0.85457				2
2025.06.30	00:39:29.321		0.85552			4
2025.06.30	00:39:33.102		0.85539			4
2025.06.30	00:39:35.280	0.85460	0.85541			6
2025.06.30	00:39:37.111	0.85462	0.85545			6
2025.06.30	00:39:37.449		0.85541			4
2025.06.30	00:39:38.179	0.85461				2
2025.06.30	00:39:39.877	0.85462				2
2025.06.30	00:39:48.681		0.85555			4
2025.06.30	00:39:50.095	0.85464	0.85541			6
2025.06.30	00:39:56.488	0.85467	0.85540			6
2025.06.30	00:40:01.176	0.85467				2
2025.06.30	00:40:03.579		0.85557			4
2025.06.30	00:40:06.767	0.85469				2
2025.06.30	00:40:07.995		0.85558			4
2025.06.30	00:40:17.333	0.85470				2
2025.06.30	00:40:20.349		0.85550			4
2025.06.30	00:40:32.311	0.85475	0.85558			6
2025.06.30	00:40:33.357		0.85569			4
2025.06.30	00:40:35.354		0.85558			4
2025.06.30	00:40:46.379		0.85573			4
2025.06.30	00:40:47.376		0.85558			4
2025.06.30	00:40:56.645		0.85573			4
2025.06.30	00:40:58.141		0.85558			4
2025.06.30	00:41:01.763	0.85475				2
2025.06.30	00:41:03.248	0.85472				2
2025.06.30	00:41:05.675	0.85473				2
2025.06.30	00:41:16.395	0.85475	0.85566			6
2025.06.30	00:41:29.981		0.85573			4
2025.06.30	00:41:45.810		0.85566			4
2025.06.30	00:41:57.545		0.85573			4
2025.06.30	00:42:00.576	0.85475				2
2025.06.30	00:42:13.376	0.85470	0.85571			6
2025.06.30	00:42:28.685		0.85564			4
2025.06.30	00:42:41.432		0.85572			4
2025.06.30	00:43:01.761	0.85470				2
2025.06.30	00:43:10.479	0.85469				2
2025.06.30	00:43:13.385		0.85560			4
2025.06.30	00:43:23.910		0.85571			4
2025.06.30	00:44:01.177	0.85468				2
2025.06.30	00:44:03.631	0.85469	0.85570			6
2025.06.30	00:44:25.728	0.85466	0.85536			6
2025.06.30	00:44:37.778		0.85535			4
2025.06.30	00:44:41.142	0.85469	0.85570			6
2025.06.30	00:45:01.481	0.85468				2
2025.06.30	00:45:02.187	0.85455	0.85559			6
2025.06.30	00:45:04.337	0.85468	0.85570			6
2025.06.30	00:45:09.707	0.85480	0.85558			6
2025.06.30	00:46:00.404	0.85480				2
2025.06.30	00:46:13.478		0.85558			4
2025.06.30	00:46:32.251		0.85557			4
2025.06.30	00:47:00.878	0.85480				2
2025.06.30	00:47:01.974	0.85467	0.85572			6
2025.06.30	00:47:04.415	0.85480	0.85548			6
2025.06.30	00:47:08.403		0.85557			4
2025.06.30	00:47:10.385	0.85483	0.85556			6
2025.06.30	00:47:55.605	0.85480				2
2025.06.30	00:47:57.984	0.85481	0.85553			6
2025.06.30	00:47:58.927	0.85482				2
2025.06.30	00:48:00.276	0.85482				2
2025.06.30	00:48:01.777	0.85481				2
2025.06.30	00:48:03.632	0.85479				2
2025.06.30	00:48:29.081	0.85478				2
2025.06.30	00:49:00.403	0.85478	0.85553			6
2025.06.30	00:49:04.176	0.85477				2
2025.06.30	00:49:29.872	0.85473				2
2025.06.30	00:49:30.577	0.85472				2
2025.06.30	00:49:40.478	0.85471				2
2025.06.30	00:50:00.881	0.85471	0.85553			6
2025.06.30	00:50:30.277	0.85470				2
2025.06.30	00:51:03.279	0.85470	0.85553			6
2025.06.30	00:51:22.358		0.85554			4
2025.06.30	00:51:49.301	0.85488	0.85549			6
2025.06.30	00:52:01.176	0.85488				2
2025.06.30	00:52:22.211	0.85491				2
2025.06.30	00:52:49.778		0.85549			4
2025.06.30	00:53:01.176	0.85491				2
2025.06.30	00:53:51.763		0.85549			4
2025.06.30	00:54:02.977	0.85491				2
2025.06.30	00:54:56.847		0.85549			4
2025.06.30	00:55:01.847	0.85491				2
2025.06.30	00:55:07.210	0.85490				2
2025.06.30	00:55:09.483	0.85475	0.85557			6
2025.06.30	00:55:12.816	0.85474				2
2025.06.30	00:55:19.851		0.85554			4
2025.06.30	00:55:38.549	0.85473				2
2025.06.30	00:56:00.276	0.85473				2
2025.06.30	00:56:09.507	0.85474				2
2025.06.30	00:56:21.658		0.85554			4
2025.06.30	00:56:22.223	0.85475				2
2025.06.30	00:57:00.880	0.85475				2
2025.06.30	00:57:26.381		0.85554			4
2025.06.30	00:58:01.141	0.85474				2
2025.06.30	00:58:27.657	0.85472	0.85554			6
2025.06.30	00:58:39.478	0.85473				2
2025.06.30	00:58:44.078	0.85472				2
2025.06.30	00:58:57.277	0.85473				2
2025.06.30	00:58:59.678	0.85472				2
2025.06.30	00:59:01.146	0.85473				2
2025.06.30	00:59:04.670	0.85471				2
2025.06.30	00:59:10.814	0.85470				2
2025.06.30	00:59:40.410	0.85459	0.85554			6
2025.06.30	01:00:00.306	0.85461				2
2025.06.30	01:00:00.621	0.85495	0.85553			6
2025.06.30	01:00:01.260	0.85461	0.85534			6
2025.06.30	01:00:01.572	0.85444				2
2025.06.30	01:00:01.882		0.85503			4
2025.06.30	01:00:02.559	0.85431	0.85541			6
2025.06.30	01:00:02.885		0.85539			4
2025.06.30	01:00:03.185	0.85439	0.85542			6
2025.06.30	01:00:03.488		0.85539			4
2025.06.30	01:00:03.793	0.85437	0.85540			6
2025.06.30	01:00:04.398		0.85536			4
2025.06.30	01:00:04.701	0.85442	0.85540			6
2025.06.30	01:00:05.004	0.85452	0.85498			6
2025.06.30	01:00:05.380	0.85454				2
2025.06.30	01:00:06.001		0.85496			4
2025.06.30	01:00:06.385	0.85455				2
2025.06.30	01:00:06.868	0.85454				2
2025.06.30	01:00:07.180	0.85455				2
2025.06.30	01:00:07.610	0.85454				2
2025.06.30	01:00:08.596		0.85498			4
2025.06.30	01:00:09.575	0.85456	0.85502			6
2025.06.30	01:00:12.741		0.85497			4
2025.06.30	01:00:13.212		0.85494			4
2025.06.30	01:00:13.738	0.85460	0.85500			6
2025.06.30	01:00:14.363	0.85461				2
2025.06.30	01:00:15.345	0.85460				2
2025.06.30	01:00:15.662	0.85450	0.85493			6
2025.06.30	01:00:16.010	0.85447	0.85496			6
2025.06.30	01:00:16.313	0.85448				2
2025.06.30	01:00:16.716	0.85446	0.85494			6
2025.06.30	01:00:17.448	0.85447				2
2025.06.30	01:00:19.033	0.85448				2
2025.06.30	01:00:19.719	0.85450	0.85495			6
2025.06.30	01:00:21.098		0.85494			4
2025.06.30	01:00:21.404	0.85449				2
2025.06.30	01:00:21.799	0.85448				2
2025.06.30	01:00:22.606	0.85449				2
2025.06.30	01:00:23.592	0.85454				2
2025.06.30	01:00:24.266	0.85453				2
2025.06.30	01:00:27.577	0.85454				2
2025.06.30	01:00:27.967	0.85455	0.85508			6
2025.06.30	01:00:28.288	0.85454				2
2025.06.30	01:00:29.976	0.85455				2
2025.06.30	01:00:30.981	0.85459				2
2025.06.30	01:00:31.698	0.85458				2
2025.06.30	01:00:32.067	0.85471	0.85501			6
2025.06.30	01:00:33.130	0.85469	0.85499			6
2025.06.30	01:00:33.456	0.85470	0.85500			6
2025.06.30	01:00:34.234	0.85460	0.85505			6
2025.06.30	01:00:34.540	0.85464				2
2025.06.30	01:00:34.999	0.85465				2
2025.06.30	01:00:35.583	0.85466				2
2025.06.30	01:00:36.794	0.85465	0.85499			6
2025.06.30	01:00:37.235	0.85464				2
2025.06.30	01:00:37.616	0.85461				2
2025.06.30	01:00:38.678	0.85462				2
2025.06.30	01:00:39.577	0.85463				2
2025.06.30	01:00:39.991	0.85462				2
2025.06.30	01:00:42.505	0.85461				2
2025.06.30	01:00:43.546	0.85462				2
2025.06.30	01:00:47.368	0.85467	0.85484			6
2025.06.30	01:00:49.578	0.85462				2
2025.06.30	01:00:50.011	0.85467				2
2025.06.30	01:00:54.346	0.85468				2
2025.06.30	01:00:55.564	0.85469				2
2025.06.30	01:00:58.247	0.85470				2
2025.06.30	01:01:00.277	0.85469				2
2025.06.30	01:01:00.636	0.85468				2
2025.06.30	01:01:01.390	0.85469				2
2025.06.30	01:01:01.845	0.85470				2
2025.06.30	01:01:02.507	0.85469				2
2025.06.30	01:01:04.777	0.85470				2
2025.06.30	01:01:06.924	0.85466				2
2025.06.30	01:01:07.441	0.85469				2
2025.06.30	01:01:11.662	0.85471				2
2025.06.30	01:01:12.185	0.85472				2
2025.06.30	01:01:13.612	0.85469				2
2025.06.30	01:01:17.594	0.85468	0.85475			6
2025.06.30	01:01:19.625	0.85467				2
2025.06.30	01:01:20.905	0.85468				2
2025.06.30	01:01:22.819	0.85469				2
2025.06.30	01:01:25.711	0.85468				2
2025.06.30	01:01:28.405	0.85467				2
2025.06.30	01:01:30.033	0.85468				2
2025.06.30	01:01:31.912	0.85467				2
2025.06.30	01:01:32.460	0.85468				2
2025.06.30	01:01:33.501	0.85466				2
2025.06.30	01:01:33.844	0.85464				2
2025.06.30	01:01:35.789	0.85465				2
2025.06.30	01:01:38.403	0.85464				2
2025.06.30	01:01:40.178	0.85465				2
2025.06.30	01:01:43.177	0.85466				2
2025.06.30	01:01:45.238	0.85467				2
2025.06.30	01:01:45.555	0.85466				2
2025.06.30	01:01:46.902	0.85465				2
2025.06.30	01:01:48.561	0.85466				2
2025.06.30	01:01:49.691	0.85467				2
2025.06.30	01:01:50.691	0.85466				2
2025.06.30	01:01:53.574	0.85467				2
2025.06.30	01:01:54.095	0.85466				2
2025.06.30	01:01:54.443	0.85464				2
2025.06.30	01:01:55.296	0.85465				2
2025.06.30	01:02:01.671	0.85465				2
2025.06.30	01:02:04.715	0.85468				2
2025.06.30	01:02:07.780	0.85469	0.85479			6
2025.06.30	01:02:08.241	0.85468				2
2025.06.30	01:02:12.947		0.85481			4
2025.06.30	01:02:16.047	0.85469	0.85487			6
2025.06.30	01:02:16.425	0.85470				2
2025.06.30	01:02:18.351	0.85472	0.85486			6
2025.06.30	01:02:19.072	0.85471				2
2025.06.30	01:02:22.918	0.85473	0.85497			6
2025.06.30	01:02:23.223	0.85472				2
2025.06.30	01:02:23.580	0.85471				2
2025.06.30	01:02:24.823		0.85499			4
2025.06.30	01:02:26.243	0.85468				2
2025.06.30	01:02:26.568	0.85466				2
2025.06.30	01:02:29.199	0.85465				2
2025.06.30	01:02:29.499	0.85464				2
2025.06.30	01:02:30.918	0.85465				2
2025.06.30	01:02:32.892	0.85466				2
2025.06.30	01:02:36.115	0.85467				2
2025.06.30	01:02:36.923		0.85526			4
2025.06.30	01:02:37.427	0.85469				2
2025.06.30	01:02:38.027	0.85468				2
2025.06.30	01:02:40.771	0.85467	0.85523			6
2025.06.30	01:02:43.338	0.85481	0.85506			6
2025.06.30	01:02:43.709	0.85482	0.85508			6
2025.06.30	01:02:44.358	0.85476	0.85510			6
2025.06.30	01:02:44.716	0.85477				2
2025.06.30	01:02:46.330	0.85472	0.85523			6
2025.06.30	01:02:46.836	0.85470				2
2025.06.30	01:02:47.602	0.85473	0.85504			6
2025.06.30	01:02:47.905	0.85471				2
2025.06.30	01:02:48.248		0.85506			4
2025.06.30	01:02:49.779	0.85472				2
2025.06.30	01:02:52.556	0.85470				2
2025.06.30	01:02:54.802	0.85469				2
2025.06.30	01:02:56.678	0.85470				2
2025.06.30	01:02:57.715	0.85469				2
2025.06.30	01:03:00.328	0.85469				2
2025.06.30	01:03:01.450	0.85480	0.85503			6
2025.06.30	01:03:01.755	0.85479				2
2025.06.30	01:03:03.073	0.85474	0.85506			6
2025.06.30	01:03:03.448	0.85482				2
2025.06.30	01:03:03.760	0.85484				2
2025.06.30	01:03:04.997	0.85483				2
2025.06.30	01:03:07.642	0.85485				2
2025.06.30	01:03:08.523	0.85486				2
2025.06.30	01:03:12.967	0.85484				2
2025.06.30	01:03:13.279	0.85485				2
2025.06.30	01:03:14.918	0.85475				2
2025.06.30	01:03:19.711	0.85476				2
2025.06.30	01:03:20.386	0.85475				2
2025.06.30	01:03:21.726	0.85477	0.85509			6
2025.06.30	01:03:22.051	0.85475				2
2025.06.30	01:03:25.642		0.85502			4
2025.06.30	01:03:26.361	0.85485				2
2025.06.30	01:03:27.065		0.85503			4
2025.06.30	01:03:28.177	0.85484	0.85501			6
2025.06.30	01:03:28.489	0.85485				2
2025.06.30	01:03:28.862		0.85502			4
2025.06.30	01:03:29.259	0.85484				2
2025.06.30	01:03:32.255	0.85483				2
2025.06.30	01:03:32.629	0.85475				2
2025.06.30	01:03:32.953	0.85468	0.85492			6
2025.06.30	01:03:33.259	0.85474	0.85502			6
2025.06.30	01:03:34.177	0.85476	0.85500			6
2025.06.30	01:03:35.750		0.85501			4
2025.06.30	01:03:37.997		0.85502			4
2025.06.30	01:03:43.974	0.85478				2
2025.06.30	01:03:45.278	0.85480				2
2025.06.30	01:03:52.680	0.85479	0.85499			6
2025.06.30	01:03:55.185		0.85493			4
2025.06.30	01:03:55.512	0.85481				2
2025.06.30	01:03:58.131		0.85522			4
2025.06.30	01:03:58.477	0.85482	0.85521			6
2025.06.30	01:04:00.171	0.85482				2
2025.06.30	01:04:01.101	0.85481	0.85518			6
2025.06.30	01:04:01.434		0.85520			4
2025.06.30	01:04:01.739	0.85480	0.85519			6
2025.06.30	01:04:02.040	0.85483	0.85516			6
2025.06.30	01:04:03.230	0.85482	0.85518			6
2025.06.30	01:04:03.534		0.85517			4
2025.06.30	01:04:05.565	0.85484	0.85515			6
2025.06.30	01:04:06.065	0.85485	0.85516			6
2025.06.30	01:04:06.579		0.85514			4
2025.06.30	01:04:08.023	0.85483	0.85516			6
2025.06.30	01:04:08.598	0.85485	0.85514			6
2025.06.30	01:04:09.877	0.85486	0.85513			6
2025.06.30	01:04:10.356		0.85512			4
2025.06.30	01:04:18.234	0.85485				2
2025.06.30	01:04:18.546	0.85486				2
2025.06.30	01:04:24.760		0.85510			4
2025.06.30	01:04:25.080		0.85512			4
2025.06.30	01:04:29.808		0.85509			4
2025.06.30	01:04:33.578	0.85485	0.85511			6
2025.06.30	01:04:35.076		0.85510			4
2025.06.30	01:04:43.694	0.85484				2
2025.06.30	01:04:47.154		0.85512			4
2025.06.30	01:04:47.459	0.85483	0.85504			6
2025.06.30	01:04:47.908	0.85490				2
2025.06.30	01:04:49.178	0.85489				2
2025.06.30	01:04:50.906	0.85484				2
2025.06.30	01:04:51.213	0.85485				2
2025.06.30	01:04:51.837	0.85486				2
2025.06.30	01:04:52.937	0.85485				2
2025.06.30	01:04:53.832	0.85483				2
2025.06.30	01:04:54.520	0.85489				2
2025.06.30	01:04:55.177	0.85488				2
2025.06.30	01:04:55.944	0.85487				2
2025.06.30	01:04:58.524	0.85486				2
2025.06.30	01:04:59.078	0.85485				2
2025.06.30	01:05:00.100	0.85485				2
2025.06.30	01:05:00.402	0.85480				2
2025.06.30	01:05:00.762	0.85481				2
2025.06.30	01:05:05.721	0.85482				2
2025.06.30	01:05:06.412		0.85501			4
2025.06.30	01:05:06.809		0.85502			4
2025.06.30	01:05:07.465	0.85483	0.85501			6
2025.06.30	01:05:10.179		0.85500			4
2025.06.30	01:05:12.201		0.85497			4
2025.06.30	01:05:14.722		0.85499			4
2025.06.30	01:05:17.776		0.85498			4
2025.06.30	01:05:22.907	0.85482				2
2025.06.30	01:05:27.796		0.85497			4
2025.06.30	01:05:28.358	0.85483				2
2025.06.30	01:05:29.081	0.85482				2
2025.06.30	01:05:29.587	0.85483				2
2025.06.30	01:05:30.323		0.85498			4
2025.06.30	01:05:49.017	0.85482	0.85497			6
2025.06.30	01:05:49.320		0.85502			4
2025.06.30	01:05:49.777	0.85483	0.85505			6
2025.06.30	01:05:50.092		0.85502			4
2025.06.30	01:06:00.875	0.85483				2
2025.06.30	01:06:01.701	0.85486	0.85506			6
2025.06.30	01:06:02.008	0.85487				2
2025.06.30	01:06:12.357		0.85505			4
2025.06.30	01:06:13.415	0.85492	0.85516			6
2025.06.30	01:06:13.720		0.85511			4
2025.06.30	01:06:24.130	0.85490				2
2025.06.30	01:06:41.547	0.85489				2
2025.06.30	01:06:42.528	0.85490				2
2025.06.30	01:06:44.685	0.85489				2
2025.06.30	01:06:49.130		0.85514			4
2025.06.30	01:06:49.433		0.85511			4
2025.06.30	01:06:49.740		0.85514			4
2025.06.30	01:06:50.341		0.85519			4
2025.06.30	01:06:51.342		0.85524			4
2025.06.30	01:06:52.480		0.85511			4
2025.06.30	01:06:52.796		0.85519			4
2025.06.30	01:06:53.731		0.85524			4
2025.06.30	01:06:56.119	0.85490				2
2025.06.30	01:06:57.379	0.85489				2
2025.06.30	01:07:00.412	0.85489				2
2025.06.30	01:07:00.887	0.85488				2
2025.06.30	01:07:01.969	0.85489	0.85490			6
2025.06.30	01:07:16.828	0.85492	0.85493			6
2025.06.30	01:07:31.778	0.85493	0.85494			6
2025.06.30	01:07:33.020	0.85492	0.85493			6
2025.06.30	01:08:01.478	0.85492				2
2025.06.30	01:08:06.456	0.85489	0.85490			6
2025.06.30	01:08:18.193	0.85493	0.85494			6
2025.06.30	01:08:18.867	0.85494	0.85495			6
2025.06.30	01:08:24.638	0.85497	0.85498			6
2025.06.30	01:08:25.666	0.85499	0.85500			6
2025.06.30	01:08:26.660	0.85497	0.85498			6
2025.06.30	01:08:27.670	0.85495	0.85496			6
2025.06.30	01:08:38.916	0.85494				2
2025.06.30	01:08:48.068	0.85495				2
2025.06.30	01:08:50.560	0.85496	0.85497			6
2025.06.30	01:08:52.170	0.85492	0.85493			6
2025.06.30	01:08:52.757	0.85497	0.85501			6
2025.06.30	01:08:54.272	0.85498	0.85499			6
2025.06.30	01:09:00.422	0.85486	0.85488			6
2025.06.30	01:09:00.761	0.85487				2
2025.06.30	01:09:01.094	0.85486				2
2025.06.30	01:09:02.171	0.85485				2
2025.06.30	01:09:02.715	0.85486	0.85490			6
2025.06.30	01:09:03.391	0.85484	0.85486			6
2025.06.30	01:09:03.839		0.85489			4
2025.06.30	01:09:17.242	0.85485				2
2025.06.30	01:09:18.747	0.85484				2
2025.06.30	01:09:23.977	0.85485				2
2025.06.30	01:09:27.380	0.85484				2
2025.06.30	01:09:28.770	0.85485				2
2025.06.30	01:09:30.385	0.85484				2
2025.06.30	01:09:32.306	0.85485				2
2025.06.30	01:09:33.877	0.85484				2
2025.06.30	01:09:35.388	0.85485				2
2025.06.30	01:09:36.299	0.85480	0.85483			6
2025.06.30	01:09:36.604	0.85481				2
2025.06.30	01:09:38.712	0.85483	0.85484			6
2025.06.30	01:09:39.070	0.85485	0.85486			6
2025.06.30	01:09:39.557	0.85479	0.85482			6
2025.06.30	01:09:39.912	0.85478				2
2025.06.30	01:09:42.307	0.85475	0.85480			6
2025.06.30	01:09:47.757	0.85479	0.85482			6
2025.06.30	01:09:49.970	0.85480				2
2025.06.30	01:09:52.526	0.85482	0.85484			6
2025.06.30	01:09:57.464		0.85486			4
2025.06.30	01:09:58.776	0.85483				2
2025.06.30	01:10:00.268	0.85485	0.85489			6
2025.06.30	01:10:00.651	0.85484				2
2025.06.30	01:10:01.458		0.85487			4
2025.06.30	01:10:02.178	0.85482				2
2025.06.30	01:10:06.840		0.85486			4
2025.06.30	01:10:07.853		0.85485			4
2025.06.30	01:10:22.216	0.85479	0.85483			6
2025.06.30	01:10:22.519	0.85480				2
2025.06.30	01:10:23.978	0.85481				2
2025.06.30	01:10:24.295		0.85485			4
2025.06.30	01:10:33.337	0.85482				2
2025.06.30	01:10:35.954	0.85480	0.85483			6
2025.06.30	01:10:36.259	0.85482	0.85485			6
2025.06.30	01:10:37.400	0.85486	0.85487			6
2025.06.30	01:10:37.724	0.85482	0.85485			6
2025.06.30	01:10:38.979	0.85484				2
2025.06.30	01:10:40.778	0.85483				2
2025.06.30	01:10:42.504	0.85484				2
2025.06.30	01:10:47.669	0.85483	0.85484			6
2025.06.30	01:10:50.818	0.85482				2
2025.06.30	01:10:54.680	0.85481				2
2025.06.30	01:11:00.351	0.85481				2
2025.06.30	01:11:21.347	0.85482	0.85483			6
2025.06.30	01:11:21.704	0.85483	0.85484			6
2025.06.30	01:11:24.875	0.85482	0.85483			6
2025.06.30	01:11:31.775	0.85484	0.85485			6
2025.06.30	01:11:32.490	0.85481	0.85483			6
2025.06.30	01:11:34.666	0.85479				2
2025.06.30	01:11:35.056	0.85480				2
2025.06.30	01:11:35.424	0.85479				2
2025.06.30	01:11:36.361	0.85478				2
2025.06.30	01:11:36.679	0.85479				2
2025.06.30	01:11:37.619	0.85478				2
2025.06.30	01:11:37.921	0.85479				2
2025.06.30	01:11:38.541	0.85478				2
2025.06.30	01:11:40.968	0.85479				2
2025.06.30	01:11:41.978	0.85478				2
2025.06.30	01:11:44.352	0.85479				2
2025.06.30	01:11:46.020	0.85481				2
2025.06.30	01:11:47.679	0.85478				2
2025.06.30	01:11:48.206		0.85485			4
2025.06.30	01:11:48.578	0.85481				2
2025.06.30	01:11:50.044	0.85480				2
2025.06.30	01:11:52.043	0.85479				2
2025.06.30	01:11:52.364	0.85480				2
2025.06.30	01:11:52.679	0.85479				2
2025.06.30	01:12:00.403	0.85479	0.85484			6
2025.06.30	01:12:01.091	0.85480				2
2025.06.30	01:12:01.727		0.85482			4
2025.06.30	01:12:02.364	0.85477	0.85485			6
2025.06.30	01:12:02.682	0.85483				2
2025.06.30	01:12:05.379		0.85484			4
2025.06.30	01:12:08.067	0.85484	0.85485			6
2025.06.30	01:12:08.400	0.85483				2
2025.06.30	01:12:13.446	0.85480	0.85484			6
2025.06.30	01:12:14.377	0.85481				2
2025.06.30	01:12:14.678	0.85479				2
2025.06.30	01:12:19.825	0.85477				2
2025.06.30	01:12:21.327	0.85480				2
2025.06.30	01:12:22.105	0.85477				2
2025.06.30	01:12:22.971	0.85476				2
2025.06.30	01:12:41.379	0.85477				2
2025.06.30	01:12:47.214	0.85476				2
2025.06.30	01:13:00.277	0.85476				2
2025.06.30	01:13:02.705	0.85475	0.85482			6
2025.06.30	01:13:04.647	0.85474				2
2025.06.30	01:13:05.908	0.85475				2
2025.06.30	01:13:06.276	0.85474				2
2025.06.30	01:13:10.404	0.85476	0.85484			6
2025.06.30	01:13:21.124	0.85477				2
2025.06.30	01:13:21.577	0.85476				2
2025.06.30	01:13:22.848		0.85482			4
2025.06.30	01:13:30.338	0.85477				2
2025.06.30	01:13:30.642	0.85478				2
2025.06.30	01:13:32.680	0.85477				2
2025.06.30	01:13:35.578	0.85479				2
2025.06.30	01:13:37.565		0.85484			4
2025.06.30	01:13:40.244	0.85481				2
2025.06.30	01:13:40.732	0.85482				2
2025.06.30	01:13:41.071	0.85481				2
2025.06.30	01:13:41.604	0.85483				2
2025.06.30	01:13:43.119	0.85482	0.85487			6
2025.06.30	01:13:43.480	0.85480				2
2025.06.30	01:13:53.604	0.85481				2
2025.06.30	01:14:00.403	0.85481				2
2025.06.30	01:14:01.462	0.85477	0.85483			6
2025.06.30	01:14:01.781	0.85475	0.85481			6
2025.06.30	01:14:03.460	0.85476	0.85483			6
2025.06.30	01:14:03.762	0.85477	0.85482			6
2025.06.30	01:14:09.373	0.85476				2
2025.06.30	01:14:24.224	0.85477				2
2025.06.30	01:14:24.830	0.85476	0.85486			6
2025.06.30	01:14:40.060		0.85485			4
2025.06.30	01:14:40.378		0.85486			4
2025.06.30	01:14:44.365	0.85478				2
2025.06.30	01:14:45.279	0.85475				2
2025.06.30	01:14:46.478	0.85478				2
2025.06.30	01:14:47.075		0.85485			4
2025.06.30	01:14:53.376	0.85475				2
2025.06.30	01:14:53.680	0.85478				2
2025.06.30	01:14:54.583	0.85475				2
2025.06.30	01:14:56.677	0.85478				2
2025.06.30	01:15:00.377	0.85477	0.85483			6
2025.06.30	01:15:00.735		0.85485			4
2025.06.30	01:15:01.400	0.85479	0.85486			6
2025.06.30	01:15:02.394	0.85476	0.85482			6
2025.06.30	01:15:02.709	0.85477	0.85483			6
2025.06.30	01:15:03.018		0.85482			4
2025.06.30	01:15:03.321		0.85485			4
2025.06.30	01:15:03.657	0.85479				2
2025.06.30	01:15:03.967	0.85477				2
2025.06.30	01:15:04.291	0.85478				2
2025.06.30	01:15:04.905		0.85486			4
2025.06.30	01:15:05.227		0.85485			4
2025.06.30	01:15:08.690		0.85484			4
2025.06.30	01:15:09.210		0.85485			4
2025.06.30	01:15:09.574		0.85484			4
2025.06.30	01:15:09.886		0.85485			4
2025.06.30	01:15:13.128		0.85484			4
2025.06.30	01:15:13.478		0.85485			4
2025.06.30	01:15:13.819		0.85484			4
2025.06.30	01:15:14.162		0.85485			4
2025.06.30	01:15:15.635		0.85486			4
2025.06.30	01:15:16.657		0.85485			4
2025.06.30	01:15:19.616		0.85486			4
2025.06.30	01:15:20.585		0.85485			4
2025.06.30	01:15:21.276		0.85486			4
2025.06.30	01:15:22.253		0.85485			4
2025.06.30	01:15:22.578	0.85477				2
2025.06.30	01:15:22.881	0.85478				2
2025.06.30	01:15:23.206		0.85486			4
2025.06.30	01:15:24.163		0.85485			4
2025.06.30	01:15:31.638	0.85479				2
2025.06.30	01:15:31.962	0.85478				2
2025.06.30	01:15:44.684	0.85477				2
2025.06.30	01:15:46.728	0.85478				2
2025.06.30	01:15:47.364	0.85477				2
2025.06.30	01:15:48.028	0.85478				2
2025.06.30	01:15:48.351	0.85477				2
2025.06.30	01:15:50.549	0.85478				2
2025.06.30	01:15:50.852	0.85477				2
2025.06.30	01:15:51.562	0.85478				2
2025.06.30	01:16:00.278	0.85478				2
2025.06.30	01:16:11.834		0.85484			4
2025.06.30	01:16:12.164		0.85485			4
2025.06.30	01:16:15.894	0.85477	0.85484			6
2025.06.30	01:16:16.215	0.85479	0.85485			6
2025.06.30	01:16:16.519	0.85480				2
2025.06.30	01:16:17.459		0.85486			4
2025.06.30	01:16:21.139		0.85485			4
2025.06.30	01:16:21.453		0.85486			4
2025.06.30	01:16:21.778		0.85485			4
2025.06.30	01:16:22.124		0.85486			4
2025.06.30	01:16:22.745		0.85485			4
2025.06.30	01:16:23.168		0.85486			4
2025.06.30	01:16:23.510		0.85485			4
2025.06.30	01:16:30.124	0.85481	0.85486			6
2025.06.30	01:16:43.435		0.85485			4
2025.06.30	01:16:43.748		0.85486			4
2025.06.30	01:16:44.773	0.85480	0.85485			6
2025.06.30	01:16:46.570		0.85486			4
2025.06.30	01:16:47.193		0.85485			4
2025.06.30	01:16:47.882		0.85486			4
2025.06.30	01:16:49.292		0.85485			4
2025.06.30	01:17:00.288	0.85480				2
2025.06.30	01:17:01.634		0.85486			4
2025.06.30	01:17:01.991		0.85485			4
2025.06.30	01:17:02.650		0.85486			4
2025.06.30	01:17:02.978		0.85485			4
2025.06.30	01:17:03.280	0.85481				2
2025.06.30	01:17:03.582	0.85480				2
2025.06.30	01:17:04.916		0.85486			4
2025.06.30	01:17:06.233		0.85485			4
2025.06.30	01:17:07.602		0.85486			4
2025.06.30	01:17:08.567		0.85485			4
2025.06.30	01:17:09.805	0.85485	0.85487			6
2025.06.30	01:17:10.145	0.85481	0.85485			6
2025.06.30	01:17:19.544		0.85486			4
2025.06.30	01:17:20.501		0.85485			4
2025.06.30	01:17:21.569		0.85486			4
2025.06.30	01:17:22.635		0.85485			4
2025.06.30	01:17:24.670		0.85486			4
2025.06.30	01:17:24.978		0.85485			4
2025.06.30	01:17:28.576	0.85484	0.85488			6
2025.06.30	01:17:29.189	0.85483				2
2025.06.30	01:17:34.382	0.85484				2
2025.06.30	01:17:43.354	0.85483				2
2025.06.30	01:17:47.634		0.85486			4
2025.06.30	01:17:48.882		0.85488			4
2025.06.30	01:17:50.211	0.85484				2
2025.06.30	01:17:52.245	0.85483				2
2025.06.30	01:17:52.550	0.85484	0.85485			6
2025.06.30	01:17:52.863	0.85481				2
2025.06.30	01:17:54.178		0.85486			4
2025.06.30	01:17:54.480		0.85485			4
2025.06.30	01:17:54.782		0.85486			4
2025.06.30	01:17:55.479		0.85485			4
2025.06.30	01:17:55.818		0.85486			4
2025.06.30	01:17:56.426		0.85485			4
2025.06.30	01:17:56.805		0.85486			4
2025.06.30	01:17:57.108		0.85485			4
2025.06.30	01:17:58.058		0.85486			4
2025.06.30	01:17:58.726		0.85485			4
2025.06.30	01:17:59.031		0.85486			4
2025.06.30	01:17:59.378		0.85485			4
2025.06.30	01:17:59.718		0.85486			4
2025.06.30	01:18:00.027	0.85481				2
2025.06.30	01:18:00.340		0.85485			4
2025.06.30	01:18:00.697		0.85486			4
2025.06.30	01:18:01.000		0.85485			4
2025.06.30	01:18:02.620		0.85486			4
2025.06.30	01:18:04.159		0.85485			4
2025.06.30	01:18:04.776		0.85486			4
2025.06.30	01:18:05.803	0.85480	0.85485			6
2025.06.30	01:18:06.123	0.85481				2
2025.06.30	01:18:06.749		0.85486			4
2025.06.30	01:18:08.790		0.85485			4
2025.06.30	01:18:09.122	0.85480				2
2025.06.30	01:18:10.164	0.85481				2
2025.06.30	01:18:11.460	0.85480	0.85486			6
2025.06.30	01:18:12.138		0.85485			4
2025.06.30	01:18:13.164		0.85486			4
2025.06.30	01:18:14.140	0.85481				2
2025.06.30	01:18:14.453	0.85476	0.85483			6
2025.06.30	01:18:14.762	0.85477				2
2025.06.30	01:18:20.715	0.85478				2
2025.06.30	01:18:21.035		0.85484			4
2025.06.30	01:18:21.363		0.85483			4
2025.06.30	01:18:23.795	0.85477				2
2025.06.30	01:18:27.363	0.85476				2
2025.06.30	01:18:28.637	0.85477				2
2025.06.30	01:18:35.542	0.85476				2
2025.06.30	01:18:36.539	0.85477				2
2025.06.30	01:18:36.943	0.85476				2
2025.06.30	01:18:37.261	0.85477				2
2025.06.30	01:18:38.256	0.85476				2
2025.06.30	01:18:38.603	0.85477				2
2025.06.30	01:18:39.220	0.85476				2
2025.06.30	01:18:39.567	0.85477				2
2025.06.30	01:18:40.205	0.85476				2
2025.06.30	01:18:40.877	0.85477				2
2025.06.30	01:18:41.534	0.85476				2
2025.06.30	01:18:41.846	0.85477				2
2025.06.30	01:18:43.574		0.85481			4
2025.06.30	01:18:44.210		0.85483			4
2025.06.30	01:18:44.512	0.85476				2
2025.06.30	01:18:45.156		0.85480			4
2025.06.30	01:18:45.459		0.85481			4
2025.06.30	01:18:46.364	0.85477	0.85483			6
2025.06.30	01:18:47.023	0.85476	0.85481			6
2025.06.30	01:18:48.319		0.85483			4
2025.06.30	01:18:48.628	0.85477				2
2025.06.30	01:18:48.944	0.85475	0.85480			6
2025.06.30	01:18:51.153	0.85474				2
2025.06.30	01:18:51.494		0.85479			4
2025.06.30	01:18:53.213	0.85473				2
2025.06.30	01:18:56.200		0.85480			4
2025.06.30	01:18:58.479		0.85479			4
2025.06.30	01:18:59.552		0.85480			4
2025.06.30	01:19:00.233	0.85473	0.85479			6
2025.06.30	01:19:01.240		0.85480			4
2025.06.30	01:19:03.893		0.85479			4
2025.06.30	01:19:06.099		0.85480			4
2025.06.30	01:19:06.881		0.85479			4
2025.06.30	01:19:10.383		0.85477			4
2025.06.30	01:19:10.761		0.85479			4
2025.06.30	01:19:11.737		0.85480			4
2025.06.30	01:19:13.623		0.85479			4
2025.06.30	01:19:16.617		0.85480			4
2025.06.30	01:19:16.919		0.85479			4
2025.06.30	01:19:22.810	0.85477	0.85483			6
2025.06.30	01:19:23.122	0.85478				2
2025.06.30	01:19:23.495	0.85479				2
2025.06.30	01:19:24.203	0.85478	0.85482			6
2025.06.30	01:19:24.519		0.85483			4
2025.06.30	01:19:26.519	0.85479				2
2025.06.30	01:19:27.449	0.85478				2
2025.06.30	01:19:28.116	0.85479				2
2025.06.30	01:19:29.481	0.85477				2
2025.06.30	01:19:29.812	0.85478				2
2025.06.30	01:19:31.128		0.85484			4
2025.06.30	01:19:34.414	0.85479				2
2025.06.30	01:19:34.719	0.85478				2
2025.06.30	01:19:36.967		0.85483			4
2025.06.30	01:19:37.289	0.85479				2
2025.06.30	01:19:37.600	0.85478				2
2025.06.30	01:19:38.316	0.85479				2
2025.06.30	01:19:38.620	0.85478				2
2025.06.30	01:19:39.281	0.85479				2
2025.06.30	01:19:41.204	0.85478				2
2025.06.30	01:19:41.596	0.85479				2
2025.06.30	01:19:43.434	0.85478				2
2025.06.30	01:19:43.775	0.85480				2
2025.06.30	01:19:44.102	0.85481				2
2025.06.30	01:19:44.510	0.85482	0.85485			6
2025.06.30	01:19:45.523		0.85487			4
2025.06.30	01:19:46.186		0.85486			4
2025.06.30	01:19:57.594	0.85481				2
2025.06.30	01:19:57.901	0.85482				2
2025.06.30	01:20:00.199	0.85482				2
2025.06.30	01:20:03.713		0.85485			4
2025.06.30	01:20:05.703		0.85486			4
2025.06.30	01:20:08.424		0.85487			4
2025.06.30	01:20:09.469		0.85486			4
2025.06.30	01:20:19.083		0.85487			4
2025.06.30	01:20:23.632		0.85488			4
2025.06.30	01:20:24.677	0.85483				2
2025.06.30	01:20:25.457	0.85482				2
2025.06.30	01:20:27.898	0.85483				2
2025.06.30	01:20:29.013	0.85482				2
2025.06.30	01:20:33.657	0.85483				2
2025.06.30	01:20:34.480	0.85482				2
2025.06.30	01:20:35.826	0.85483				2
2025.06.30	01:20:36.199	0.85482				2
2025.06.30	01:20:44.465	0.85483				2
2025.06.30	01:20:50.638	0.85482				2
2025.06.30	01:20:51.645	0.85483				2
2025.06.30	01:20:52.337	0.85485	0.85490			6
2025.06.30	01:20:52.661	0.85484				2
2025.06.30	01:20:59.922	0.85479	0.85485			6
2025.06.30	01:21:00.228	0.85479				2
2025.06.30	01:21:00.577	0.85478				2
2025.06.30	01:21:01.207	0.85479				2
2025.06.30	01:21:01.521	0.85480				2
2025.06.30	01:21:04.947	0.85479				2
2025.06.30	01:21:05.300	0.85480				2
2025.06.30	01:21:05.974	0.85479				2
2025.06.30	01:21:06.902	0.85478	0.85484			6
2025.06.30	01:21:07.206	0.85476	0.85482			6
2025.06.30	01:21:08.362	0.85475	0.85480			6
2025.06.30	01:21:11.507	0.85479	0.85483			6
2025.06.30	01:21:12.176		0.85485			4
2025.06.30	01:21:12.809	0.85480				2
2025.06.30	01:21:14.312		0.85486			4
2025.06.30	01:21:14.663		0.85485			4
2025.06.30	01:21:14.968		0.85486			4
2025.06.30	01:21:15.277		0.85485			4
2025.06.30	01:21:17.358		0.85486			4
2025.06.30	01:21:17.662		0.85485			4
2025.06.30	01:21:18.902		0.85486			4
2025.06.30	01:21:19.949		0.85485			4
2025.06.30	01:21:22.578		0.85486			4
2025.06.30	01:21:23.624		0.85485			4
2025.06.30	01:21:24.279		0.85486			4
2025.06.30	01:21:25.333		0.85485			4
2025.06.30	01:21:26.346		0.85486			4
2025.06.30	01:21:26.652		0.85485			4
2025.06.30	01:21:31.134		0.85486			4
2025.06.30	01:21:31.451		0.85485			4
2025.06.30	01:21:32.123		0.85486			4
2025.06.30	01:21:32.437		0.85485			4
2025.06.30	01:21:32.807		0.85486			4
2025.06.30	01:21:33.880		0.85485			4
2025.06.30	01:21:46.505		0.85486			4
2025.06.30	01:21:47.176		0.85485			4
2025.06.30	01:21:48.804		0.85486			4
2025.06.30	01:21:49.119		0.85485			4
2025.06.30	01:21:49.466		0.85486			4
2025.06.30	01:21:49.779		0.85485			4
2025.06.30	01:21:52.757		0.85486			4
2025.06.30	01:21:53.155		0.85485			4
2025.06.30	01:22:00.388	0.85480				2
2025.06.30	01:22:01.172		0.85486			4
2025.06.30	01:22:01.498		0.85485			4
2025.06.30	01:22:18.445		0.85486			4
2025.06.30	01:22:18.751		0.85485			4
2025.06.30	01:22:22.904	0.85482				2
2025.06.30	01:22:24.607		0.85486			4
2025.06.30	01:22:24.923	0.85483				2
2025.06.30	01:22:25.627	0.85482	0.85485			6
2025.06.30	01:22:26.299	0.85483	0.85486			6
2025.06.30	01:22:26.600		0.85485			4
2025.06.30	01:22:26.970	0.85482				2
2025.06.30	01:22:27.693	0.85483				2
2025.06.30	01:22:29.610		0.85486			4
2025.06.30	01:22:29.919		0.85485			4
2025.06.30	01:22:30.279	0.85482				2
2025.06.30	01:22:30.905		0.85486			4
2025.06.30	01:22:32.042		0.85485			4
2025.06.30	01:22:33.056	0.85483				2
2025.06.30	01:22:33.777		0.85486			4
2025.06.30	01:22:34.122		0.85485			4
2025.06.30	01:22:34.757		0.85486			4
2025.06.30	01:22:35.779		0.85485			4
2025.06.30	01:22:39.274		0.85486			4
2025.06.30	01:22:39.945		0.85485			4
2025.06.30	01:22:42.980		0.85486			4
2025.06.30	01:22:43.308		0.85485			4
2025.06.30	01:22:44.937		0.85486			4
2025.06.30	01:22:45.239		0.85485			4
2025.06.30	01:22:46.441		0.85486			4
2025.06.30	01:22:47.144		0.85485			4
2025.06.30	01:22:48.130		0.85486			4
2025.06.30	01:22:48.497		0.85485			4
2025.06.30	01:22:49.506		0.85486			4
2025.06.30	01:22:49.824		0.85485			4
2025.06.30	01:22:50.129		0.85486			4
2025.06.30	01:22:50.769		0.85485			4
2025.06.30	01:22:51.845		0.85486			4
2025.06.30	01:22:52.479		0.85485			4
2025.06.30	01:22:55.696	0.85480				2
2025.06.30	01:22:58.506	0.85479	0.85484			6
2025.06.30	01:22:58.810	0.85482	0.85485			6
2025.06.30	01:23:00.276	0.85482				2
2025.06.30	01:23:00.889		0.85484			4
2025.06.30	01:23:04.449		0.85483			4
2025.06.30	01:23:07.273	0.85483	0.85484			6
2025.06.30	01:23:07.664	0.85482	0.85483			6
2025.06.30	01:23:15.981	0.85479	0.85482			6
2025.06.30	01:23:16.299	0.85478				2
2025.06.30	01:23:23.721	0.85477				2
2025.06.30	01:23:24.039	0.85478				2
2025.06.30	01:23:26.637	0.85477				2
2025.06.30	01:23:26.939	0.85478				2
2025.06.30	01:23:29.658	0.85477				2
2025.06.30	01:23:29.959	0.85478				2
2025.06.30	01:23:30.970	0.85476				2
2025.06.30	01:23:31.281	0.85478				2
2025.06.30	01:23:35.776	0.85477				2
2025.06.30	01:23:36.393	0.85478				2
2025.06.30	01:23:37.130	0.85477				2
2025.06.30	01:23:37.440	0.85478				2
2025.06.30	01:23:38.836	0.85476	0.85478			6
2025.06.30	01:23:39.190	0.85478	0.85480			6
2025.06.30	01:23:55.883		0.85481			4
2025.06.30	01:23:56.538	0.85479	0.85480			6
2025.06.30	01:23:58.637		0.85481			4
2025.06.30	01:24:00.092	0.85479				2
2025.06.30	01:24:01.878	0.85477	0.85480			6
2025.06.30	01:24:03.914	0.85476	0.85479			6
2025.06.30	01:24:04.223		0.85477			4
2025.06.30	01:24:04.594	0.85475	0.85478			6
2025.06.30	01:24:04.912	0.85476				2
2025.06.30	01:24:05.220		0.85477			4
2025.06.30	01:24:06.009	0.85475				2
2025.06.30	01:24:11.732		0.85478			4
2025.06.30	01:24:39.199		0.85479			4
2025.06.30	01:24:39.504		0.85478			4
2025.06.30	01:24:41.814	0.85476	0.85481			6
2025.06.30	01:24:43.113		0.85479			4
2025.06.30	01:24:43.419		0.85481			4
2025.06.30	01:24:45.824	0.85475	0.85478			6
2025.06.30	01:24:54.260	0.85474				2
2025.06.30	01:24:58.320	0.85475				2
2025.06.30	01:24:59.031	0.85474				2
2025.06.30	01:25:00.010	0.85474				2
2025.06.30	01:25:04.045	0.85475	0.85479			6
2025.06.30	01:25:04.359	0.85476				2
2025.06.30	01:25:05.392		0.85481			4
2025.06.30	01:25:14.989	0.85477	0.85479			6
2025.06.30	01:25:15.927	0.85476	0.85478			6
2025.06.30	01:25:16.237	0.85477				2
2025.06.30	01:25:18.633	0.85474				2
2025.06.30	01:25:18.941		0.85479			4
2025.06.30	01:25:19.253		0.85478			4
2025.06.30	01:25:26.097	0.85475				2
2025.06.30	01:25:26.501	0.85474				2
2025.06.30	01:25:28.732	0.85473				2
2025.06.30	01:25:30.356	0.85474				2
2025.06.30	01:25:31.376	0.85473				2
2025.06.30	01:25:31.732	0.85474				2
2025.06.30	01:25:32.798	0.85473				2
2025.06.30	01:25:33.105	0.85474				2
2025.06.30	01:25:34.096	0.85473				2
2025.06.30	01:25:34.477	0.85474				2
2025.06.30	01:25:35.099	0.85475				2
2025.06.30	01:25:36.184	0.85476				2
2025.06.30	01:25:38.547	0.85469	0.85473			6
2025.06.30	01:25:38.853	0.85468				2
2025.06.30	01:25:39.199	0.85469				2
2025.06.30	01:25:39.809		0.85474			4
2025.06.30	01:25:40.142	0.85470				2
2025.06.30	01:25:40.443	0.85469				2
2025.06.30	01:25:40.761		0.85473			4
2025.06.30	01:25:53.401		0.85472			4
2025.06.30	01:26:00.041	0.85469				2
2025.06.30	01:26:01.429	0.85468				2
2025.06.30	01:26:06.370	0.85467	0.85471			6
2025.06.30	01:26:06.676	0.85466				2
2025.06.30	01:26:10.850	0.85465	0.85470			6
2025.06.30	01:26:11.184		0.85468			4
2025.06.30	01:26:13.534	0.85464				2
2025.06.30	01:26:14.410	0.85466	0.85469			6
2025.06.30	01:26:20.015	0.85467				2
2025.06.30	01:26:22.478	0.85466				2
2025.06.30	01:26:24.343	0.85467				2
2025.06.30	01:26:25.091	0.85466	0.85468			6
2025.06.30	01:26:25.464		0.85469			4
2025.06.30	01:26:27.884	0.85467				2
2025.06.30	01:26:29.779	0.85466				2
2025.06.30	01:26:31.355	0.85467				2
2025.06.30	01:26:34.901	0.85466				2
2025.06.30	01:26:37.458	0.85467				2
2025.06.30	01:26:38.346		0.85470			4
2025.06.30	01:26:39.467	0.85466				2
2025.06.30	01:26:42.369	0.85467				2
2025.06.30	01:26:44.038	0.85466	0.85469			6
2025.06.30	01:26:44.693	0.85465				2
2025.06.30	01:26:57.861	0.85466				2
2025.06.30	01:26:58.202	0.85467				2
2025.06.30	01:27:00.037	0.85466	0.85468			6
2025.06.30	01:27:01.403	0.85465				2
2025.06.30	01:27:02.374	0.85466				2
2025.06.30	01:27:05.141		0.85469			4
2025.06.30	01:27:11.609	0.85463				2
2025.06.30	01:27:11.927	0.85464				2
2025.06.30	01:27:13.604	0.85463				2
2025.06.30	01:27:14.046	0.85464				2
2025.06.30	01:27:14.895	0.85463				2
2025.06.30	01:27:15.763	0.85464				2
2025.06.30	01:27:16.087	0.85463				2
2025.06.30	01:27:20.941	0.85466	0.85470			6
2025.06.30	01:27:21.979	0.85465				2
2025.06.30	01:27:22.348		0.85469			4
2025.06.30	01:27:25.044	0.85466	0.85470			6
2025.06.30	01:27:25.664		0.85469			4
2025.06.30	01:27:27.571		0.85470			4
2025.06.30	01:27:31.506	0.85468	0.85469			6
2025.06.30	01:27:35.791		0.85471			4
2025.06.30	01:27:36.109	0.85467				2
2025.06.30	01:27:36.870		0.85469			4
2025.06.30	01:27:37.511	0.85468				2
2025.06.30	01:27:39.260	0.85467				2
2025.06.30	01:27:39.706	0.85466				2
2025.06.30	01:27:40.582		0.85467			4
2025.06.30	01:27:40.899	0.85465	0.85466			6
2025.06.30	01:27:45.763	0.85464	0.85468			6
2025.06.30	01:27:46.148	0.85465	0.85469			6
2025.06.30	01:27:47.523	0.85468	0.85471			6
2025.06.30	01:27:54.783	0.85467	0.85469			6
2025.06.30	01:27:56.209		0.85471			4
2025.06.30	01:27:56.518		0.85469			4
2025.06.30	01:27:58.816	0.85468				2
2025.06.30	01:28:00.295	0.85468				2
2025.06.30	01:28:00.638		0.85470			4
2025.06.30	01:28:01.072		0.85469			4
2025.06.30	01:28:02.053	0.85467	0.85470			6
2025.06.30	01:28:02.359		0.85472			4
2025.06.30	01:28:03.082	0.85468				2
2025.06.30	01:28:03.865		0.85471			4
2025.06.30	01:28:04.248		0.85472			4
2025.06.30	01:28:04.854		0.85469			4
2025.06.30	01:28:07.766		0.85471			4
2025.06.30	01:28:11.988		0.85469			4
2025.06.30	01:28:14.046	0.85469	0.85471			6
2025.06.30	01:28:14.700	0.85468				2
2025.06.30	01:28:20.136		0.85469			4
2025.06.30	01:28:20.522		0.85471			4
2025.06.30	01:28:22.414		0.85469			4
2025.06.30	01:28:22.718	0.85467				2
2025.06.30	01:28:24.578	0.85468				2
2025.06.30	01:28:26.677	0.85467				2
2025.06.30	01:28:30.444	0.85468	0.85471			6
2025.06.30	01:28:30.758	0.85469				2
2025.06.30	01:28:31.061		0.85470			4
2025.06.30	01:28:33.567	0.85468				2
2025.06.30	01:28:39.033	0.85470	0.85473			6
2025.06.30	01:28:41.943	0.85469	0.85470			6
2025.06.30	01:28:44.358		0.85473			4
2025.06.30	01:28:44.697		0.85474			4
2025.06.30	01:28:45.453	0.85470	0.85473			6
2025.06.30	01:28:45.767	0.85471	0.85474			6
2025.06.30	01:28:46.210		0.85473			4
2025.06.30	01:28:46.651	0.85470				2
2025.06.30	01:28:46.990		0.85471			4
2025.06.30	01:28:47.302	0.85468	0.85473			6
2025.06.30	01:28:49.659	0.85469	0.85474			6
2025.06.30	01:28:50.009	0.85468	0.85473			6
2025.06.30	01:28:53.014	0.85469				2
2025.06.30	01:28:57.110	0.85468				2
2025.06.30	01:29:00.233	0.85468				2
2025.06.30	01:29:01.819	0.85469	0.85474			6
2025.06.30	01:29:02.753	0.85468				2
2025.06.30	01:29:14.302	0.85469	0.85473			6
2025.06.30	01:29:15.717	0.85468				2
2025.06.30	01:29:18.738	0.85467				2
2025.06.30	01:29:20.720	0.85468	0.85474			6
2025.06.30	01:29:27.728		0.85473			4
2025.06.30	01:29:28.089	0.85467	0.85469			6
2025.06.30	01:29:28.401	0.85468	0.85473			6
2025.06.30	01:29:28.710	0.85467	0.85469			6
2025.06.30	01:29:31.109	0.85468	0.85473			6
2025.06.30	01:29:35.079	0.85467	0.85471			6
2025.06.30	01:29:35.400		0.85469			4
2025.06.30	01:29:40.657	0.85468				2
2025.06.30	01:29:44.870	0.85466	0.85468			6
2025.06.30	01:29:54.981	0.85465	0.85469			6
2025.06.30	01:29:55.294		0.85468			4
2025.06.30	01:29:55.604	0.85463				2
2025.06.30	01:29:59.307	0.85461	0.85464			6
2025.06.30	01:30:00.197	0.85461				2
2025.06.30	01:30:02.301	0.85463				2
2025.06.30	01:30:02.619	0.85464	0.85465			6
2025.06.30	01:30:04.741	0.85460	0.85463			6
2025.06.30	01:30:06.040	0.85461	0.85464			6
2025.06.30	01:30:07.250	0.85462	0.85463			6
2025.06.30	01:30:09.413		0.85465			4
2025.06.30	01:30:10.309		0.85463			4
2025.06.30	01:30:18.031		0.85465			4
2025.06.30	01:30:19.609	0.85463	0.85467			6
2025.06.30	01:30:20.691		0.85468			4
2025.06.30	01:30:31.158	0.85467	0.85469			6
2025.06.30	01:30:31.460	0.85468				2
2025.06.30	01:30:31.762		0.85471			4
2025.06.30	01:30:33.659	0.85467	0.85469			6
2025.06.30	01:30:34.272	0.85469	0.85473			6
2025.06.30	01:30:34.944	0.85468	0.85471			6
2025.06.30	01:30:38.038		0.85472			4
2025.06.30	01:30:44.251		0.85471			4
2025.06.30	01:30:58.215		0.85469			4
2025.06.30	01:30:58.572	0.85467	0.85468			6
2025.06.30	01:30:59.386	0.85468	0.85471			6
2025.06.30	01:31:00.470	0.85468				2
2025.06.30	01:31:09.917	0.85469				2
2025.06.30	01:31:15.090	0.85470	0.85473			6
2025.06.30	01:31:15.700	0.85471				2
2025.06.30	01:31:16.399		0.85474			4
2025.06.30	01:31:16.702	0.85465	0.85469			6
2025.06.30	01:31:17.479	0.85466				2
2025.06.30	01:31:18.042	0.85465				2
2025.06.30	01:31:20.939	0.85466				2
2025.06.30	01:31:23.414	0.85465	0.85468			6
2025.06.30	01:31:26.907	0.85464				2
2025.06.30	01:31:33.290		0.85469			4
2025.06.30	01:31:38.078	0.85465				2
2025.06.30	01:31:50.237	0.85466				2
2025.06.30	01:32:00.557	0.85466				2
2025.06.30	01:32:01.127	0.85468	0.85470			6
2025.06.30	01:32:03.467	0.85467				2
2025.06.30	01:32:03.982		0.85468			4
2025.06.30	01:32:06.908	0.85468	0.85469			6
2025.06.30	01:32:14.353	0.85469	0.85470			6
2025.06.30	01:32:14.683	0.85472	0.85473			6
2025.06.30	01:32:20.639		0.85474			4
2025.06.30	01:32:23.128	0.85470	0.85475			6
2025.06.30	01:32:23.731		0.85474			4
2025.06.30	01:32:24.911	0.85473				2
2025.06.30	01:32:27.336		0.85475			4
2025.06.30	01:32:27.644		0.85474			4
2025.06.30	01:32:30.097	0.85472				2
2025.06.30	01:32:34.148	0.85474	0.85477			6
2025.06.30	01:32:34.463		0.85475			4
2025.06.30	01:32:36.147	0.85473	0.85474			6
2025.06.30	01:32:38.717	0.85474	0.85475			6
2025.06.30	01:32:43.976	0.85473				2
2025.06.30	01:32:53.431		0.85474			4
2025.06.30	01:33:00.585	0.85475	0.85476			6
2025.06.30	01:33:01.797		0.85477			4
2025.06.30	01:33:02.348		0.85476			4
2025.06.30	01:33:02.773	0.85476	0.85479			6
2025.06.30	01:33:04.780	0.85475				2
2025.06.30	01:33:05.465	0.85476				2
2025.06.30	01:33:07.354	0.85472	0.85474			6
2025.06.30	01:33:07.659		0.85475			4
2025.06.30	01:33:08.751		0.85474			4
2025.06.30	01:33:16.660	0.85471				2
2025.06.30	01:33:17.296	0.85470				2
2025.06.30	01:33:19.470	0.85471				2
2025.06.30	01:33:21.659	0.85470	0.85473			6
2025.06.30	01:33:22.119	0.85471	0.85475			6
2025.06.30	01:33:22.430	0.85472				2
2025.06.30	01:33:26.527		0.85474			4
2025.06.30	01:33:27.248	0.85471				2
2025.06.30	01:33:28.011	0.85472				2
2025.06.30	01:33:30.440	0.85471				2
2025.06.30	01:33:30.744	0.85470				2
2025.06.30	01:33:31.060	0.85472				2
2025.06.30	01:33:31.843	0.85471				2
2025.06.30	01:33:41.900	0.85469				2
2025.06.30	01:33:42.721	0.85473	0.85475			6
2025.06.30	01:33:43.029	0.85472				2
2025.06.30	01:33:44.162	0.85471				2
2025.06.30	01:33:44.469	0.85472				2
2025.06.30	01:33:49.673	0.85471				2
2025.06.30	01:33:50.273	0.85469	0.85473			6
2025.06.30	01:33:50.589	0.85470				2
2025.06.30	01:33:52.203	0.85466	0.85470			6
2025.06.30	01:33:53.405	0.85467	0.85471			6
2025.06.30	01:33:55.440	0.85468	0.85470			6
2025.06.30	01:33:55.776	0.85467				2
2025.06.30	01:34:01.091	0.85467				2
2025.06.30	01:34:02.345	0.85468	0.85471			6
2025.06.30	01:34:02.661	0.85466	0.85467			6
2025.06.30	01:34:03.033		0.85469			4
2025.06.30	01:34:10.741		0.85471			4
2025.06.30	01:34:17.787		0.85469			4
2025.06.30	01:34:20.184	0.85463	0.85467			6
2025.06.30	01:34:20.501	0.85464	0.85468			6
2025.06.30	01:34:30.151		0.85469			4
2025.06.30	01:34:44.068	0.85463				2
2025.06.30	01:34:46.476		0.85467			4
2025.06.30	01:34:46.798	0.85464	0.85468			6
2025.06.30	01:34:47.483	0.85463	0.85467			6
2025.06.30	01:34:47.932	0.85462	0.85465			6
2025.06.30	01:34:53.170		0.85467			4
2025.06.30	01:34:54.456	0.85463	0.85468			6
2025.06.30	01:34:55.016	0.85462	0.85465			6
2025.06.30	01:34:55.407		0.85467			4
2025.06.30	01:34:56.816		0.85465			4
2025.06.30	01:34:57.161		0.85467			4
2025.06.30	01:34:57.982		0.85466			4
2025.06.30	01:34:58.292		0.85468			4
2025.06.30	01:34:58.742	0.85463				2
2025.06.30	01:35:01.103	0.85463				2
2025.06.30	01:35:08.185	0.85467	0.85470			6
2025.06.30	01:35:08.549		0.85472			4
2025.06.30	01:35:12.346		0.85471			4
2025.06.30	01:35:12.655	0.85466				2
2025.06.30	01:35:12.997		0.85469			4
2025.06.30	01:35:13.316		0.85470			4
2025.06.30	01:35:14.927	0.85465	0.85469			6
2025.06.30	01:35:16.554		0.85470			4
2025.06.30	01:35:20.993	0.85466	0.85471			6
2025.06.30	01:35:21.300		0.85469			4
2025.06.30	01:35:31.194		0.85470			4
2025.06.30	01:35:34.898	0.85465	0.85469			6
2025.06.30	01:35:35.203	0.85466				2
2025.06.30	01:35:37.098	0.85467	0.85471			6
2025.06.30	01:35:37.511		0.85470			4
2025.06.30	01:35:46.453	0.85468				2
2025.06.30	01:35:46.759	0.85469	0.85472			6
2025.06.30	01:35:47.795	0.85470				2
2025.06.30	01:35:50.470	0.85467	0.85471			6
2025.06.30	01:35:50.964		0.85470			4
2025.06.30	01:35:53.046		0.85471			4
2025.06.30	01:35:53.347	0.85466	0.85469			6
2025.06.30	01:35:53.704	0.85465				2
2025.06.30	01:35:56.305	0.85466	0.85470			6
2025.06.30	01:35:57.087		0.85471			4
2025.06.30	01:35:57.460	0.85467				2
2025.06.30	01:36:00.611	0.85467				2
2025.06.30	01:36:01.451		0.85472			4
2025.06.30	01:36:05.448		0.85468			4
2025.06.30	01:36:08.058	0.85465	0.85466			6
2025.06.30	01:36:14.556		0.85467			4
2025.06.30	01:36:18.755	0.85464				2
2025.06.30	01:36:20.446		0.85468			4
2025.06.30	01:36:21.124	0.85465				2
2025.06.30	01:36:21.458	0.85464				2
2025.06.30	01:36:25.795		0.85467			4
2025.06.30	01:36:32.674		0.85468			4
2025.06.30	01:36:50.728	0.85465				2
2025.06.30	01:36:52.331	0.85464	0.85469			6
2025.06.30	01:36:57.228		0.85468			4
2025.06.30	01:37:01.412	0.85464				2
2025.06.30	01:37:02.436		0.85469			4
2025.06.30	01:37:08.227	0.85465				2
2025.06.30	01:37:10.247	0.85464				2
2025.06.30	01:37:15.463	0.85465				2
2025.06.30	01:37:25.415	0.85464				2
2025.06.30	01:37:32.907		0.85467			4
2025.06.30	01:37:42.846	0.85465				2
2025.06.30	01:37:45.489	0.85469	0.85470			6
2025.06.30	01:37:48.833	0.85468	0.85469			6
2025.06.30	01:37:55.701		0.85470			4
2025.06.30	01:37:56.320	0.85469				2
2025.06.30	01:37:58.748	0.85468	0.85469			6
2025.06.30	01:37:59.734	0.85469	0.85470			6
2025.06.30	01:38:00.554	0.85469				2
2025.06.30	01:38:01.402	0.85468				2
2025.06.30	01:38:03.444	0.85467	0.85468			6
2025.06.30	01:38:03.809	0.85468	0.85469			6
2025.06.30	01:38:12.001	0.85464	0.85465			6
2025.06.30	01:38:12.664	0.85463				2
2025.06.30	01:38:17.165	0.85464	0.85467			6
2025.06.30	01:38:17.910	0.85463	0.85465			6
2025.06.30	01:38:18.221		0.85466			4
2025.06.30	01:38:19.463		0.85465			4
2025.06.30	01:38:19.938	0.85462				2
2025.06.30	01:38:26.456		0.85463			4
2025.06.30	01:38:36.352	0.85461				2
2025.06.30	01:38:36.659	0.85460				2
2025.06.30	01:38:43.457	0.85461				2
2025.06.30	01:38:55.179		0.85464			4
2025.06.30	01:38:58.196		0.85463			4
2025.06.30	01:38:58.501	0.85460	0.85464			6
2025.06.30	01:39:00.312	0.85460				2
2025.06.30	01:39:01.452	0.85459	0.85463			6
2025.06.30	01:39:21.304	0.85458				2
2025.06.30	01:39:23.798	0.85459				2
2025.06.30	01:39:26.652	0.85458	0.85462			6
2025.06.30	01:40:00.611	0.85458				2
2025.06.30	01:40:02.646	0.85455	0.85459			6
2025.06.30	01:40:03.694		0.85458			4
2025.06.30	01:40:05.763	0.85454				2
2025.06.30	01:40:25.758	0.85456				2
2025.06.30	01:40:27.401	0.85457	0.85460			6
2025.06.30	01:40:39.010		0.85459			4
2025.06.30	01:40:44.462	0.85456				2
2025.06.30	01:40:56.832	0.85459	0.85462			6
2025.06.30	01:40:59.530	0.85458	0.85461			6
2025.06.30	01:41:00.653	0.85458	0.85462			6
2025.06.30	01:41:01.177	0.85459				2
2025.06.30	01:41:02.541	0.85458				2
2025.06.30	01:41:02.859	0.85459				2
2025.06.30	01:41:12.893		0.85461			4
2025.06.30	01:41:13.199	0.85458	0.85459			6
2025.06.30	01:41:13.507	0.85459	0.85462			6
2025.06.30	01:41:13.900	0.85458	0.85461			6
2025.06.30	01:41:14.346		0.85460			4
2025.06.30	01:41:15.058	0.85459	0.85463			6
2025.06.30	01:41:19.178	0.85458	0.85462			6
2025.06.30	01:41:19.492		0.85461			4
2025.06.30	01:41:20.521		0.85460			4
2025.06.30	01:41:21.739		0.85462			4
2025.06.30	01:41:24.665	0.85459				2
2025.06.30	01:41:30.874		0.85460			4
2025.06.30	01:41:31.180	0.85458				2
2025.06.30	01:41:33.115		0.85461			4
2025.06.30	01:41:33.421		0.85460			4
2025.06.30	01:41:34.938	0.85457				2
2025.06.30	01:41:36.053	0.85459	0.85461			6
2025.06.30	01:41:36.360		0.85460			4
2025.06.30	01:41:36.679	0.85458				2
2025.06.30	01:41:38.892	0.85459				2
2025.06.30	01:41:40.819	0.85458				2
2025.06.30	01:41:41.452	0.85459	0.85461			6
2025.06.30	01:41:41.818		0.85463			4
2025.06.30	01:41:45.969	0.85460				2
2025.06.30	01:41:46.314	0.85457	0.85460			6
2025.06.30	01:41:52.131		0.85459			4
2025.06.30	01:41:52.441	0.85458	0.85461			6
2025.06.30	01:41:52.878		0.85459			4
2025.06.30	01:41:53.597	0.85457	0.85462			6
2025.06.30	01:41:53.919	0.85458	0.85459			6
2025.06.30	01:41:54.222	0.85459	0.85462			6
2025.06.30	01:41:54.531	0.85458				2
2025.06.30	01:41:54.833	0.85459				2
2025.06.30	01:41:58.352	0.85458				2
2025.06.30	01:41:59.861	0.85459				2
2025.06.30	01:42:00.224	0.85458	0.85463			6
2025.06.30	01:42:01.389	0.85459	0.85462			6
2025.06.30	01:42:15.327	0.85458				2
2025.06.30	01:42:16.486		0.85460			4
2025.06.30	01:42:17.852		0.85462			4
2025.06.30	01:42:21.849	0.85459				2
2025.06.30	01:42:36.695		0.85463			4
2025.06.30	01:42:39.306	0.85458				2
2025.06.30	01:42:39.619		0.85461			4
2025.06.30	01:42:39.931	0.85459				2
2025.06.30	01:42:40.351	0.85460	0.85462			6
2025.06.30	01:42:42.354	0.85459				2
2025.06.30	01:42:42.689		0.85461			4
2025.06.30	01:42:59.353		0.85463			4
2025.06.30	01:42:59.661		0.85461			4
2025.06.30	01:43:00.001	0.85459				2
2025.06.30	01:43:00.791		0.85462			4
2025.06.30	01:43:01.109	0.85458	0.85461			6
2025.06.30	01:43:02.253		0.85462			4
2025.06.30	01:43:14.477	0.85459	0.85461			6
2025.06.30	01:43:15.439	0.85458	0.85459			6
2025.06.30	01:43:30.503		0.85460			4
2025.06.30	01:43:51.380		0.85459			4
2025.06.30	01:43:58.905	0.85457				2
2025.06.30	01:44:00.153	0.85458	0.85461			6
2025.06.30	01:44:00.464	0.85455	0.85458			6
2025.06.30	01:44:02.103		0.85457			4
2025.06.30	01:44:15.386	0.85456	0.85458			6
2025.06.30	01:44:15.705	0.85453	0.85455			6
2025.06.30	01:44:16.008	0.85451	0.85453			6
2025.06.30	01:44:16.350		0.85454			4
2025.06.30	01:44:17.060		0.85453			4
2025.06.30	01:44:18.466		0.85455			4
2025.06.30	01:44:19.998	0.85450				2
2025.06.30	01:44:21.891		0.85454			4
2025.06.30	01:44:33.158	0.85453	0.85456			6
2025.06.30	01:44:33.481	0.85454	0.85458			6
2025.06.30	01:44:34.778		0.85457			4
2025.06.30	01:44:38.805	0.85455	0.85458			6
2025.06.30	01:44:41.587	0.85456				2
2025.06.30	01:45:00.284	0.85456				2
2025.06.30	01:45:08.758		0.85459			4
2025.06.30	01:45:23.167	0.85457				2
2025.06.30	01:45:33.707	0.85456	0.85458			6
2025.06.30	01:45:40.404		0.85459			4
2025.06.30	01:45:43.565		0.85458			4
2025.06.30	01:45:46.370	0.85455				2
2025.06.30	01:45:48.120	0.85456				2
2025.06.30	01:45:50.873	0.85455				2
2025.06.30	01:45:55.391	0.85456				2
2025.06.30	01:45:55.910		0.85459			4
2025.06.30	01:46:00.356	0.85456				2
2025.06.30	01:46:23.338	0.85457	0.85461			6
2025.06.30	01:46:35.498		0.85462			4
2025.06.30	01:46:38.225	0.85458				2
2025.06.30	01:46:47.353	0.85459				2
2025.06.30	01:46:49.857	0.85458				2
2025.06.30	01:46:56.816		0.85461			4
2025.06.30	01:47:00.461	0.85458	0.85462			6
2025.06.30	01:47:01.246	0.85461	0.85464			6
2025.06.30	01:47:01.565	0.85462				2
2025.06.30	01:47:05.440	0.85461				2
2025.06.30	01:47:06.503	0.85460				2
2025.06.30	01:47:08.110	0.85461				2
2025.06.30	01:47:08.476	0.85460				2
2025.06.30	01:47:11.969	0.85461				2
2025.06.30	01:47:31.637	0.85460				2
2025.06.30	01:47:32.125	0.85461				2
2025.06.30	01:47:48.324	0.85460				2
2025.06.30	01:47:51.364	0.85461				2
2025.06.30	01:47:53.708		0.85463			4
2025.06.30	01:47:55.660		0.85464			4
2025.06.30	01:47:57.330		0.85463			4
2025.06.30	01:47:57.938		0.85464			4
2025.06.30	01:48:00.428	0.85461	0.85463			6
2025.06.30	01:48:02.893		0.85464			4
2025.06.30	01:48:12.227	0.85460				2
2025.06.30	01:48:12.787	0.85461				2
2025.06.30	01:48:13.394	0.85460				2
2025.06.30	01:48:15.938	0.85461				2
2025.06.30	01:48:17.593		0.85463			4
2025.06.30	01:48:25.731	0.85460				2
2025.06.30	01:48:28.118	0.85461				2
2025.06.30	01:48:35.878		0.85464			4
2025.06.30	01:48:36.920		0.85463			4
2025.06.30	01:48:37.377		0.85464			4
2025.06.30	01:48:49.608	0.85460	0.85463			6
2025.06.30	01:49:00.606	0.85460				2
2025.06.30	01:49:08.374		0.85461			4
2025.06.30	01:49:15.008	0.85459	0.85460			6
2025.06.30	01:49:20.454	0.85458	0.85459			6
2025.06.30	01:49:20.759	0.85459	0.85460			6
2025.06.30	01:49:25.623	0.85458				2
2025.06.30	01:49:28.119	0.85459				2
2025.06.30	01:49:30.714	0.85458				2
2025.06.30	01:49:34.223	0.85457	0.85458			6
2025.06.30	01:49:49.936	0.85456	0.85457			6
2025.06.30	01:49:50.560		0.85458			4
2025.06.30	01:49:51.653		0.85457			4
2025.06.30	01:50:00.545	0.85456	0.85458			6
2025.06.30	01:50:01.467		0.85457			4
2025.06.30	01:50:05.959		0.85458			4
2025.06.30	01:50:07.361	0.85455	0.85457			6
2025.06.30	01:50:09.131	0.85456				2
2025.06.30	01:50:10.994	0.85455	0.85458			6
2025.06.30	01:50:15.863	0.85456	0.85457			6
2025.06.30	01:50:31.834	0.85452	0.85454			6
2025.06.30	01:50:32.187	0.85450				2
2025.06.30	01:50:34.588	0.85451				2
2025.06.30	01:50:34.953	0.85452				2
2025.06.30	01:50:35.788	0.85453	0.85456			6
2025.06.30	01:50:36.802	0.85454				2
2025.06.30	01:50:45.758	0.85456	0.85458			6
2025.06.30	01:50:54.339	0.85455	0.85456			6
2025.06.30	01:51:00.716	0.85455				2
2025.06.30	01:51:04.169	0.85456	0.85459			6
2025.06.30	01:51:11.278	0.85458				2
2025.06.30	01:51:12.371	0.85457	0.85458			6
2025.06.30	01:51:12.832	0.85458	0.85460			6
2025.06.30	01:51:16.158	0.85461	0.85462			6
2025.06.30	01:51:16.459	0.85458	0.85460			6
2025.06.30	01:51:22.248	0.85459				2
2025.06.30	01:51:26.608	0.85461	0.85462			6
2025.06.30	01:51:27.668		0.85463			4
2025.06.30	01:51:33.680	0.85463	0.85466			6
2025.06.30	01:51:34.030	0.85464	0.85465			6
2025.06.30	01:51:37.192		0.85466			4
2025.06.30	01:51:42.477	0.85463				2
2025.06.30	01:51:42.836		0.85465			4
2025.06.30	01:51:45.241	0.85466	0.85467			6
2025.06.30	01:51:47.761	0.85464	0.85465			6
2025.06.30	01:51:57.987	0.85468	0.85469			6
2025.06.30	01:51:59.414	0.85471	0.85472			6
2025.06.30	01:52:00.353	0.85471				2
2025.06.30	01:52:00.919	0.85470	0.85471			6
2025.06.30	01:52:02.444	0.85469	0.85470			6
2025.06.30	01:52:07.786		0.85471			4
2025.06.30	01:52:08.271		0.85470			4
2025.06.30	01:52:13.975	0.85470	0.85471			6
2025.06.30	01:52:26.346	0.85473	0.85474			6
2025.06.30	01:52:41.285		0.85475			4
2025.06.30	01:52:44.684		0.85474			4
2025.06.30	01:52:59.847	0.85474	0.85475			6
2025.06.30	01:53:01.754	0.85474				2
2025.06.30	01:53:03.444	0.85472	0.85474			6
2025.06.30	01:53:09.505	0.85468	0.85469			6
2025.06.30	01:53:12.069	0.85471	0.85472			6
2025.06.30	01:53:20.767	0.85470	0.85471			6
2025.06.30	01:53:23.881	0.85473	0.85474			6
2025.06.30	01:53:44.893	0.85471	0.85475			6
2025.06.30	01:53:45.200	0.85473	0.85474			6
2025.06.30	01:53:45.847	0.85474	0.85475			6
2025.06.30	01:54:00.404	0.85474				2
2025.06.30	01:54:05.435	0.85473	0.85474			6
2025.06.30	01:54:06.181	0.85474	0.85475			6
2025.06.30	01:54:20.899		0.85476			4
2025.06.30	01:54:21.314		0.85475			4
2025.06.30	01:54:26.563	0.85473	0.85474			6
2025.06.30	01:54:33.932	0.85471	0.85472			6
2025.06.30	01:54:37.273	0.85469	0.85470			6
2025.06.30	01:54:58.533	0.85468	0.85469			6
2025.06.30	01:54:59.160	0.85469	0.85470			6
2025.06.30	01:55:00.298	0.85469				2
2025.06.30	01:55:08.506	0.85468				2
2025.06.30	01:55:08.810		0.85469			4
2025.06.30	01:55:10.707		0.85470			4
2025.06.30	01:55:11.372		0.85469			4
2025.06.30	01:55:28.646	0.85464	0.85466			6
2025.06.30	01:55:30.750		0.85465			4
2025.06.30	01:55:39.160	0.85466	0.85467			6
2025.06.30	01:55:39.556	0.85467	0.85468			6
2025.06.30	01:55:45.374	0.85466	0.85467			6
2025.06.30	01:55:45.679	0.85468	0.85469			6
2025.06.30	01:55:46.353	0.85466	0.85467			6
2025.06.30	01:55:46.703	0.85465	0.85466			6
2025.06.30	01:55:48.386	0.85464				2
2025.06.30	01:55:52.632		0.85465			4
2025.06.30	01:55:53.391	0.85463				2
2025.06.30	01:55:59.171	0.85464				2
2025.06.30	01:56:01.581	0.85464				2
2025.06.30	01:56:03.912	0.85466	0.85467			6
2025.06.30	01:56:04.383		0.85468			4
2025.06.30	01:56:04.731		0.85467			4
2025.06.30	01:56:12.410		0.85468			4
2025.06.30	01:56:16.784	0.85467				2
2025.06.30	01:56:18.665	0.85466				2
2025.06.30	01:56:26.688	0.85463	0.85466			6
2025.06.30	01:56:27.029		0.85467			4
2025.06.30	01:56:27.418		0.85466			4
2025.06.30	01:56:40.182	0.85466	0.85467			6
2025.06.30	01:56:49.797	0.85465	0.85466			6
2025.06.30	01:56:58.677	0.85466	0.85467			6
2025.06.30	01:57:01.522	0.85466				2
2025.06.30	01:57:09.797		0.85468			4
2025.06.30	01:57:10.111	0.85467				2
2025.06.30	01:57:12.180	0.85468	0.85469			6
2025.06.30	01:57:12.570	0.85467	0.85468			6
2025.06.30	01:57:13.287	0.85465	0.85470			6
2025.06.30	01:57:13.972	0.85463	0.85465			6
2025.06.30	01:57:16.100	0.85464	0.85467			6
2025.06.30	01:57:16.721	0.85466				2
2025.06.30	01:57:17.608	0.85463	0.85465			6
2025.06.30	01:57:18.324		0.85466			4
2025.06.30	01:57:18.697		0.85465			4
2025.06.30	01:57:19.491		0.85464			4
2025.06.30	01:57:19.801	0.85461				2
2025.06.30	01:57:20.167		0.85463			4
2025.06.30	01:57:20.481	0.85462	0.85465			6
2025.06.30	01:57:20.853	0.85463	0.85464			6
2025.06.30	01:57:25.280		0.85465			4
2025.06.30	01:57:32.980	0.85464	0.85466			6
2025.06.30	01:57:41.017	0.85462	0.85465			6
2025.06.30	01:57:44.600	0.85463				2
2025.06.30	01:57:54.874	0.85465	0.85467			6
2025.06.30	01:57:55.272		0.85466			4
2025.06.30	01:57:59.169		0.85467			4
2025.06.30	01:57:59.530	0.85463	0.85465			6
2025.06.30	01:58:00.314	0.85463				2
2025.06.30	01:58:00.661	0.85462	0.85464			6
2025.06.30	01:58:00.980	0.85461				2
2025.06.30	01:58:01.327	0.85460	0.85465			6
2025.06.30	01:58:04.375		0.85464			4
2025.06.30	01:58:24.749	0.85461	0.85463			6
2025.06.30	01:58:31.286	0.85460				2
2025.06.30	01:58:36.159	0.85461	0.85464			6
2025.06.30	01:58:36.876	0.85462				2
2025.06.30	01:58:38.104		0.85465			4
2025.06.30	01:58:39.231	0.85463				2
2025.06.30	01:59:00.404	0.85463				2
2025.06.30	01:59:01.036	0.85461				2
2025.06.30	01:59:01.399	0.85462				2
2025.06.30	01:59:08.168	0.85464	0.85466			6
2025.06.30	01:59:17.165		0.85465			4
2025.06.30	01:59:18.346	0.85463				2
2025.06.30	01:59:20.884	0.85464				2
2025.06.30	01:59:37.561		0.85466			4
2025.06.30	01:59:53.771	0.85465				2
2025.06.30	01:59:54.294		0.85467			4
2025.06.30	01:59:55.548		0.85466			4
2025.06.30	02:00:00.330	0.85463	0.85467			6
2025.06.30	02:00:02.323	0.85467	0.85471			6
2025.06.30	02:00:03.461	0.85468				2
2025.06.30	02:00:04.381	0.85466	0.85469			6
2025.06.30	02:00:04.704		0.85468			4
2025.06.30	02:00:05.247	0.85467				2
2025.06.30	02:00:06.365	0.85465				2
2025.06.30	02:00:07.932	0.85466				2
2025.06.30	02:00:09.923	0.85467	0.85470			6
2025.06.30	02:00:10.239		0.85469			4
2025.06.30	02:00:14.012	0.85465				2
2025.06.30	02:00:14.725		0.85468			4
2025.06.30	02:00:17.980		0.85467			4
2025.06.30	02:00:20.850	0.85462	0.85466			6
2025.06.30	02:00:26.956	0.85463				2
2025.06.30	02:00:27.987		0.85465			4
2025.06.30	02:00:30.855		0.85466			4
2025.06.30	02:00:33.558	0.85466	0.85467			6
2025.06.30	02:00:39.621	0.85476	0.85477			6
2025.06.30	02:00:39.923	0.85481	0.85484			6
2025.06.30	02:00:40.539	0.85480				2
2025.06.30	02:00:40.860		0.85482			4
2025.06.30	02:00:42.835	0.85482	0.85484			6
2025.06.30	02:00:43.463		0.85483			4
2025.06.30	02:00:43.858	0.85480	0.85481			6
2025.06.30	02:00:46.303		0.85482			4
2025.06.30	02:00:47.621	0.85481	0.85483			6
2025.06.30	02:00:49.090	0.85483	0.85484			6
2025.06.30	02:00:50.316	0.85482	0.85483			6
2025.06.30	02:00:52.713	0.85483	0.85484			6
2025.06.30	02:01:00.234	0.85485	0.85488			6
2025.06.30	02:01:00.540	0.85487	0.85492			6
2025.06.30	02:01:01.303	0.85489	0.85491			6
2025.06.30	02:01:01.656		0.85490			4
2025.06.30	02:01:04.144	0.85492	0.85493			6
2025.06.30	02:01:07.274	0.85491	0.85492			6
2025.06.30	02:01:15.540	0.85490	0.85491			6
2025.06.30	02:01:18.525	0.85491	0.85493			6
2025.06.30	02:01:21.624	0.85490				2
2025.06.30	02:01:23.176		0.85491			4
2025.06.30	02:01:24.386	0.85489				2
2025.06.30	02:01:26.734	0.85493	0.85494			6
2025.06.30	02:01:30.007		0.85495			4
2025.06.30	02:01:30.665		0.85494			4
2025.06.30	02:01:31.026		0.85495			4
2025.06.30	02:01:31.988		0.85494			4
2025.06.30	02:01:32.691	0.85492				2
2025.06.30	02:01:35.186		0.85497			4
2025.06.30	02:01:35.532		0.85495			4
2025.06.30	02:01:35.834		0.85493			4
2025.06.30	02:01:36.910		0.85495			4
2025.06.30	02:01:37.223		0.85493			4
2025.06.30	02:01:40.177	0.85493	0.85494			6
2025.06.30	02:01:46.273	0.85491	0.85492			6
2025.06.30	02:01:47.207	0.85486	0.85488			6
2025.06.30	02:01:53.533		0.85487			4
2025.06.30	02:01:59.378	0.85488	0.85489			6
2025.06.30	02:01:59.684	0.85490	0.85491			6
2025.06.30	02:02:00.017	0.85490				2
2025.06.30	02:02:00.389	0.85488	0.85489			6
2025.06.30	02:02:01.766		0.85490			4
2025.06.30	02:02:02.952	0.85492	0.85493			6
2025.06.30	02:02:05.277	0.85495	0.85496			6
2025.06.30	02:02:07.371	0.85493	0.85494			6
2025.06.30	02:02:14.589	0.85492	0.85493			6
2025.06.30	02:02:15.776	0.85491	0.85492			6
2025.06.30	02:02:29.078	0.85493	0.85496			6
2025.06.30	02:02:30.302	0.85492	0.85495			6
2025.06.30	02:02:31.514	0.85491	0.85492			6
2025.06.30	02:02:33.225	0.85490	0.85491			6
2025.06.30	02:02:33.539		0.85493			4
2025.06.30	02:02:33.844		0.85491			4
2025.06.30	02:02:34.586	0.85488	0.85490			6
2025.06.30	02:02:34.944	0.85489				2
2025.06.30	02:02:36.354	0.85488				2
2025.06.30	02:02:42.305	0.85486	0.85488			6
2025.06.30	02:02:48.810	0.85485				2
2025.06.30	02:02:50.332		0.85487			4
2025.06.30	02:02:52.266	0.85490	0.85491			6
2025.06.30	02:02:55.451	0.85488				2
2025.06.30	02:02:57.116	0.85489	0.85490			6
2025.06.30	02:02:58.682		0.85491			4
2025.06.30	02:03:00.083	0.85489				2
2025.06.30	02:03:01.569	0.85490				2
2025.06.30	02:03:05.659	0.85487	0.85489			6
2025.06.30	02:03:06.011	0.85486	0.85488			6
2025.06.30	02:03:06.323	0.85487	0.85489			6
2025.06.30	02:03:09.209	0.85490	0.85491			6
2025.06.30	02:03:10.210	0.85491	0.85492			6
2025.06.30	02:03:10.996	0.85490	0.85491			6
2025.06.30	02:03:12.629	0.85488	0.85490			6
2025.06.30	02:03:13.177	0.85489				2
2025.06.30	02:03:24.576	0.85488				2
2025.06.30	02:03:26.961		0.85489			4
2025.06.30	02:03:28.305		0.85490			4
2025.06.30	02:03:31.897	0.85489				2
2025.06.30	02:03:35.051	0.85490	0.85491			6
2025.06.30	02:03:41.150	0.85489				2
2025.06.30	02:03:45.774		0.85490			4
2025.06.30	02:03:52.138	0.85490	0.85491			6
2025.06.30	02:04:00.659	0.85490				2
2025.06.30	02:04:01.052	0.85492	0.85493			6
2025.06.30	02:04:06.445	0.85491	0.85492			6
2025.06.30	02:04:07.696	0.85490				2
2025.06.30	02:04:08.001	0.85491				2
2025.06.30	02:04:09.653	0.85490				2
2025.06.30	02:04:09.988	0.85491				2
2025.06.30	02:04:20.822		0.85493			4
2025.06.30	02:04:21.529		0.85492			4
2025.06.30	02:04:25.522	0.85490	0.85491			6
2025.06.30	02:04:26.436	0.85493	0.85494			6
2025.06.30	02:04:28.866	0.85490	0.85491			6
2025.06.30	02:04:32.684	0.85491	0.85492			6
2025.06.30	02:04:33.001	0.85490	0.85491			6
2025.06.30	02:04:36.258	0.85489				2
2025.06.30	02:04:37.840	0.85490				2
2025.06.30	02:04:42.327	0.85489				2
2025.06.30	02:04:42.640	0.85490				2
2025.06.30	02:04:50.459	0.85489				2
2025.06.30	02:04:51.598	0.85488				2
2025.06.30	02:04:52.176	0.85487	0.85490			6
2025.06.30	02:04:52.480	0.85488				2
2025.06.30	02:04:52.799	0.85489				2
2025.06.30	02:05:01.277	0.85489	0.85491			6
2025.06.30	02:05:04.103	0.85490	0.85492			6
2025.06.30	02:05:04.452	0.85487	0.85490			6
2025.06.30	02:05:05.095	0.85488				2
2025.06.30	02:05:15.294	0.85490	0.85492			6
2025.06.30	02:05:19.187	0.85489				2
2025.06.30	02:05:19.500	0.85491				2
2025.06.30	02:05:19.900		0.85493			4
2025.06.30	02:05:20.739	0.85490				2
2025.06.30	02:05:21.103		0.85491			4
2025.06.30	02:05:24.242	0.85488				2
2025.06.30	02:05:24.645		0.85489			4
2025.06.30	02:05:28.183		0.85490			4
2025.06.30	02:05:28.523	0.85489				2
2025.06.30	02:05:34.764	0.85488	0.85491			6
2025.06.30	02:05:35.072	0.85489				2
2025.06.30	02:05:35.444	0.85488	0.85489			6
2025.06.30	02:05:36.665	0.85487				2
2025.06.30	02:05:37.742	0.85488	0.85490			6
2025.06.30	02:05:39.739	0.85487				2
2025.06.30	02:05:44.747		0.85489			4
2025.06.30	02:05:48.150		0.85490			4
2025.06.30	02:05:58.533		0.85489			4
2025.06.30	02:05:59.113		0.85490			4
2025.06.30	02:06:00.262	0.85487				2
2025.06.30	02:06:04.917		0.85491			4
2025.06.30	02:06:06.283		0.85490			4
2025.06.30	02:06:06.599		0.85491			4
2025.06.30	02:06:07.962		0.85490			4
2025.06.30	02:06:10.486	0.85486	0.85487			6
2025.06.30	02:06:11.403		0.85488			4
2025.06.30	02:06:17.909	0.85485				2
2025.06.30	02:06:18.339	0.85486				2
2025.06.30	02:06:28.842	0.85485	0.85487			6
2025.06.30	02:06:48.674	0.85486				2
2025.06.30	02:06:50.343	0.85485				2
2025.06.30	02:06:51.925	0.85486	0.85488			6
2025.06.30	02:06:55.389	0.85485	0.85487			6
2025.06.30	02:07:00.451	0.85488	0.85490			6
2025.06.30	02:07:02.304		0.85491			4
2025.06.30	02:07:02.682	0.85484	0.85486			6
2025.06.30	02:07:04.294	0.85485	0.85488			6
2025.06.30	02:07:06.056		0.85487			4
2025.06.30	02:07:06.950	0.85486	0.85488			6
2025.06.30	02:07:08.348	0.85485				2
2025.06.30	02:07:09.904	0.85486				2
2025.06.30	02:07:11.230	0.85485				2
2025.06.30	02:07:11.540		0.85487			4
2025.06.30	02:07:15.625	0.85484	0.85486			6
2025.06.30	02:07:16.152	0.85485				2
2025.06.30	02:07:16.552	0.85484				2
2025.06.30	02:07:16.949	0.85485				2
2025.06.30	02:07:17.683		0.85488			4
2025.06.30	02:07:18.416		0.85487			4
2025.06.30	02:07:22.343	0.85484	0.85486			6
2025.06.30	02:07:23.789		0.85487			4
2025.06.30	02:07:24.120		0.85486			4
2025.06.30	02:07:25.320	0.85483	0.85485			6
2025.06.30	02:07:36.610	0.85482				2
2025.06.30	02:07:37.651	0.85486	0.85489			6
2025.06.30	02:07:37.964	0.85487	0.85488			6
2025.06.30	02:07:38.353	0.85483	0.85487			6
2025.06.30	02:07:38.719		0.85486			4
2025.06.30	02:07:56.184	0.85484	0.85487			6
2025.06.30	02:07:56.543	0.85483	0.85486			6
2025.06.30	02:07:57.208	0.85484	0.85487			6
2025.06.30	02:07:58.235	0.85483				2
2025.06.30	02:07:58.762		0.85486			4
2025.06.30	02:08:00.346	0.85483				2
2025.06.30	02:08:20.261	0.85484	0.85487			6
2025.06.30	02:08:20.691		0.85486			4
2025.06.30	02:08:24.409	0.85485	0.85487			6
2025.06.30	02:08:25.194	0.85487	0.85491			6
2025.06.30	02:08:26.055		0.85494			4
2025.06.30	02:08:26.359		0.85490			4
2025.06.30	02:08:27.693	0.85489				2
2025.06.30	02:08:42.410	0.85488				2
2025.06.30	02:08:50.391	0.85487				2
2025.06.30	02:08:51.576	0.85486	0.85489			6
2025.06.30	02:08:51.879		0.85488			4
2025.06.30	02:08:52.729		0.85489			4
2025.06.30	02:08:53.041	0.85491	0.85492			6
2025.06.30	02:08:53.361	0.85490	0.85491			6
2025.06.30	02:09:00.351	0.85490	0.85493			6
2025.06.30	02:09:02.516	0.85491				2
2025.06.30	02:09:03.455	0.85490				2
2025.06.30	02:09:12.249		0.85494			4
2025.06.30	02:09:19.484		0.85492			4
2025.06.30	02:09:25.094	0.85492	0.85493			6
2025.06.30	02:09:26.422	0.85490	0.85492			6
2025.06.30	02:09:26.737	0.85491				2
2025.06.30	02:09:36.670	0.85492	0.85493			6
2025.06.30	02:10:00.389	0.85492				2
2025.06.30	02:10:09.897	0.85489	0.85491			6
2025.06.30	02:10:10.200		0.85490			4
2025.06.30	02:10:14.246		0.85492			4
2025.06.30	02:10:15.202		0.85491			4
2025.06.30	02:10:21.582		0.85490			4
2025.06.30	02:10:24.068	0.85487	0.85489			6
2025.06.30	02:10:33.003	0.85488				2
2025.06.30	02:10:33.872	0.85487				2
2025.06.30	02:10:34.723	0.85486				2
2025.06.30	02:10:42.049	0.85487				2
2025.06.30	02:10:49.013		0.85488			4
2025.06.30	02:10:50.378	0.85486	0.85487			6
2025.06.30	02:10:51.228		0.85488			4
2025.06.30	02:10:56.377	0.85485				2
2025.06.30	02:10:58.173		0.85487			4
2025.06.30	02:10:58.478		0.85488			4
2025.06.30	02:10:58.987		0.85487			4
2025.06.30	02:11:00.135	0.85485				2
2025.06.30	02:11:05.186	0.85484				2
2025.06.30	02:11:08.957	0.85485				2
2025.06.30	02:11:09.319	0.85486				2
2025.06.30	02:11:09.621		0.85488			4
2025.06.30	02:11:28.814	0.85488	0.85491			6
2025.06.30	02:11:36.882	0.85490				2
2025.06.30	02:11:37.228	0.85489				2
2025.06.30	02:11:39.373	0.85490				2
2025.06.30	02:11:39.981	0.85489				2
2025.06.30	02:11:41.165	0.85490				2
2025.06.30	02:11:43.012	0.85491	0.85492			6
2025.06.30	02:11:46.774	0.85489				2
2025.06.30	02:11:54.499	0.85490				2
2025.06.30	02:12:00.101	0.85490				2
2025.06.30	02:12:26.309	0.85488	0.85490			6
2025.06.30	02:12:26.646	0.85489				2
2025.06.30	02:12:45.044	0.85490	0.85493			6
2025.06.30	02:12:45.362	0.85491	0.85492			6
2025.06.30	02:12:45.953	0.85490				2
2025.06.30	02:12:46.788	0.85491				2
2025.06.30	02:12:56.169	0.85490				2
2025.06.30	02:13:00.045	0.85490				2
2025.06.30	02:13:01.770	0.85491				2
2025.06.30	02:13:05.198	0.85490				2
2025.06.30	02:13:05.600	0.85489				2
2025.06.30	02:13:06.237	0.85491				2
2025.06.30	02:13:07.583	0.85488	0.85490			6
2025.06.30	02:13:07.900	0.85487	0.85489			6
2025.06.30	02:13:09.831	0.85488				2
2025.06.30	02:13:11.066	0.85490	0.85491			6
2025.06.30	02:13:12.061	0.85489				2
2025.06.30	02:13:15.069		0.85490			4
2025.06.30	02:13:23.148	0.85490	0.85491			6
2025.06.30	02:13:27.343	0.85491	0.85492			6
2025.06.30	02:13:28.443	0.85493	0.85495			6
2025.06.30	02:13:28.756		0.85494			4
2025.06.30	02:13:34.277		0.85495			4
2025.06.30	02:13:35.104	0.85494				2
2025.06.30	02:13:47.909	0.85493				2
2025.06.30	02:13:49.090	0.85494				2
2025.06.30	02:14:00.563	0.85494				2
2025.06.30	02:14:05.277	0.85493				2
2025.06.30	02:14:05.593	0.85492				2
2025.06.30	02:14:14.116	0.85494				2
2025.06.30	02:14:17.158	0.85495	0.85496			6
2025.06.30	02:14:18.015	0.85497	0.85498			6
2025.06.30	02:14:28.253	0.85495	0.85496			6
2025.06.30	02:14:44.563	0.85499	0.85500			6
2025.06.30	02:15:00.183	0.85499				2
2025.06.30	02:15:02.740	0.85497				2
2025.06.30	02:15:03.067		0.85499			4
2025.06.30	02:15:03.404	0.85499	0.85500			6
2025.06.30	02:15:05.392		0.85501			4
2025.06.30	02:15:06.253		0.85500			4
2025.06.30	02:15:07.873	0.85501	0.85505			6
2025.06.30	02:15:08.183	0.85499	0.85501			6
2025.06.30	02:15:08.537		0.85500			4
2025.06.30	02:15:09.180		0.85502			4
2025.06.30	02:15:13.421	0.85498	0.85499			6
2025.06.30	02:15:18.091		0.85500			4
2025.06.30	02:15:20.124	0.85499				2
2025.06.30	02:15:21.364	0.85503	0.85504			6
2025.06.30	02:15:25.773	0.85502	0.85503			6
2025.06.30	02:15:28.343	0.85499	0.85501			6
2025.06.30	02:15:35.044	0.85500				2
2025.06.30	02:15:35.575	0.85497	0.85499			6
2025.06.30	02:15:35.888	0.85498				2
2025.06.30	02:15:44.177	0.85497				2
2025.06.30	02:15:44.832	0.85498				2
2025.06.30	02:15:52.938	0.85496	0.85497			6
2025.06.30	02:15:53.288	0.85497	0.85498			6
2025.06.30	02:16:00.347	0.85497				2
2025.06.30	02:16:05.435	0.85496	0.85497			6
2025.06.30	02:16:09.347	0.85497	0.85498			6
2025.06.30	02:16:09.659	0.85496	0.85497			6
2025.06.30	02:16:11.471	0.85500	0.85501			6
2025.06.30	02:16:11.821	0.85499				2
2025.06.30	02:16:12.140		0.85500			4
2025.06.30	02:16:15.237	0.85498	0.85499			6
2025.06.30	02:16:25.542	0.85499	0.85501			6
2025.06.30	02:16:26.655		0.85500			4
2025.06.30	02:16:28.170	0.85501	0.85502			6
2025.06.30	02:16:36.675	0.85500	0.85501			6
2025.06.30	02:16:44.922	0.85501	0.85502			6
2025.06.30	02:16:47.251	0.85502	0.85503			6
2025.06.30	02:16:57.504	0.85500	0.85501			6
2025.06.30	02:17:00.254	0.85500				2
2025.06.30	02:17:06.682		0.85502			4
2025.06.30	02:17:08.069	0.85501				2
2025.06.30	02:17:11.878	0.85503	0.85505			6
2025.06.30	02:17:12.792		0.85504			4
2025.06.30	02:17:13.503		0.85505			4
2025.06.30	02:17:17.381	0.85502				2
2025.06.30	02:17:18.241	0.85507	0.85508			6
2025.06.30	02:17:18.559	0.85509	0.85510			6
2025.06.30	02:17:18.923		0.85511			4
2025.06.30	02:17:19.500		0.85510			4
2025.06.30	02:17:23.068	0.85511	0.85512			6
2025.06.30	02:17:24.115	0.85509	0.85511			6
2025.06.30	02:17:26.330	0.85507	0.85509			6
2025.06.30	02:17:26.704	0.85506				2
2025.06.30	02:17:31.522	0.85509	0.85510			6
2025.06.30	02:17:34.931	0.85506	0.85507			6
2025.06.30	02:17:37.405	0.85509	0.85510			6
2025.06.30	02:17:41.420	0.85507	0.85508			6
2025.06.30	02:17:43.377	0.85509	0.85510			6
2025.06.30	02:17:43.728	0.85510	0.85511			6
2025.06.30	02:17:44.029	0.85509	0.85510			6
2025.06.30	02:17:46.126	0.85510	0.85511			6
2025.06.30	02:17:47.132	0.85509	0.85510			6
2025.06.30	02:17:48.440	0.85508	0.85509			6
2025.06.30	02:17:51.110		0.85510			4
2025.06.30	02:17:52.708	0.85509				2
2025.06.30	02:17:53.325	0.85511	0.85512			6
2025.06.30	02:17:59.155	0.85512	0.85513			6
2025.06.30	02:18:00.376	0.85512				2
2025.06.30	02:18:07.304	0.85511				2
2025.06.30	02:18:10.227	0.85512				2
2025.06.30	02:18:15.889	0.85511				2
2025.06.30	02:18:20.377	0.85512				2
2025.06.30	02:18:22.376	0.85511				2
2025.06.30	02:18:28.635	0.85514	0.85515			6
2025.06.30	02:18:29.125	0.85513				2
2025.06.30	02:18:32.949		0.85514			4
2025.06.30	02:18:38.376	0.85514	0.85515			6
2025.06.30	02:18:45.927		0.85516			4
2025.06.30	02:18:50.399	0.85515				2
2025.06.30	02:18:51.740	0.85516	0.85517			6
2025.06.30	02:18:56.041	0.85515	0.85516			6
2025.06.30	02:18:56.761	0.85516	0.85517			6
2025.06.30	02:18:57.373	0.85513	0.85514			6
2025.06.30	02:19:00.212	0.85513				2
2025.06.30	02:19:02.010	0.85512	0.85513			6
2025.06.30	02:19:03.401	0.85510	0.85511			6
2025.06.30	02:19:04.482	0.85508	0.85510			6
2025.06.30	02:19:04.784		0.85509			4
2025.06.30	02:19:09.467	0.85507	0.85508			6
2025.06.30	02:19:21.013	0.85509	0.85510			6
2025.06.30	02:19:22.035	0.85507	0.85508			6
2025.06.30	02:19:23.245	0.85506	0.85507			6
2025.06.30	02:19:35.377		0.85508			4
2025.06.30	02:19:37.916		0.85507			4
2025.06.30	02:19:39.457	0.85505				2
2025.06.30	02:19:41.518		0.85506			4
2025.06.30	02:19:43.108		0.85507			4
2025.06.30	02:19:43.797	0.85507	0.85509			6
2025.06.30	02:19:44.141	0.85508	0.85510			6
2025.06.30	02:19:44.743		0.85509			4
2025.06.30	02:19:45.077		0.85510			4
2025.06.30	02:19:46.918		0.85509			4
2025.06.30	02:19:47.264		0.85510			4
2025.06.30	02:19:48.746		0.85509			4
2025.06.30	02:19:49.178	0.85507	0.85510			6
2025.06.30	02:19:49.484	0.85508				2
2025.06.30	02:19:49.885	0.85507	0.85509			6
2025.06.30	02:19:56.685	0.85508				2
2025.06.30	02:19:58.352	0.85511	0.85512			6
2025.06.30	02:19:58.779	0.85512	0.85513			6
2025.06.30	02:20:00.352	0.85512				2
2025.06.30	02:20:02.453	0.85511	0.85512			6
2025.06.30	02:20:08.906	0.85512	0.85513			6
2025.06.30	02:20:23.087	0.85511	0.85512			6
2025.06.30	02:20:27.957	0.85510	0.85511			6
2025.06.30	02:20:32.102	0.85511	0.85512			6
2025.06.30	02:20:33.579		0.85514			4
2025.06.30	02:20:33.879	0.85512	0.85513			6
2025.06.30	02:21:00.326	0.85512				2
2025.06.30	02:21:03.015	0.85514	0.85515			6
2025.06.30	02:21:03.347	0.85513	0.85514			6
2025.06.30	02:21:11.899	0.85511	0.85513			6
2025.06.30	02:21:13.359	0.85512				2
2025.06.30	02:21:13.666		0.85514			4
2025.06.30	02:21:17.420	0.85510	0.85512			6
2025.06.30	02:21:18.224	0.85512	0.85513			6
2025.06.30	02:21:30.385	0.85511				2
2025.06.30	02:21:34.383	0.85512	0.85514			6
2025.06.30	02:21:36.747		0.85513			4
2025.06.30	02:21:38.737		0.85515			4
2025.06.30	02:21:39.561		0.85513			4
2025.06.30	02:21:41.647		0.85515			4
2025.06.30	02:21:46.742		0.85513			4
2025.06.30	02:21:47.767		0.85515			4
2025.06.30	02:21:48.597		0.85513			4
2025.06.30	02:21:49.001		0.85514			4
2025.06.30	02:21:49.422		0.85515			4
2025.06.30	02:21:50.907	0.85513				2
2025.06.30	02:21:55.614	0.85515	0.85516			6
2025.06.30	02:21:56.599	0.85516	0.85517			6
2025.06.30	02:21:58.820	0.85517	0.85518			6
2025.06.30	02:21:59.146	0.85516	0.85517			6
2025.06.30	02:22:00.906	0.85516				2
2025.06.30	02:22:06.155	0.85517	0.85518			6
2025.06.30	02:22:06.498	0.85518	0.85519			6
2025.06.30	02:22:11.383	0.85517	0.85518			6
2025.06.30	02:22:11.761	0.85515				2
2025.06.30	02:22:12.071		0.85516			4
2025.06.30	02:22:20.870	0.85514	0.85515			6
2025.06.30	02:22:31.482	0.85513	0.85514			6
2025.06.30	02:22:31.803	0.85512				2
2025.06.30	02:22:32.765		0.85515			4
2025.06.30	02:22:33.079		0.85514			4
2025.06.30	02:22:34.526	0.85513				2
2025.06.30	02:22:37.089	0.85512	0.85513			6
2025.06.30	02:22:38.427	0.85511				2
2025.06.30	02:22:42.015		0.85512			4
2025.06.30	02:22:47.029	0.85512	0.85513			6
2025.06.30	02:22:56.374		0.85514			4
2025.06.30	02:23:00.505	0.85512				2
2025.06.30	02:23:02.611	0.85511	0.85512			6
2025.06.30	02:23:02.920	0.85510				2
2025.06.30	02:23:03.224	0.85509	0.85511			6
2025.06.30	02:23:09.720		0.85512			4
2025.06.30	02:23:10.166	0.85511				2
2025.06.30	02:23:11.644	0.85510				2
2025.06.30	02:23:13.202		0.85511			4
2025.06.30	02:23:13.506	0.85511	0.85512			6
2025.06.30	02:23:18.412	0.85508	0.85510			6
2025.06.30	02:23:19.167		0.85509			4
2025.06.30	02:23:20.414	0.85507				2
2025.06.30	02:23:20.807	0.85508				2
2025.06.30	02:23:24.908	0.85507				2
2025.06.30	02:23:27.765	0.85508				2
2025.06.30	02:23:34.598		0.85510			4
2025.06.30	02:23:34.898		0.85511			4
2025.06.30	02:23:36.345	0.85507	0.85509			6
2025.06.30	02:23:36.713		0.85510			4
2025.06.30	02:23:39.849	0.85505	0.85507			6
2025.06.30	02:23:40.156		0.85506			4
2025.06.30	02:23:40.481		0.85507			4
2025.06.30	02:23:40.789	0.85506	0.85509			6
2025.06.30	02:23:44.985	0.85505	0.85507			6
2025.06.30	02:23:45.474		0.85508			4
2025.06.30	02:23:45.795		0.85507			4
2025.06.30	02:23:50.472		0.85508			4
2025.06.30	02:23:50.781	0.85507	0.85510			6
2025.06.30	02:23:51.927	0.85508	0.85511			6
2025.06.30	02:23:52.231	0.85510				2
2025.06.30	02:23:57.481	0.85511	0.85512			6
2025.06.30	02:23:58.308	0.85510	0.85511			6
2025.06.30	02:24:00.050	0.85510				2
2025.06.30	02:24:09.433	0.85508				2
2025.06.30	02:24:12.299	0.85510	0.85512			6
2025.06.30	02:24:12.834		0.85513			4
2025.06.30	02:24:17.525		0.85512			4
2025.06.30	02:24:17.866	0.85511	0.85513			6
2025.06.30	02:24:22.825	0.85510	0.85512			6
2025.06.30	02:24:23.145	0.85509				2
2025.06.30	02:24:23.606		0.85511			4
2025.06.30	02:25:00.003	0.85509				2
2025.06.30	02:25:09.915		0.85510			4
2025.06.30	02:25:10.218		0.85511			4
2025.06.30	02:25:18.122	0.85508				2
2025.06.30	02:25:20.522		0.85510			4
2025.06.30	02:25:25.635	0.85509				2
2025.06.30	02:25:27.282	0.85508				2
2025.06.30	02:25:29.330		0.85509			4
2025.06.30	02:25:30.956	0.85509	0.85511			6
2025.06.30	02:25:37.802	0.85512	0.85514			6
2025.06.30	02:25:39.709	0.85514	0.85515			6
2025.06.30	02:25:43.042		0.85516			4
2025.06.30	02:25:45.928	0.85518	0.85519			6
2025.06.30	02:25:47.365	0.85517				2
2025.06.30	02:25:49.456	0.85514	0.85516			6
2025.06.30	02:25:56.728	0.85515				2
2025.06.30	02:26:00.302	0.85515				2
2025.06.30	02:26:00.955	0.85513	0.85515			6
2025.06.30	02:26:01.792	0.85515	0.85516			6
2025.06.30	02:26:04.876	0.85513	0.85515			6
2025.06.30	02:26:13.427		0.85514			4
2025.06.30	02:26:13.981	0.85516	0.85517			6
2025.06.30	02:26:27.126	0.85515	0.85516			6
2025.06.30	02:26:45.141		0.85517			4
2025.06.30	02:26:46.282	0.85516	0.85518			6
2025.06.30	02:26:46.911		0.85517			4
2025.06.30	02:26:49.295	0.85515	0.85516			6
2025.06.30	02:26:54.233	0.85516	0.85517			6
2025.06.30	02:26:55.639	0.85515	0.85516			6
2025.06.30	02:26:57.123	0.85516	0.85517			6
2025.06.30	02:26:59.479		0.85518			4
2025.06.30	02:27:00.482	0.85516				2
2025.06.30	02:27:02.651	0.85517	0.85519			6
2025.06.30	02:27:02.984		0.85518			4
2025.06.30	02:27:10.668	0.85518	0.85519			6
2025.06.30	02:27:11.017	0.85519	0.85520			6
2025.06.30	02:27:29.156	0.85518	0.85519			6
2025.06.30	02:27:34.929	0.85519	0.85520			6
2025.06.30	02:27:37.194	0.85517	0.85519			6
2025.06.30	02:27:40.611	0.85518				2
2025.06.30	02:27:41.449		0.85520			4
2025.06.30	02:27:43.088		0.85519			4
2025.06.30	02:27:43.851	0.85517				2
2025.06.30	02:27:45.329		0.85518			4
2025.06.30	02:28:00.582	0.85517	0.85519			6
2025.06.30	02:28:05.478	0.85519	0.85520			6
2025.06.30	02:28:11.210	0.85517	0.85518			6
2025.06.30	02:28:25.231	0.85516				2
2025.06.30	02:28:42.199	0.85517				2
2025.06.30	02:28:44.322	0.85515	0.85517			6
2025.06.30	02:28:44.815		0.85516			4
2025.06.30	02:28:56.376	0.85514				2
2025.06.30	02:29:00.308	0.85514				2
2025.06.30	02:29:07.285	0.85513	0.85515			6
2025.06.30	02:29:09.195		0.85516			4
2025.06.30	02:29:34.004	0.85512	0.85514			6
2025.06.30	02:29:34.315	0.85511				2
2025.06.30	02:29:36.401		0.85513			4
2025.06.30	02:29:37.470	0.85509	0.85512			6
2025.06.30	02:29:39.223	0.85508	0.85511			6
2025.06.30	02:29:39.971		0.85510			4
2025.06.30	02:29:47.218	0.85507	0.85509			6
2025.06.30	02:29:47.608		0.85508			4
2025.06.30	02:29:49.314	0.85506	0.85509			6
2025.06.30	02:29:50.471		0.85508			4
2025.06.30	02:29:55.726	0.85507	0.85509			6
2025.06.30	02:29:56.148	0.85509	0.85510			6
2025.06.30	02:30:00.379	0.85509				2
2025.06.30	02:30:01.344	0.85508	0.85509			6
2025.06.30	02:30:06.071	0.85506	0.85508			6
2025.06.30	02:30:12.119	0.85509	0.85510			6
2025.06.30	02:30:12.421	0.85506	0.85508			6
2025.06.30	02:30:16.718	0.85509	0.85510			6
2025.06.30	02:30:30.476	0.85504	0.85507			6
2025.06.30	02:30:40.754		0.85509			4
2025.06.30	02:30:41.177		0.85508			4
2025.06.30	02:30:51.762	0.85506				2
2025.06.30	02:30:53.775		0.85507			4
2025.06.30	02:30:56.194	0.85507	0.85508			6
2025.06.30	02:30:56.809	0.85506				2
2025.06.30	02:30:57.121	0.85508	0.85509			6
2025.06.30	02:30:58.354	0.85507	0.85508			6
2025.06.30	02:30:59.320	0.85506				2
2025.06.30	02:31:00.417	0.85506				2
2025.06.30	02:31:01.367	0.85507				2
2025.06.30	02:31:01.777	0.85505	0.85510			6
2025.06.30	02:31:02.581	0.85506				2
2025.06.30	02:31:04.228	0.85507	0.85511			6
2025.06.30	02:31:04.538		0.85510			4
2025.06.30	02:31:05.810	0.85510	0.85513			6
2025.06.30	02:31:06.455	0.85512	0.85514			6
2025.06.30	02:31:06.813		0.85513			4
2025.06.30	02:31:12.382	0.85509	0.85510			6
2025.06.30	02:31:12.798		0.85511			4
2025.06.30	02:31:13.262		0.85510			4
2025.06.30	02:31:17.653	0.85508				2
2025.06.30	02:31:18.078		0.85511			4
2025.06.30	02:31:22.715	0.85506	0.85507			6
2025.06.30	02:31:23.341	0.85504	0.85505			6
2025.06.30	02:31:26.376	0.85503				2
2025.06.30	02:31:28.418	0.85501	0.85502			6
2025.06.30	02:31:28.729	0.85499				2
2025.06.30	02:31:30.978	0.85500				2
2025.06.30	02:31:33.950	0.85498				2
2025.06.30	02:31:34.370	0.85501				2
2025.06.30	02:31:34.811		0.85504			4
2025.06.30	02:31:35.586	0.85504	0.85505			6
2025.06.30	02:31:36.331	0.85503	0.85504			6
2025.06.30	02:31:36.876	0.85502	0.85503			6
2025.06.30	02:31:39.316	0.85503	0.85504			6
2025.06.30	02:31:39.713	0.85501	0.85503			6
2025.06.30	02:31:40.346	0.85502				2
2025.06.30	02:31:41.782	0.85501				2
2025.06.30	02:31:46.695		0.85502			4
2025.06.30	02:31:48.320		0.85503			4
2025.06.30	02:31:48.898	0.85502	0.85504			6
2025.06.30	02:31:49.202	0.85504	0.85505			6
2025.06.30	02:31:51.029	0.85502	0.85503			6
2025.06.30	02:31:55.799	0.85501				2
2025.06.30	02:31:56.142	0.85500	0.85502			6
2025.06.30	02:32:01.373	0.85500				2
2025.06.30	02:32:04.024	0.85501	0.85504			6
2025.06.30	02:32:08.914	0.85500	0.85502			6
2025.06.30	02:32:09.236		0.85503			4
2025.06.30	02:32:14.888	0.85499	0.85502			6
2025.06.30	02:32:19.688		0.85503			4
2025.06.30	02:32:22.282	0.85501	0.85505			6
2025.06.30	02:32:22.982		0.85504			4
2025.06.30	02:32:24.374	0.85502				2
2025.06.30	02:32:25.222		0.85505			4
2025.06.30	02:32:28.036	0.85504				2
2025.06.30	02:32:28.433	0.85506	0.85507			6
2025.06.30	02:32:28.740	0.85505	0.85506			6
2025.06.30	02:32:31.376	0.85503	0.85505			6
2025.06.30	02:32:34.834		0.85504			4
2025.06.30	02:32:36.818	0.85502				2
2025.06.30	02:32:37.526	0.85501				2
2025.06.30	02:32:41.777		0.85503			4
2025.06.30	02:32:44.754	0.85504	0.85505			6
2025.06.30	02:32:45.360	0.85506	0.85507			6
2025.06.30	02:32:45.661	0.85504	0.85505			6
2025.06.30	02:33:00.291	0.85504				2
2025.06.30	02:33:01.649	0.85506	0.85507			6
2025.06.30	02:33:09.161	0.85507	0.85508			6
2025.06.30	02:33:10.936	0.85504	0.85506			6
2025.06.30	02:33:11.241		0.85507			4
2025.06.30	02:33:13.377		0.85506			4
2025.06.30	02:33:20.996		0.85507			4
2025.06.30	02:33:21.301		0.85506			4
2025.06.30	02:33:21.674	0.85502	0.85505			6
2025.06.30	02:33:21.984		0.85504			4
2025.06.30	02:33:32.077	0.85501				2
2025.06.30	02:33:37.258		0.85505			4
2025.06.30	02:33:39.459	0.85502				2
2025.06.30	02:33:54.598	0.85501	0.85503			6
2025.06.30	02:33:56.097		0.85504			4
2025.06.30	02:34:00.061	0.85501				2
2025.06.30	02:34:02.741		0.85505			4
2025.06.30	02:34:10.231	0.85499	0.85502			6
2025.06.30	02:34:12.475	0.85500	0.85503			6
2025.06.30	02:34:14.061	0.85499	0.85502			6
2025.06.30	02:34:22.513	0.85500				2
2025.06.30	02:34:25.518	0.85499				2
2025.06.30	02:34:43.670	0.85501	0.85503			6
2025.06.30	02:34:44.016	0.85504	0.85505			6
2025.06.30	02:34:44.322	0.85503	0.85504			6
2025.06.30	02:34:47.710	0.85502	0.85503			6
2025.06.30	02:34:48.102		0.85504			4
2025.06.30	02:35:00.263	0.85502				2
2025.06.30	02:35:01.354		0.85503			4
2025.06.30	02:35:09.663		0.85504			4
2025.06.30	02:35:10.374		0.85503			4
2025.06.30	02:35:14.796	0.85503	0.85505			6
2025.06.30	02:35:15.321	0.85504				2
2025.06.30	02:35:17.469	0.85501	0.85502			6
2025.06.30	02:35:17.807	0.85502	0.85503			6
2025.06.30	02:35:25.648		0.85504			4
2025.06.30	02:35:27.029		0.85505			4
2025.06.30	02:36:00.414	0.85502				2
2025.06.30	02:36:05.063	0.85501				2
2025.06.30	02:36:06.106		0.85504			4
2025.06.30	02:36:18.555	0.85502				2
2025.06.30	02:36:19.923		0.85503			4
2025.06.30	02:36:25.087	0.85500				2
2025.06.30	02:36:31.973		0.85502			4
2025.06.30	02:36:40.374	0.85499	0.85501			6
2025.06.30	02:36:41.122		0.85502			4
2025.06.30	02:36:46.378	0.85498	0.85500			6
2025.06.30	02:36:52.069	0.85496	0.85499			6
2025.06.30	02:36:53.498	0.85497	0.85500			6
2025.06.30	02:36:55.688		0.85501			4
2025.06.30	02:36:58.904	0.85500	0.85502			6
2025.06.30	02:37:00.041	0.85500				2
2025.06.30	02:37:01.086	0.85501				2
2025.06.30	02:37:05.328		0.85503			4
2025.06.30	02:37:08.082		0.85504			4
2025.06.30	02:37:09.168		0.85503			4
2025.06.30	02:37:10.391		0.85504			4
2025.06.30	02:37:12.936		0.85503			4
2025.06.30	02:37:13.241	0.85500	0.85502			6
2025.06.30	02:37:24.168		0.85503			4
2025.06.30	02:37:28.804	0.85499	0.85501			6
2025.06.30	02:37:33.327	0.85498	0.85500			6
2025.06.30	02:37:47.128	0.85497				2
2025.06.30	02:38:00.502	0.85497				2
2025.06.30	02:38:11.203		0.85499			4
2025.06.30	02:38:12.124		0.85500			4
2025.06.30	02:38:15.859	0.85496	0.85498			6
2025.06.30	02:38:20.907	0.85497	0.85500			6
2025.06.30	02:38:32.357	0.85496				2
2025.06.30	02:38:34.360	0.85498	0.85501			6
2025.06.30	02:38:35.100	0.85499				2
2025.06.30	02:38:36.374		0.85502			4
2025.06.30	02:38:50.909	0.85497	0.85498			6
2025.06.30	02:38:51.219	0.85496				2
2025.06.30	02:38:51.635	0.85497	0.85500			6
2025.06.30	02:38:53.731	0.85498	0.85501			6
2025.06.30	02:39:00.379	0.85498				2
2025.06.30	02:39:01.398	0.85499	0.85502			6
2025.06.30	02:39:41.159	0.85500				2
2025.06.30	02:39:44.023	0.85499				2
2025.06.30	02:39:49.065		0.85501			4
2025.06.30	02:39:50.709		0.85502			4
2025.06.30	02:39:56.622	0.85500				2
2025.06.30	02:40:00.505	0.85500				2
2025.06.30	02:40:14.681	0.85499				2
2025.06.30	02:40:32.869	0.85500				2
2025.06.30	02:40:51.021		0.85502			4
2025.06.30	02:40:52.160		0.85501			4
2025.06.30	02:40:52.481	0.85499	0.85502			6
2025.06.30	02:40:56.818	0.85497	0.85500			6
2025.06.30	02:40:57.539		0.85499			4
2025.06.30	02:40:58.547		0.85500			4
2025.06.30	02:41:00.965	0.85497				2
2025.06.30	02:41:03.343	0.85498				2
2025.06.30	02:41:04.357		0.85501			4
2025.06.30	02:41:33.267		0.85500			4
2025.06.30	02:41:36.160	0.85497				2
2025.06.30	02:41:59.056	0.85499	0.85502			6
2025.06.30	02:42:00.811	0.85499				2
2025.06.30	02:42:01.573	0.85500				2
2025.06.30	02:42:09.843	0.85501	0.85503			6
2025.06.30	02:42:11.886	0.85499	0.85502			6
2025.06.30	02:42:13.379		0.85501			4
2025.06.30	02:42:19.841		0.85502			4
2025.06.30	02:42:32.369		0.85501			4
2025.06.30	02:42:34.147		0.85502			4
2025.06.30	02:42:35.700	0.85498	0.85501			6
2025.06.30	02:42:37.849	0.85499	0.85502			6
2025.06.30	02:42:48.525	0.85498	0.85501			6
2025.06.30	02:42:51.803		0.85500			4
2025.06.30	02:42:54.022	0.85495	0.85497			6
2025.06.30	02:42:58.555	0.85494				2
2025.06.30	02:43:00.402	0.85494				2
2025.06.30	02:43:01.088	0.85496				2
2025.06.30	02:43:01.435	0.85497	0.85500			6
2025.06.30	02:43:08.782	0.85498				2
2025.06.30	02:43:16.316		0.85501			4
2025.06.30	02:43:16.620	0.85497	0.85499			6
2025.06.30	02:43:16.967	0.85496				2
2025.06.30	02:43:31.588	0.85497				2
2025.06.30	02:43:31.892	0.85496	0.85500			6
2025.06.30	02:43:32.203		0.85499			4
2025.06.30	02:44:00.171	0.85495				2
2025.06.30	02:44:00.472		0.85498			4
2025.06.30	02:44:00.974	0.85494				2
2025.06.30	02:44:03.988		0.85497			4
