<DATE>	<TIME>	<BID>	<ASK>	<LAST>	<VOLUME>	<FLAGS>
2025.07.29	00:03:31.114	0.86666	0.86845			6
2025.07.29	00:04:10.335	0.86666				2
2025.07.29	00:04:18.111	0.86671	0.86841			6
2025.07.29	00:04:19.181		0.86847			4
2025.07.29	00:04:43.148		0.86841			4
2025.07.29	00:04:50.278		0.86847			4
2025.07.29	00:05:01.300	0.86679	0.86845			6
2025.07.29	00:05:08.795	0.86690				2
2025.07.29	00:05:11.106	0.86691				2
2025.07.29	00:05:15.635	0.86692				2
2025.07.29	00:05:20.237	0.86691				2
2025.07.29	00:05:24.354	0.86682				2
2025.07.29	00:05:26.096	0.86681				2
2025.07.29	00:05:31.040	0.86683				2
2025.07.29	00:05:32.353	0.86681				2
2025.07.29	00:05:34.355	0.86686				2
2025.07.29	00:05:34.836	0.86685				2
2025.07.29	00:05:36.101	0.86684				2
2025.07.29	00:05:39.850	0.86685				2
2025.07.29	00:05:40.359	0.86686				2
2025.07.29	00:05:40.963	0.86685				2
2025.07.29	00:05:42.355	0.86687				2
2025.07.29	00:05:45.002	0.86688				2
2025.07.29	00:05:46.436	0.86687				2
2025.07.29	00:05:59.375	0.86688				2
2025.07.29	00:06:01.844	0.86688	0.86845			6
2025.07.29	00:06:03.510	0.86692				2
2025.07.29	00:06:10.356	0.86693				2
2025.07.29	00:06:22.329		0.86836			4
2025.07.29	00:06:58.359	0.86694				2
2025.07.29	00:07:00.334	0.86694	0.86837			6
2025.07.29	00:07:06.547	0.86690				2
2025.07.29	00:07:08.356	0.86691				2
2025.07.29	00:07:12.727	0.86692				2
2025.07.29	00:07:28.440	0.86691				2
2025.07.29	00:07:33.767	0.86705	0.86826			6
2025.07.29	00:07:39.137	0.86690	0.86837			6
2025.07.29	00:07:40.423	0.86699	0.86825			6
2025.07.29	00:07:42.186	0.86694				2
2025.07.29	00:07:44.368	0.86696				2
2025.07.29	00:07:51.711	0.86695				2
2025.07.29	00:07:52.353	0.86698				2
2025.07.29	00:07:52.710	0.86695				2
2025.07.29	00:07:55.162	0.86696				2
2025.07.29	00:07:56.947	0.86692				2
2025.07.29	00:08:01.344	0.86692				2
2025.07.29	00:08:11.471	0.86704				2
2025.07.29	00:08:11.973	0.86693				2
2025.07.29	00:08:18.362	0.86691				2
2025.07.29	00:08:20.368	0.86689				2
2025.07.29	00:08:21.592	0.86691				2
2025.07.29	00:08:22.095	0.86688				2
2025.07.29	00:08:25.809	0.86687				2
2025.07.29	00:08:28.279	0.86688				2
2025.07.29	00:08:30.344	0.86690				2
2025.07.29	00:08:31.141	0.86691				2
2025.07.29	00:08:34.295	0.86694				2
2025.07.29	00:08:38.354	0.86692				2
2025.07.29	00:08:42.297	0.86699	0.86814			6
2025.07.29	00:08:44.364	0.86695	0.86818			6
2025.07.29	00:08:45.886	0.86694	0.86817			6
2025.07.29	00:08:54.357	0.86696	0.86814			6
2025.07.29	00:08:56.279	0.86695	0.86813			6
2025.07.29	00:09:01.231	0.86688				2
2025.07.29	00:09:07.074		0.86814			4
2025.07.29	00:09:10.334	0.86689	0.86815			6
2025.07.29	00:09:14.252	0.86690	0.86801			6
2025.07.29	00:09:16.361	0.86686	0.86804			6
2025.07.29	00:09:26.353	0.86689	0.86802			6
2025.07.29	00:09:32.358	0.86690	0.86814			6
2025.07.29	00:09:34.356	0.86687	0.86817			6
2025.07.29	00:09:35.258		0.86814			4
2025.07.29	00:09:40.714		0.86843			4
2025.07.29	00:09:46.352	0.86689	0.86841			6
2025.07.29	00:09:51.854		0.86839			4
2025.07.29	00:09:58.722		0.86838			4
2025.07.29	00:10:00.327	0.86683	0.86791			6
2025.07.29	00:10:01.603	0.86718	0.86793			6
2025.07.29	00:10:07.197	0.86683	0.86791			6
2025.07.29	00:10:07.707		0.86790			4
2025.07.29	00:10:11.959	0.86740	0.86801			6
2025.07.29	00:10:14.706	0.86739	0.86799			6
2025.07.29	00:11:00.093	0.86739				2
2025.07.29	00:11:05.286	0.86751	0.86808			6
2025.07.29	00:11:06.191	0.86705	0.86800			6
2025.07.29	00:11:07.806	0.86708	0.86801			6
2025.07.29	00:11:12.567	0.86751	0.86808			6
2025.07.29	00:11:13.506	0.86708	0.86801			6
2025.07.29	00:11:19.711	0.86751	0.86808			6
2025.07.29	00:11:20.618	0.86685	0.86791			6
2025.07.29	00:11:21.780		0.86792			4
2025.07.29	00:11:26.444	0.86682				2
2025.07.29	00:11:26.984	0.86751	0.86808			6
2025.07.29	00:11:27.931	0.86682	0.86792			6
2025.07.29	00:11:34.142	0.86751	0.86808			6
2025.07.29	00:11:35.091	0.86682	0.86792			6
2025.07.29	00:11:38.490	0.86685				2
2025.07.29	00:12:00.744	0.86720	0.86796			6
2025.07.29	00:12:01.279	0.86721	0.86795			6
2025.07.29	00:12:01.748	0.86720				2
2025.07.29	00:12:02.226	0.86721	0.86794			6
2025.07.29	00:12:06.464	0.86719	0.86796			6
2025.07.29	00:12:06.989	0.86720				2
2025.07.29	00:12:07.465	0.86719				2
2025.07.29	00:12:09.387	0.86720				2
2025.07.29	00:12:12.351	0.86721	0.86794			6
2025.07.29	00:12:12.659	0.86720	0.86796			6
2025.07.29	00:12:13.390	0.86719				2
2025.07.29	00:12:47.220	0.86720				2
2025.07.29	00:12:49.980		0.86795			4
2025.07.29	00:12:58.331	0.86717	0.86798			6
2025.07.29	00:12:59.701	0.86712	0.86803			6
2025.07.29	00:13:00.782	0.86712				2
2025.07.29	00:13:04.836	0.86719	0.86796			6
2025.07.29	00:13:07.384	0.86718				2
2025.07.29	00:13:08.285	0.86719	0.86795			6
2025.07.29	00:13:13.663	0.86722	0.86839			6
2025.07.29	00:13:14.060		0.86832			4
2025.07.29	00:13:21.027		0.86840			4
2025.07.29	00:13:21.422		0.86836			4
2025.07.29	00:13:23.128		0.86841			4
2025.07.29	00:13:23.673		0.86836			4
2025.07.29	00:13:24.128		0.86835			4
2025.07.29	00:13:24.830		0.86841			4
2025.07.29	00:13:25.140		0.86835			4
2025.07.29	00:13:33.778		0.86836			4
2025.07.29	00:13:37.251		0.86834			4
2025.07.29	00:13:37.757		0.86841			4
2025.07.29	00:13:39.998	0.86720	0.86842			6
2025.07.29	00:13:40.502		0.86841			4
2025.07.29	00:13:40.817	0.86721				2
2025.07.29	00:13:41.857		0.86836			4
2025.07.29	00:13:42.543		0.86832			4
2025.07.29	00:13:43.381	0.86722				2
2025.07.29	00:13:48.872		0.86836			4
2025.07.29	00:13:51.843		0.86841			4
2025.07.29	00:13:52.161		0.86836			4
2025.07.29	00:13:56.034		0.86841			4
2025.07.29	00:13:56.344		0.86836			4
2025.07.29	00:13:56.675		0.86841			4
2025.07.29	00:14:00.131	0.86722				2
2025.07.29	00:14:02.298	0.86724	0.86838			6
2025.07.29	00:14:06.535	0.86723	0.86840			6
2025.07.29	00:14:08.351	0.86724	0.86838			6
2025.07.29	00:14:16.384		0.86832			4
2025.07.29	00:14:22.370		0.86838			4
2025.07.29	00:14:30.186		0.86832			4
2025.07.29	00:14:30.500		0.86838			4
2025.07.29	00:14:37.609	0.86725	0.86839			6
2025.07.29	00:14:37.918		0.86841			4
2025.07.29	00:14:38.355		0.86842			4
2025.07.29	00:14:42.728		0.86832			4
2025.07.29	00:14:48.779		0.86842			4
2025.07.29	00:14:59.337		0.86834			4
2025.07.29	00:15:00.333	0.86724				2
2025.07.29	00:15:00.640	0.86727				2
2025.07.29	00:15:00.983	0.86728				2
2025.07.29	00:15:01.285	0.86727				2
2025.07.29	00:15:01.588	0.86726				2
2025.07.29	00:15:02.470	0.86729	0.86838			6
2025.07.29	00:15:02.779	0.86731	0.86836			6
2025.07.29	00:15:03.086	0.86732	0.86835			6
2025.07.29	00:15:03.394	0.86731	0.86836			6
2025.07.29	00:15:03.985	0.86733	0.86834			6
2025.07.29	00:15:04.298	0.86731	0.86835			6
2025.07.29	00:15:06.480		0.86836			4
2025.07.29	00:15:07.980	0.86732	0.86833			6
2025.07.29	00:15:08.283	0.86731	0.86836			6
2025.07.29	00:15:08.640		0.86832			4
2025.07.29	00:15:08.957	0.86732				2
2025.07.29	00:15:09.268	0.86731				2
2025.07.29	00:15:09.643	0.86730				2
2025.07.29	00:15:10.141	0.86732				2
2025.07.29	00:17:02.676	0.86734	0.86819			6
2025.07.29	00:17:03.356	0.86735	0.86828			6
2025.07.29	00:17:04.082	0.86734				2
2025.07.29	00:17:14.706	0.86737				2
2025.07.29	00:17:18.208	0.86735				2
2025.07.29	00:17:24.155	0.86734				2
2025.07.29	00:17:27.390	0.86733				2
2025.07.29	00:17:56.849	0.86732	0.86824			6
2025.07.29	00:17:58.379	0.86733				2
2025.07.29	00:18:00.022	0.86733				2
2025.07.29	00:18:03.110	0.86732				2
2025.07.29	00:18:04.902	0.86733				2
2025.07.29	00:18:36.597	0.86734				2
2025.07.29	00:18:57.470		0.86824			4
2025.07.29	00:19:00.232	0.86734				2
2025.07.29	00:19:35.094	0.86735	0.86825			6
2025.07.29	00:19:47.577	0.86736				2
2025.07.29	00:20:00.508	0.86736				2
2025.07.29	00:20:06.058	0.86725	0.86805			6
2025.07.29	00:20:08.370	0.86724				2
2025.07.29	00:20:16.388	0.86723	0.86806			6
2025.07.29	00:20:18.176	0.86724	0.86805			6
2025.07.29	00:20:21.159	0.86723	0.86806			6
2025.07.29	00:20:29.262	0.86725	0.86805			6
2025.07.29	00:20:31.226	0.86724	0.86806			6
2025.07.29	00:20:52.086	0.86725	0.86805			6
2025.07.29	00:20:56.446	0.86724	0.86806			6
2025.07.29	00:21:00.198	0.86724				2
2025.07.29	00:21:06.135	0.86723				2
2025.07.29	00:21:16.228	0.86721	0.86815			6
2025.07.29	00:21:23.474	0.86722				2
2025.07.29	00:21:29.877		0.86816			4
2025.07.29	00:21:38.993	0.86746	0.86835			6
2025.07.29	00:22:01.429	0.86745				2
2025.07.29	00:22:03.399	0.86747				2
2025.07.29	00:22:11.273	0.86746				2
2025.07.29	00:22:14.881	0.86747				2
2025.07.29	00:22:39.491		0.86835			4
2025.07.29	00:22:41.763	0.86746				2
2025.07.29	00:22:48.444	0.86747				2
2025.07.29	00:22:53.283	0.86748				2
2025.07.29	00:22:55.668	0.86747				2
2025.07.29	00:23:00.895	0.86747				2
2025.07.29	00:23:20.332		0.86830			4
2025.07.29	00:23:44.266	0.86746	0.86823			6
2025.07.29	00:23:52.382		0.86822			4
2025.07.29	00:23:53.230		0.86823			4
2025.07.29	00:23:58.383		0.86822			4
2025.07.29	00:24:01.816	0.86746				2
2025.07.29	00:24:06.119	0.86747	0.86825			6
2025.07.29	00:24:10.980	0.86748	0.86824			6
2025.07.29	00:24:27.389	0.86745	0.86827			6
2025.07.29	00:24:34.142	0.86746	0.86826			6
2025.07.29	00:24:51.061	0.86747	0.86831			6
2025.07.29	00:24:53.929	0.86750				2
2025.07.29	00:24:55.807	0.86751				2
2025.07.29	00:25:00.307	0.86751				2
2025.07.29	00:25:02.927	0.86752				2
2025.07.29	00:25:08.947	0.86753				2
2025.07.29	00:25:15.593	0.86752				2
2025.07.29	00:25:20.121	0.86753	0.86829			6
2025.07.29	00:25:34.525		0.86828			4
2025.07.29	00:25:36.863	0.86754	0.86832			6
2025.07.29	00:25:54.154	0.86755				2
2025.07.29	00:26:00.224	0.86756	0.86833			6
2025.07.29	00:26:05.485	0.86757	0.86830			6
2025.07.29	00:26:31.152	0.86756				2
2025.07.29	00:26:31.540		0.86831			4
2025.07.29	00:26:41.225	0.86757	0.86830			6
2025.07.29	00:26:46.231		0.86829			4
2025.07.29	00:26:50.462	0.86760	0.86826			6
2025.07.29	00:26:53.680	0.86761				2
2025.07.29	00:27:11.842	0.86761				2
2025.07.29	00:27:28.377	0.86759				2
2025.07.29	00:27:28.883	0.86758				2
2025.07.29	00:27:30.399	0.86759				2
2025.07.29	00:27:35.527	0.86736	0.86821			6
2025.07.29	00:27:40.594		0.86818			4
2025.07.29	00:27:57.205		0.86817			4
2025.07.29	00:28:03.380	0.86736	0.86816			6
2025.07.29	00:28:10.372		0.86817			4
2025.07.29	00:28:11.161	0.86729				2
2025.07.29	00:28:16.678		0.86818			4
2025.07.29	00:28:30.612		0.86817			4
2025.07.29	00:28:33.215		0.86818			4
2025.07.29	00:28:45.928		0.86817			4
2025.07.29	00:29:00.373	0.86729	0.86818			6
2025.07.29	00:29:06.158	0.86736				2
2025.07.29	00:29:27.444		0.86820			4
2025.07.29	00:29:28.327		0.86818			4
2025.07.29	00:30:00.315	0.86724	0.86816			6
2025.07.29	00:30:23.851		0.86815			4
2025.07.29	00:30:34.406	0.86722	0.86818			6
2025.07.29	00:30:35.511		0.86817			4
2025.07.29	00:30:36.564	0.86724				2
2025.07.29	00:30:41.318	0.86722	0.86816			6
2025.07.29	00:30:51.175		0.86815			4
2025.07.29	00:31:00.330	0.86722				2
2025.07.29	00:31:11.178		0.86816			4
2025.07.29	00:31:15.628	0.86728	0.86817			6
2025.07.29	00:31:19.388		0.86816			4
2025.07.29	00:32:01.223	0.86728				2
2025.07.29	00:32:22.839		0.86816			4
2025.07.29	00:32:36.898	0.86729	0.86815			6
2025.07.29	00:32:40.374	0.86728	0.86816			6
2025.07.29	00:32:51.371	0.86729	0.86815			6
2025.07.29	00:33:00.437	0.86729				2
2025.07.29	00:33:03.806	0.86725	0.86814			6
2025.07.29	00:33:28.379	0.86718	0.86813			6
2025.07.29	00:33:41.771		0.86812			4
2025.07.29	00:34:00.651	0.86718				2
2025.07.29	00:34:07.000		0.86811			4
2025.07.29	00:34:10.374		0.86812			4
2025.07.29	00:34:31.031		0.86811			4
2025.07.29	00:34:36.494		0.86812			4
2025.07.29	00:34:42.303		0.86813			4
2025.07.29	00:35:00.651	0.86718				2
2025.07.29	00:35:01.843		0.86814			4
2025.07.29	00:35:13.092		0.86813			4
2025.07.29	00:35:34.277		0.86814			4
2025.07.29	00:35:55.374		0.86813			4
2025.07.29	00:35:56.382		0.86814			4
2025.07.29	00:35:57.785	0.86713	0.86805			6
2025.07.29	00:35:58.348		0.86803			4
2025.07.29	00:35:58.855		0.86801			4
2025.07.29	00:35:59.645		0.86803			4
2025.07.29	00:36:00.284	0.86713				2
2025.07.29	00:36:01.859		0.86804			4
2025.07.29	00:36:03.412		0.86805			4
2025.07.29	00:36:04.258		0.86804			4
2025.07.29	00:36:04.824		0.86801			4
2025.07.29	00:36:05.507		0.86802			4
2025.07.29	00:36:05.891		0.86803			4
2025.07.29	00:36:06.494		0.86802			4
2025.07.29	00:36:06.826		0.86799			4
2025.07.29	00:36:09.930		0.86797			4
2025.07.29	00:36:11.652		0.86796			4
2025.07.29	00:36:14.485		0.86799			4
2025.07.29	00:36:18.445		0.86805			4
2025.07.29	00:36:26.079		0.86804			4
2025.07.29	00:36:26.385		0.86803			4
2025.07.29	00:36:27.827		0.86802			4
2025.07.29	00:36:28.699	0.86715	0.86801			6
2025.07.29	00:36:49.404	0.86714				2
2025.07.29	00:36:51.843	0.86713				2
2025.07.29	00:37:05.140	0.86713				2
2025.07.29	00:37:09.726		0.86803			4
2025.07.29	00:37:12.180		0.86802			4
2025.07.29	00:37:26.295		0.86801			4
2025.07.29	00:37:26.832		0.86802			4
2025.07.29	00:37:53.392		0.86799			4
2025.07.29	00:37:59.849		0.86802			4
2025.07.29	00:38:01.353	0.86713				2
2025.07.29	00:38:14.619		0.86803			4
2025.07.29	00:38:19.386		0.86804			4
2025.07.29	00:39:03.149	0.86713				2
2025.07.29	00:39:13.141		0.86805			4
2025.07.29	00:39:15.723	0.86719				2
2025.07.29	00:39:39.389		0.86803			4
2025.07.29	00:39:47.616	0.86714				2
2025.07.29	00:39:47.942		0.86805			4
2025.07.29	00:39:48.761	0.86715	0.86804			6
2025.07.29	00:39:49.658	0.86707	0.86800			6
2025.07.29	00:39:50.017	0.86704				2
2025.07.29	00:39:55.357	0.86703	0.86799			6
2025.07.29	00:40:01.294	0.86703				2
2025.07.29	00:40:04.670	0.86705				2
2025.07.29	00:40:09.777		0.86798			4
2025.07.29	00:40:10.493		0.86799			4
2025.07.29	00:40:12.543	0.86702	0.86792			6
2025.07.29	00:40:16.739	0.86711				2
2025.07.29	00:40:19.435	0.86710	0.86798			6
2025.07.29	00:40:23.007	0.86709	0.86804			6
2025.07.29	00:40:23.398		0.86806			4
2025.07.29	00:40:23.704	0.86716				2
2025.07.29	00:40:24.664		0.86807			4
2025.07.29	00:40:27.336		0.86802			4
2025.07.29	00:40:28.917		0.86801			4
2025.07.29	00:40:29.218	0.86715	0.86800			6
2025.07.29	00:40:29.526	0.86706	0.86797			6
2025.07.29	00:40:29.931	0.86704	0.86796			6
2025.07.29	00:40:30.232		0.86795			4
2025.07.29	00:40:31.364		0.86794			4
2025.07.29	00:40:32.145	0.86710	0.86795			6
2025.07.29	00:40:34.233		0.86804			4
2025.07.29	00:40:35.036		0.86805			4
2025.07.29	00:40:36.000	0.86716	0.86806			6
2025.07.29	00:40:36.661		0.86805			4
2025.07.29	00:40:37.720		0.86806			4
2025.07.29	00:40:38.879	0.86711	0.86804			6
2025.07.29	00:40:41.011		0.86806			4
2025.07.29	00:40:42.792		0.86805			4
2025.07.29	00:40:43.115	0.86705	0.86806			6
2025.07.29	00:40:47.945	0.86710				2
2025.07.29	00:40:50.015	0.86716	0.86804			6
2025.07.29	00:40:51.337	0.86718	0.86803			6
2025.07.29	00:40:53.665		0.86807			4
2025.07.29	00:40:56.386	0.86721				2
2025.07.29	00:41:00.425	0.86721				2
2025.07.29	00:41:01.556	0.86727				2
2025.07.29	00:41:09.812	0.86726	0.86804			6
2025.07.29	00:41:10.491	0.86725	0.86805			6
2025.07.29	00:41:11.437	0.86707				2
2025.07.29	00:41:12.672		0.86804			4
2025.07.29	00:41:12.988	0.86706	0.86805			6
2025.07.29	00:41:14.735	0.86729				2
2025.07.29	00:41:20.033		0.86806			4
2025.07.29	00:41:22.736	0.86707	0.86805			6
2025.07.29	00:41:23.182	0.86708				2
2025.07.29	00:41:27.275	0.86706	0.86801			6
2025.07.29	00:41:27.637	0.86723				2
2025.07.29	00:41:50.306	0.86724	0.86804			6
2025.07.29	00:41:54.456	0.86726				2
2025.07.29	00:42:00.331	0.86726				2
2025.07.29	00:42:03.676	0.86728				2
2025.07.29	00:42:06.357	0.86727				2
2025.07.29	00:42:13.135	0.86728	0.86805			6
2025.07.29	00:42:15.985		0.86806			4
2025.07.29	00:42:21.146	0.86730				2
2025.07.29	00:42:26.368	0.86732				2
2025.07.29	00:42:28.219		0.86805			4
2025.07.29	00:42:36.925		0.86806			4
2025.07.29	00:42:37.692	0.86733				2
2025.07.29	00:42:38.026		0.86805			4
2025.07.29	00:42:41.985	0.86731				2
2025.07.29	00:42:43.157	0.86734				2
2025.07.29	00:42:51.151	0.86737				2
2025.07.29	00:42:51.506	0.86736	0.86804			6
2025.07.29	00:42:51.824	0.86733	0.86805			6
2025.07.29	00:42:52.136	0.86732				2
2025.07.29	00:43:00.378	0.86732				2
2025.07.29	00:43:01.765	0.86737				2
2025.07.29	00:43:04.357		0.86804			4
2025.07.29	00:43:05.497	0.86733				2
2025.07.29	00:43:09.463	0.86710				2
2025.07.29	00:43:09.832	0.86711				2
2025.07.29	00:43:10.332	0.86710				2
2025.07.29	00:43:10.813	0.86709	0.86803			6
2025.07.29	00:43:11.148	0.86736				2
2025.07.29	00:43:11.579		0.86805			4
2025.07.29	00:43:16.660	0.86737				2
2025.07.29	00:43:17.729		0.86804			4
2025.07.29	00:43:18.770	0.86736				2
2025.07.29	00:43:20.253		0.86805			4
2025.07.29	00:43:24.501	0.86710				2
2025.07.29	00:43:25.304	0.86736				2
2025.07.29	00:43:29.305	0.86732				2
2025.07.29	00:43:35.167	0.86731	0.86803			6
2025.07.29	00:43:35.510	0.86726				2
2025.07.29	00:43:37.962	0.86736	0.86805			6
2025.07.29	00:43:58.386		0.86806			4
2025.07.29	00:44:01.147	0.86716				2
2025.07.29	00:44:11.156	0.86736				2
2025.07.29	00:44:11.523		0.86805			4
2025.07.29	00:44:41.156	0.86712				2
2025.07.29	00:44:48.390	0.86736				2
2025.07.29	00:45:00.847	0.86736	0.86806			6
2025.07.29	00:45:01.522	0.86712				2
2025.07.29	00:45:03.161	0.86713	0.86815			6
2025.07.29	00:45:04.070		0.86817			4
2025.07.29	00:45:05.887		0.86818			4
2025.07.29	00:45:06.793	0.86736	0.86805			6
2025.07.29	00:45:08.007	0.86715	0.86803			6
2025.07.29	00:45:11.098	0.86744	0.86790			6
2025.07.29	00:45:14.382		0.86787			4
2025.07.29	00:45:19.905	0.86742	0.86789			6
2025.07.29	00:45:20.406	0.86737				2
2025.07.29	00:45:25.379		0.86788			4
2025.07.29	00:45:26.398		0.86789			4
2025.07.29	00:45:32.261		0.86790			4
2025.07.29	00:45:41.151	0.86718	0.86788			6
2025.07.29	00:45:50.751	0.86733	0.86789			6
2025.07.29	00:45:56.232	0.86735	0.86788			6
2025.07.29	00:46:00.356	0.86735				2
2025.07.29	00:46:11.158	0.86720				2
2025.07.29	00:46:20.839		0.86787			4
2025.07.29	00:46:21.148	0.86737				2
2025.07.29	00:46:21.472		0.86788			4
2025.07.29	00:46:27.431	0.86735	0.86789			6
2025.07.29	00:46:40.984	0.86719				2
2025.07.29	00:46:41.431	0.86721	0.86790			6
2025.07.29	00:46:51.154	0.86736	0.86791			6
2025.07.29	00:46:59.387		0.86788			4
2025.07.29	00:47:02.703	0.86736				2
2025.07.29	00:47:03.157	0.86755	0.86798			6
2025.07.29	00:47:05.299	0.86727				2
2025.07.29	00:47:05.601		0.86801			4
2025.07.29	00:47:06.509	0.86741	0.86791			6
2025.07.29	00:47:13.137	0.86725				2
2025.07.29	00:47:16.836	0.86741				2
2025.07.29	00:47:24.465	0.86724				2
2025.07.29	00:47:25.699	0.86741				2
2025.07.29	00:47:31.741	0.86724				2
2025.07.29	00:47:32.257	0.86723				2
2025.07.29	00:47:35.251	0.86741				2
2025.07.29	00:47:36.781		0.86792			4
2025.07.29	00:47:41.274	0.86723	0.86791			6
2025.07.29	00:47:48.987	0.86741	0.86792			6
2025.07.29	00:47:51.155	0.86726				2
2025.07.29	00:47:56.229	0.86728				2
2025.07.29	00:48:00.842	0.86728				2
2025.07.29	00:48:01.170	0.86741				2
2025.07.29	00:48:32.282		0.86793			4
2025.07.29	00:48:41.155	0.86728	0.86792			6
2025.07.29	00:48:45.165	0.86723	0.86788			6
2025.07.29	00:48:45.476		0.86787			4
2025.07.29	00:48:46.341	0.86724				2
2025.07.29	00:48:47.687	0.86720				2
2025.07.29	00:48:55.379		0.86786			4
2025.07.29	00:49:04.179	0.86720	0.86787			6
2025.07.29	00:49:07.685	0.86726	0.86790			6
2025.07.29	00:49:09.040	0.86725				2
2025.07.29	00:49:19.104		0.86788			4
2025.07.29	00:49:23.469	0.86722	0.86789			6
2025.07.29	00:49:24.164	0.86723	0.86785			6
2025.07.29	00:49:29.213		0.86782			4
2025.07.29	00:49:29.746	0.86720				2
2025.07.29	00:49:31.083	0.86721	0.86775			6
2025.07.29	00:49:45.624	0.86717				2
2025.07.29	00:49:56.501	0.86718	0.86772			6
2025.07.29	00:49:56.822	0.86720				2
2025.07.29	00:50:00.160	0.86720				2
2025.07.29	00:50:01.822		0.86769			4
2025.07.29	00:50:02.129	0.86727				2
2025.07.29	00:50:03.145	0.86710				2
2025.07.29	00:50:03.463	0.86727				2
2025.07.29	00:50:06.260	0.86710				2
2025.07.29	00:50:06.883	0.86727				2
2025.07.29	00:50:09.541	0.86722				2
2025.07.29	00:50:10.260	0.86723				2
2025.07.29	00:50:10.901	0.86710				2
2025.07.29	00:50:12.863	0.86719				2
2025.07.29	00:50:21.159	0.86718				2
2025.07.29	00:50:47.374	0.86711				2
2025.07.29	00:50:47.703	0.86710				2
2025.07.29	00:50:48.490	0.86707				2
2025.07.29	00:50:49.395	0.86711				2
2025.07.29	00:50:49.702	0.86713				2
2025.07.29	00:50:50.386	0.86712				2
2025.07.29	00:50:50.732	0.86713				2
2025.07.29	00:50:51.051	0.86709				2
2025.07.29	00:50:51.696	0.86707				2
2025.07.29	00:51:00.343	0.86707				2
2025.07.29	00:51:03.382		0.86769			4
2025.07.29	00:51:04.780		0.86772			4
2025.07.29	00:51:05.130	0.86716				2
2025.07.29	00:51:08.830		0.86775			4
2025.07.29	00:51:11.147	0.86726				2
2025.07.29	00:51:31.158	0.86716				2
2025.07.29	00:51:36.909	0.86717	0.86784			6
2025.07.29	00:51:44.281		0.86785			4
2025.07.29	00:51:48.224	0.86718				2
2025.07.29	00:51:51.155	0.86732				2
2025.07.29	00:52:00.333	0.86732				2
2025.07.29	00:52:00.994		0.86784			4
2025.07.29	00:52:01.734	0.86730	0.86781			6
2025.07.29	00:52:11.151	0.86717				2
2025.07.29	00:52:21.152	0.86730				2
2025.07.29	00:52:21.842	0.86731				2
2025.07.29	00:52:23.308		0.86782			4
2025.07.29	00:52:31.151	0.86717				2
2025.07.29	00:52:36.917	0.86718	0.86785			6
2025.07.29	00:52:41.154	0.86729				2
2025.07.29	00:52:41.671		0.86786			4
2025.07.29	00:52:43.437	0.86719	0.86785			6
2025.07.29	00:52:44.386		0.86782			4
2025.07.29	00:52:47.052		0.86783			4
2025.07.29	00:52:50.653		0.86785			4
2025.07.29	00:52:54.109	0.86730				2
2025.07.29	00:52:55.820	0.86718				2
2025.07.29	00:52:59.724	0.86719				2
2025.07.29	00:53:00.145	0.86719				2
2025.07.29	00:53:03.353		0.86784			4
2025.07.29	00:53:06.363	0.86720				2
2025.07.29	00:53:11.929	0.86732	0.86785			6
2025.07.29	00:53:14.520	0.86738				2
2025.07.29	00:53:15.255	0.86739				2
2025.07.29	00:53:20.283		0.86784			4
2025.07.29	00:53:21.017	0.86716	0.86783			6
2025.07.29	00:53:21.337	0.86717				2
2025.07.29	00:53:21.966	0.86719	0.86782			6
2025.07.29	00:53:22.274	0.86720				2
2025.07.29	00:53:23.986	0.86721				2
2025.07.29	00:53:26.567		0.86783			4
2025.07.29	00:53:30.360		0.86782			4
2025.07.29	00:53:32.751		0.86783			4
2025.07.29	00:53:40.216	0.86722	0.86785			6
2025.07.29	00:53:47.207	0.86721				2
2025.07.29	00:53:52.080		0.86784			4
2025.07.29	00:53:58.931		0.86785			4
2025.07.29	00:54:00.357	0.86721				2
2025.07.29	00:54:06.636		0.86784			4
2025.07.29	00:54:19.385		0.86783			4
2025.07.29	00:54:20.510	0.86720				2
2025.07.29	00:54:23.252	0.86721				2
2025.07.29	00:54:24.003		0.86784			4
2025.07.29	00:54:27.942		0.86782			4
2025.07.29	00:54:28.719		0.86781			4
2025.07.29	00:54:30.337	0.86719	0.86780			6
2025.07.29	00:54:31.162	0.86721				2
2025.07.29	00:54:33.469		0.86778			4
2025.07.29	00:54:34.700		0.86780			4
2025.07.29	00:54:38.657	0.86722				2
2025.07.29	00:54:48.469		0.86779			4
2025.07.29	00:54:58.929	0.86720	0.86777			6
2025.07.29	00:54:59.410	0.86716	0.86778			6
2025.07.29	00:55:00.360	0.86716				2
2025.07.29	00:55:05.214		0.86779			4
2025.07.29	00:55:14.600	0.86718				2
2025.07.29	00:55:16.887		0.86778			4
2025.07.29	00:55:19.073	0.86719				2
2025.07.29	00:55:20.306		0.86779			4
2025.07.29	00:55:21.061	0.86717				2
2025.07.29	00:55:31.056	0.86701	0.86774			6
2025.07.29	00:55:32.354	0.86704	0.86773			6
2025.07.29	00:55:34.833	0.86711	0.86774			6
2025.07.29	00:55:35.214		0.86776			4
2025.07.29	00:55:35.717	0.86710				2
2025.07.29	00:55:36.130	0.86711				2
2025.07.29	00:55:36.699		0.86775			4
2025.07.29	00:55:37.217	0.86710				2
2025.07.29	00:55:37.714	0.86711				2
2025.07.29	00:55:39.230	0.86710				2
2025.07.29	00:55:39.715	0.86701				2
2025.07.29	00:55:40.714	0.86711				2
2025.07.29	00:55:41.230	0.86701				2
2025.07.29	00:55:42.307	0.86714				2
2025.07.29	00:55:42.626	0.86713	0.86776			6
2025.07.29	00:55:43.140		0.86775			4
2025.07.29	00:55:44.214	0.86701	0.86776			6
2025.07.29	00:55:45.399	0.86713				2
2025.07.29	00:55:45.855		0.86775			4
2025.07.29	00:55:46.903	0.86701				2
2025.07.29	00:55:52.700	0.86698				2
2025.07.29	00:55:56.106		0.86776			4
2025.07.29	00:55:58.837	0.86702				2
2025.07.29	00:55:59.456	0.86712				2
2025.07.29	00:55:59.849	0.86713	0.86777			6
2025.07.29	00:56:00.334	0.86708				2
2025.07.29	00:56:00.663	0.86701				2
2025.07.29	00:56:01.225	0.86708	0.86776			6
2025.07.29	00:56:02.002	0.86709				2
2025.07.29	00:56:05.915	0.86701				2
2025.07.29	00:56:09.136		0.86777			4
2025.07.29	00:56:11.178	0.86713	0.86778			6
2025.07.29	00:56:11.644	0.86712	0.86777			6
2025.07.29	00:56:12.168	0.86701				2
2025.07.29	00:56:13.102		0.86778			4
2025.07.29	00:56:14.175		0.86777			4
2025.07.29	00:56:14.661	0.86711	0.86778			6
2025.07.29	00:56:14.968	0.86712				2
2025.07.29	00:56:15.282	0.86713				2
2025.07.29	00:56:15.671	0.86711				2
2025.07.29	00:56:16.160	0.86709	0.86779			6
2025.07.29	00:56:16.577	0.86713				2
2025.07.29	00:56:17.662	0.86712				2
2025.07.29	00:56:19.023	0.86713				2
2025.07.29	00:56:20.367		0.86776			4
2025.07.29	00:56:21.974	0.86714	0.86777			6
2025.07.29	00:56:23.127	0.86715	0.86776			6
2025.07.29	00:56:25.693		0.86777			4
2025.07.29	00:56:26.053	0.86712				2
2025.07.29	00:56:26.485		0.86776			4
2025.07.29	00:56:27.043		0.86777			4
2025.07.29	00:56:27.424	0.86715				2
2025.07.29	00:56:29.107	0.86714	0.86778			6
2025.07.29	00:56:29.765	0.86720				2
2025.07.29	00:56:30.792	0.86722				2
2025.07.29	00:56:31.160	0.86725				2
2025.07.29	00:56:31.498		0.86777			4
2025.07.29	00:56:35.445	0.86724				2
2025.07.29	00:56:36.687	0.86727	0.86776			6
2025.07.29	00:56:36.988	0.86729	0.86777			6
2025.07.29	00:56:37.335		0.86778			4
2025.07.29	00:56:39.132		0.86779			4
2025.07.29	00:56:42.389	0.86714	0.86778			6
2025.07.29	00:56:54.337	0.86729				2
2025.07.29	00:57:05.962	0.86729				2
2025.07.29	00:57:14.491		0.86779			4
2025.07.29	00:57:15.772	0.86728				2
2025.07.29	00:57:21.080	0.86716				2
2025.07.29	00:57:24.335		0.86778			4
2025.07.29	00:58:01.846	0.86716				2
2025.07.29	00:58:13.474		0.86779			4
2025.07.29	00:58:17.684	0.86715				2
2025.07.29	00:58:31.154	0.86719				2
2025.07.29	00:58:31.515	0.86728	0.86782			6
2025.07.29	00:58:46.117	0.86730				2
2025.07.29	00:58:47.279	0.86720				2
2025.07.29	00:59:00.374	0.86720				2
2025.07.29	00:59:03.773	0.86723				2
2025.07.29	00:59:31.679		0.86782			4
2025.07.29	00:59:57.052		0.86783			4
2025.07.29	00:59:57.371	0.86722				2
2025.07.29	01:00:00.293	0.86696				2
2025.07.29	01:00:00.599		0.86781			4
2025.07.29	01:00:00.926		0.86777			4
2025.07.29	01:00:01.237	0.86713	0.86782			6
2025.07.29	01:00:01.538		0.86781			4
2025.07.29	01:00:01.863	0.86719	0.86784			6
2025.07.29	01:00:02.175	0.86718	0.86790			6
2025.07.29	01:00:02.478	0.86723				2
2025.07.29	01:00:02.801	0.86721	0.86795			6
2025.07.29	01:00:03.105	0.86725	0.86801			6
2025.07.29	01:00:03.420	0.86734	0.86798			6
2025.07.29	01:00:03.728	0.86731	0.86799			6
2025.07.29	01:00:04.337	0.86732	0.86802			6
2025.07.29	01:00:04.639	0.86713	0.86807			6
2025.07.29	01:00:04.945	0.86711	0.86808			6
2025.07.29	01:00:05.247	0.86737	0.86802			6
2025.07.29	01:00:05.856	0.86738	0.86803			6
2025.07.29	01:00:06.157	0.86715	0.86809			6
2025.07.29	01:00:06.460	0.86738	0.86799			6
2025.07.29	01:00:06.763		0.86798			4
2025.07.29	01:00:07.069	0.86744	0.86802			6
2025.07.29	01:00:07.379	0.86745	0.86800			6
2025.07.29	01:00:08.176	0.86744				2
2025.07.29	01:00:08.806	0.86745	0.86799			6
2025.07.29	01:00:09.177	0.86744	0.86793			6
2025.07.29	01:00:09.482		0.86802			4
2025.07.29	01:00:10.175		0.86804			4
2025.07.29	01:00:10.478	0.86746				2
2025.07.29	01:00:11.149	0.86750				2
2025.07.29	01:00:12.067	0.86746				2
2025.07.29	01:00:14.353	0.86751	0.86770			6
2025.07.29	01:00:14.659		0.86774			4
2025.07.29	01:00:14.967	0.86754	0.86780			6
2025.07.29	01:00:15.304	0.86755				2
2025.07.29	01:00:15.723	0.86752	0.86775			6
2025.07.29	01:00:17.406	0.86756				2
2025.07.29	01:00:17.962		0.86776			4
2025.07.29	01:00:18.278	0.86755	0.86774			6
2025.07.29	01:00:18.592	0.86751	0.86771			6
2025.07.29	01:00:19.913	0.86750				2
2025.07.29	01:00:21.709	0.86747	0.86769			6
2025.07.29	01:00:22.428	0.86748				2
2025.07.29	01:00:23.731	0.86750				2
2025.07.29	01:00:24.255	0.86749				2
2025.07.29	01:00:26.303	0.86750				2
2025.07.29	01:00:29.497	0.86752				2
2025.07.29	01:00:30.354	0.86753				2
2025.07.29	01:00:30.737	0.86754	0.86771			6
2025.07.29	01:00:31.080	0.86755	0.86775			6
2025.07.29	01:00:31.498	0.86754				2
2025.07.29	01:00:36.443	0.86755	0.86774			6
2025.07.29	01:00:36.807	0.86763	0.86782			6
2025.07.29	01:00:37.509	0.86762				2
2025.07.29	01:00:38.353	0.86761				2
2025.07.29	01:00:40.029	0.86757	0.86776			6
2025.07.29	01:00:40.349	0.86758	0.86779			6
2025.07.29	01:00:42.683	0.86756				2
2025.07.29	01:00:44.431	0.86754	0.86777			6
2025.07.29	01:00:47.030	0.86757	0.86774			6
2025.07.29	01:00:48.296	0.86758				2
2025.07.29	01:00:49.093		0.86776			4
2025.07.29	01:00:53.505	0.86762	0.86779			6
2025.07.29	01:00:53.817	0.86764				2
2025.07.29	01:00:54.127	0.86767	0.86782			6
2025.07.29	01:00:54.546		0.86784			4
2025.07.29	01:00:55.014		0.86786			4
2025.07.29	01:00:55.318	0.86764	0.86784			6
2025.07.29	01:00:56.111	0.86766	0.86782			6
2025.07.29	01:00:56.425	0.86762				2
2025.07.29	01:00:58.041	0.86758	0.86778			6
2025.07.29	01:00:58.406	0.86759				2
2025.07.29	01:00:58.708	0.86761	0.86781			6
2025.07.29	01:00:59.041	0.86760				2
2025.07.29	01:00:59.377	0.86759	0.86776			6
2025.07.29	01:01:00.026	0.86759	0.86771			6
2025.07.29	01:01:00.384	0.86760	0.86772			6
2025.07.29	01:01:00.699	0.86761	0.86774			6
2025.07.29	01:01:01.014	0.86762				2
2025.07.29	01:01:01.843	0.86760				2
2025.07.29	01:01:02.987	0.86762				2
2025.07.29	01:01:04.832	0.86763	0.86779			6
2025.07.29	01:01:05.254		0.86780			4
2025.07.29	01:01:06.411	0.86761				2
2025.07.29	01:01:09.102	0.86762				2
2025.07.29	01:01:09.780	0.86764	0.86783			6
2025.07.29	01:01:10.374	0.86760	0.86779			6
2025.07.29	01:01:11.383	0.86759	0.86778			6
2025.07.29	01:01:13.680	0.86760				2
2025.07.29	01:01:15.781	0.86762	0.86781			6
2025.07.29	01:01:30.085	0.86764				2
2025.07.29	01:01:31.504	0.86766	0.86784			6
2025.07.29	01:01:48.349		0.86783			4
2025.07.29	01:01:50.281		0.86781			4
2025.07.29	01:02:00.332	0.86767	0.86780			6
2025.07.29	01:02:22.081	0.86768	0.86782			6
2025.07.29	01:02:39.380		0.86783			4
2025.07.29	01:02:52.563		0.86782			4
2025.07.29	01:02:55.015	0.86769				2
2025.07.29	01:03:00.335	0.86765	0.86778			6
2025.07.29	01:03:39.640	0.86766				2
2025.07.29	01:03:56.329	0.86764	0.86776			6
2025.07.29	01:03:56.636		0.86775			4
2025.07.29	01:03:57.585	0.86765	0.86776			6
2025.07.29	01:03:58.332	0.86764	0.86777			6
2025.07.29	01:04:00.180	0.86764				2
2025.07.29	01:04:09.185		0.86776			4
2025.07.29	01:04:24.481		0.86775			4
2025.07.29	01:04:26.982	0.86765	0.86777			6
2025.07.29	01:04:27.363	0.86768	0.86779			6
2025.07.29	01:04:29.282	0.86769	0.86778			6
2025.07.29	01:04:29.910	0.86768				2
2025.07.29	01:04:30.751	0.86769				2
2025.07.29	01:04:34.981	0.86768	0.86779			6
2025.07.29	01:04:36.011	0.86769				2
2025.07.29	01:04:40.081		0.86778			4
2025.07.29	01:04:41.223	0.86771	0.86781			6
2025.07.29	01:04:46.320	0.86767	0.86778			6
2025.07.29	01:04:53.580		0.86779			4
2025.07.29	01:05:00.641	0.86770	0.86781			6
2025.07.29	01:05:03.639	0.86771	0.86783			6
2025.07.29	01:05:04.796	0.86774	0.86785			6
2025.07.29	01:05:06.653		0.86784			4
2025.07.29	01:05:10.275	0.86771	0.86783			6
2025.07.29	01:05:10.633		0.86782			4
2025.07.29	01:05:16.683		0.86781			4
2025.07.29	01:05:18.047	0.86769	0.86780			6
2025.07.29	01:05:19.488		0.86778			4
2025.07.29	01:05:21.497		0.86779			4
2025.07.29	01:05:22.503		0.86778			4
2025.07.29	01:05:35.596	0.86768				2
2025.07.29	01:05:39.396	0.86769	0.86776			6
2025.07.29	01:05:45.667	0.86773	0.86780			6
2025.07.29	01:05:47.303	0.86772	0.86781			6
2025.07.29	01:05:55.099	0.86774				2
2025.07.29	01:06:00.515	0.86774				2
2025.07.29	01:06:01.704	0.86775	0.86783			6
2025.07.29	01:06:02.019	0.86776	0.86784			6
2025.07.29	01:06:03.493	0.86775				2
2025.07.29	01:06:15.088	0.86776				2
2025.07.29	01:06:18.919	0.86777				2
2025.07.29	01:06:19.360	0.86778	0.86785			6
2025.07.29	01:06:20.293		0.86786			4
2025.07.29	01:06:20.898	0.86781	0.86789			6
2025.07.29	01:06:39.593	0.86780	0.86788			6
2025.07.29	01:06:48.900	0.86779	0.86787			6
2025.07.29	01:07:00.414	0.86779				2
2025.07.29	01:07:49.365		0.86787			4
2025.07.29	01:08:00.408	0.86779				2
2025.07.29	01:08:07.304	0.86780	0.86789			6
2025.07.29	01:08:12.303	0.86779	0.86790			6
2025.07.29	01:08:32.570	0.86781				2
2025.07.29	01:08:33.308	0.86782				2
2025.07.29	01:08:53.853	0.86783	0.86793			6
2025.07.29	01:08:56.279		0.86790			4
2025.07.29	01:08:56.582	0.86781	0.86789			6
2025.07.29	01:09:00.083	0.86781				2
2025.07.29	01:09:00.403	0.86783	0.86790			6
2025.07.29	01:09:04.303		0.86792			4
2025.07.29	01:09:06.483		0.86791			4
2025.07.29	01:09:11.366		0.86792			4
2025.07.29	01:09:15.484	0.86784				2
2025.07.29	01:09:21.309	0.86785				2
2025.07.29	01:09:24.549	0.86784				2
2025.07.29	01:09:26.893		0.86793			4
2025.07.29	01:09:32.580	0.86783				2
2025.07.29	01:09:35.760	0.86784	0.86792			6
2025.07.29	01:09:40.392	0.86785	0.86791			6
2025.07.29	01:09:40.765	0.86787	0.86792			6
2025.07.29	01:09:41.460	0.86786	0.86794			6
2025.07.29	01:09:51.483	0.86785	0.86793			6
2025.07.29	01:10:00.188	0.86785				2
2025.07.29	01:10:00.831	0.86784	0.86792			6
2025.07.29	01:10:10.304	0.86785	0.86793			6
2025.07.29	01:10:25.636	0.86784	0.86791			6
2025.07.29	01:10:27.792	0.86783	0.86790			6
2025.07.29	01:10:35.206		0.86789			4
2025.07.29	01:10:37.616		0.86790			4
2025.07.29	01:10:40.707	0.86782	0.86789			6
2025.07.29	01:10:49.158		0.86788			4
2025.07.29	01:10:49.665		0.86787			4
2025.07.29	01:10:50.817	0.86781				2
2025.07.29	01:10:54.972		0.86785			4
2025.07.29	01:10:56.302	0.86779				2
2025.07.29	01:10:57.482	0.86778				2
2025.07.29	01:10:58.759	0.86779				2
2025.07.29	01:11:00.416	0.86779	0.86790			6
2025.07.29	01:11:01.090	0.86781	0.86789			6
2025.07.29	01:11:16.305	0.86782				2
2025.07.29	01:11:21.178	0.86781				2
2025.07.29	01:11:24.798		0.86790			4
2025.07.29	01:11:29.931	0.86782				2
2025.07.29	01:11:30.763		0.86789			4
2025.07.29	01:11:34.113	0.86781				2
2025.07.29	01:11:51.252	0.86782	0.86790			6
2025.07.29	01:12:00.179	0.86781	0.86791			6
2025.07.29	01:12:01.311	0.86782				2
2025.07.29	01:12:04.349	0.86783				2
2025.07.29	01:12:21.373		0.86793			4
2025.07.29	01:12:21.781	0.86782	0.86794			6
2025.07.29	01:12:23.744	0.86783				2
2025.07.29	01:12:26.280	0.86782	0.86792			6
2025.07.29	01:12:28.380		0.86791			4
2025.07.29	01:12:28.993	0.86784				2
2025.07.29	01:12:32.318	0.86783	0.86793			6
2025.07.29	01:12:40.265	0.86784	0.86791			6
2025.07.29	01:12:43.231	0.86783	0.86789			6
2025.07.29	01:13:01.611	0.86783	0.86790			6
2025.07.29	01:13:13.533	0.86784	0.86791			6
2025.07.29	01:13:22.302	0.86782				2
2025.07.29	01:13:25.336	0.86783	0.86790			6
2025.07.29	01:13:36.108		0.86791			4
2025.07.29	01:14:00.816	0.86782	0.86789			6
2025.07.29	01:14:01.135		0.86788			4
2025.07.29	01:14:02.105		0.86787			4
2025.07.29	01:14:08.585		0.86788			4
2025.07.29	01:14:10.047	0.86781				2
2025.07.29	01:14:13.353		0.86787			4
2025.07.29	01:14:16.080		0.86788			4
2025.07.29	01:14:19.893	0.86782				2
2025.07.29	01:14:20.215		0.86789			4
2025.07.29	01:14:22.683		0.86788			4
2025.07.29	01:14:27.479		0.86789			4
2025.07.29	01:14:48.440	0.86781	0.86788			6
2025.07.29	01:14:50.364	0.86779	0.86787			6
2025.07.29	01:14:59.140	0.86778	0.86785			6
2025.07.29	01:15:00.359	0.86777	0.86783			6
2025.07.29	01:15:02.215	0.86770	0.86778			6
2025.07.29	01:15:03.151		0.86776			4
2025.07.29	01:15:09.496		0.86777			4
2025.07.29	01:15:15.308	0.86769	0.86776			6
2025.07.29	01:15:17.845	0.86768				2
2025.07.29	01:15:27.408	0.86769				2
2025.07.29	01:15:33.102		0.86775			4
2025.07.29	01:15:33.718	0.86768	0.86774			6
2025.07.29	01:15:39.096	0.86767				2
2025.07.29	01:15:51.366	0.86769	0.86776			6
2025.07.29	01:15:56.436	0.86770				2
2025.07.29	01:16:00.066	0.86770				2
2025.07.29	01:16:00.466		0.86777			4
2025.07.29	01:16:04.136	0.86771	0.86779			6
2025.07.29	01:16:04.439	0.86773	0.86781			6
2025.07.29	01:16:05.068	0.86776	0.86783			6
2025.07.29	01:16:15.185	0.86778	0.86784			6
2025.07.29	01:16:20.685	0.86776	0.86782			6
2025.07.29	01:16:24.474		0.86781			4
2025.07.29	01:16:51.843	0.86773	0.86780			6
2025.07.29	01:16:52.514	0.86772				2
2025.07.29	01:17:00.974	0.86772				2
2025.07.29	01:17:08.191	0.86774	0.86782			6
2025.07.29	01:17:08.556	0.86775				2
2025.07.29	01:17:38.264	0.86777				2
2025.07.29	01:17:38.717	0.86776	0.86783			6
2025.07.29	01:17:43.826	0.86777				2
2025.07.29	01:17:51.066	0.86778				2
2025.07.29	01:18:00.331	0.86778				2
2025.07.29	01:18:07.299	0.86781	0.86787			6
2025.07.29	01:18:07.663	0.86778	0.86784			6
2025.07.29	01:18:17.063	0.86777				2
2025.07.29	01:18:36.729	0.86776	0.86783			6
2025.07.29	01:18:37.085	0.86777	0.86784			6
2025.07.29	01:18:41.158	0.86776	0.86783			6
2025.07.29	01:18:44.684	0.86778				2
2025.07.29	01:18:51.407	0.86776				2
2025.07.29	01:18:51.792	0.86777				2
2025.07.29	01:18:52.112	0.86776				2
2025.07.29	01:18:52.502	0.86777				2
2025.07.29	01:18:53.205	0.86778				2
2025.07.29	01:18:53.527	0.86777				2
2025.07.29	01:18:53.918	0.86778				2
2025.07.29	01:19:00.697	0.86777				2
2025.07.29	01:19:01.009	0.86778				2
2025.07.29	01:19:13.930		0.86784			4
2025.07.29	01:19:20.479		0.86785			4
2025.07.29	01:19:39.249	0.86779				2
2025.07.29	01:19:44.323	0.86780	0.86787			6
2025.07.29	01:19:47.950	0.86781				2
2025.07.29	01:19:55.944	0.86779	0.86786			6
2025.07.29	01:19:57.074	0.86778	0.86785			6
2025.07.29	01:19:58.720	0.86783	0.86787			6
2025.07.29	01:19:59.250	0.86782				2
2025.07.29	01:20:00.311	0.86782				2
2025.07.29	01:20:01.003	0.86783				2
2025.07.29	01:20:07.565		0.86786			4
2025.07.29	01:20:13.158		0.86787			4
2025.07.29	01:20:16.633		0.86788			4
2025.07.29	01:20:16.941	0.86784	0.86789			6
2025.07.29	01:20:21.109	0.86783				2
2025.07.29	01:20:48.257	0.86782				2
2025.07.29	01:20:52.336	0.86781	0.86787			6
2025.07.29	01:20:52.650		0.86788			4
2025.07.29	01:20:53.311		0.86787			4
2025.07.29	01:20:54.859		0.86786			4
2025.07.29	01:20:57.076		0.86787			4
2025.07.29	01:20:59.946	0.86784	0.86791			6
2025.07.29	01:21:00.249	0.86784	0.86792			6
2025.07.29	01:21:00.576	0.86785				2
2025.07.29	01:21:03.023	0.86786				2
2025.07.29	01:21:10.203	0.86785				2
2025.07.29	01:21:10.548	0.86786				2
2025.07.29	01:21:17.880		0.86791			4
2025.07.29	01:21:18.424		0.86792			4
2025.07.29	01:21:18.963	0.86785	0.86793			6
2025.07.29	01:21:19.283	0.86786				2
2025.07.29	01:21:21.517		0.86792			4
2025.07.29	01:21:23.351		0.86793			4
2025.07.29	01:21:25.674		0.86792			4
2025.07.29	01:21:25.993	0.86787				2
2025.07.29	01:21:41.084	0.86783	0.86789			6
2025.07.29	01:21:42.274	0.86785	0.86791			6
2025.07.29	01:21:42.579	0.86786				2
2025.07.29	01:21:42.880	0.86785				2
2025.07.29	01:21:49.720	0.86784				2
2025.07.29	01:21:50.249	0.86785				2
2025.07.29	01:21:53.587	0.86784	0.86790			6
2025.07.29	01:21:57.449	0.86785				2
2025.07.29	01:21:57.768	0.86784				2
2025.07.29	01:22:00.433	0.86786	0.86791			6
2025.07.29	01:22:08.798	0.86785				2
2025.07.29	01:22:11.314	0.86783	0.86790			6
2025.07.29	01:22:12.944	0.86784	0.86789			6
2025.07.29	01:22:35.392	0.86783				2
2025.07.29	01:22:40.109	0.86782				2
2025.07.29	01:22:41.969	0.86783				2
2025.07.29	01:22:42.278	0.86784				2
2025.07.29	01:22:45.698	0.86785				2
2025.07.29	01:22:46.637	0.86784				2
2025.07.29	01:22:56.186	0.86783	0.86788			6
2025.07.29	01:23:00.322	0.86785	0.86790			6
2025.07.29	01:23:02.002	0.86783	0.86789			6
2025.07.29	01:23:03.223		0.86788			4
2025.07.29	01:23:08.428		0.86789			4
2025.07.29	01:23:08.800		0.86788			4
2025.07.29	01:23:14.143		0.86787			4
2025.07.29	01:23:14.487		0.86788			4
2025.07.29	01:23:17.838	0.86784	0.86790			6
2025.07.29	01:23:18.167	0.86783	0.86788			6
2025.07.29	01:23:21.403		0.86789			4
2025.07.29	01:23:22.248		0.86788			4
2025.07.29	01:23:22.677	0.86782				2
2025.07.29	01:23:23.899		0.86789			4
2025.07.29	01:23:27.926		0.86788			4
2025.07.29	01:23:28.531		0.86787			4
2025.07.29	01:23:30.258	0.86783				2
2025.07.29	01:23:32.611	0.86782				2
2025.07.29	01:23:33.407		0.86788			4
2025.07.29	01:23:33.717		0.86787			4
2025.07.29	01:23:39.630	0.86781	0.86786			6
2025.07.29	01:23:40.132		0.86785			4
2025.07.29	01:23:40.438	0.86779	0.86784			6
2025.07.29	01:23:43.719	0.86776	0.86783			6
2025.07.29	01:23:48.238	0.86777				2
2025.07.29	01:23:51.659	0.86776	0.86782			6
2025.07.29	01:23:51.998		0.86781			4
2025.07.29	01:24:00.358	0.86776				2
2025.07.29	01:24:31.277	0.86778	0.86783			6
2025.07.29	01:24:31.579	0.86780	0.86784			6
2025.07.29	01:24:32.679	0.86779				2
2025.07.29	01:24:33.643	0.86778				2
2025.07.29	01:24:33.957	0.86779				2
2025.07.29	01:24:35.124	0.86778				2
2025.07.29	01:24:35.479	0.86779				2
2025.07.29	01:24:36.241	0.86780				2
2025.07.29	01:24:36.639	0.86779				2
2025.07.29	01:24:39.768	0.86781	0.86786			6
2025.07.29	01:25:00.329	0.86781				2
2025.07.29	01:25:03.727		0.86787			4
2025.07.29	01:25:05.194	0.86782	0.86786			6
2025.07.29	01:25:06.835	0.86781	0.86785			6
2025.07.29	01:25:07.456	0.86782				2
2025.07.29	01:25:07.766		0.86786			4
2025.07.29	01:25:08.081	0.86781				2
2025.07.29	01:25:09.772		0.86785			4
2025.07.29	01:25:11.175	0.86780	0.86786			6
2025.07.29	01:25:11.713	0.86779				2
2025.07.29	01:25:12.354		0.86785			4
2025.07.29	01:25:13.619	0.86780				2
2025.07.29	01:25:13.940	0.86779				2
2025.07.29	01:25:14.576	0.86780				2
2025.07.29	01:25:14.877	0.86779				2
2025.07.29	01:25:15.798	0.86780				2
2025.07.29	01:25:16.116	0.86779				2
2025.07.29	01:25:22.823	0.86780				2
2025.07.29	01:25:37.194	0.86781	0.86786			6
2025.07.29	01:25:38.234	0.86782				2
2025.07.29	01:26:00.330	0.86782				2
2025.07.29	01:26:02.053	0.86779	0.86784			6
2025.07.29	01:26:03.052	0.86780	0.86785			6
2025.07.29	01:26:06.095	0.86781				2
2025.07.29	01:26:10.210		0.86786			4
2025.07.29	01:26:25.551	0.86783	0.86789			6
2025.07.29	01:26:27.723		0.86788			4
2025.07.29	01:26:36.712	0.86784				2
2025.07.29	01:26:51.148	0.86782	0.86787			6
2025.07.29	01:26:53.654	0.86786	0.86791			6
2025.07.29	01:26:53.980	0.86785	0.86790			6
2025.07.29	01:26:54.306	0.86786				2
2025.07.29	01:26:55.568	0.86785				2
2025.07.29	01:26:57.793		0.86791			4
2025.07.29	01:27:00.079	0.86785				2
2025.07.29	01:27:03.692	0.86784	0.86792			6
2025.07.29	01:27:06.013	0.86785				2
2025.07.29	01:27:07.434		0.86791			4
2025.07.29	01:27:13.846		0.86790			4
2025.07.29	01:27:21.780	0.86784				2
2025.07.29	01:27:27.917	0.86783	0.86789			6
2025.07.29	01:27:32.340	0.86782				2
2025.07.29	01:27:33.208		0.86790			4
2025.07.29	01:27:33.978		0.86789			4
2025.07.29	01:27:37.086		0.86788			4
2025.07.29	01:27:38.846	0.86781	0.86787			6
2025.07.29	01:27:51.477	0.86783	0.86788			6
2025.07.29	01:27:51.891	0.86782				2
2025.07.29	01:27:59.231	0.86784	0.86789			6
2025.07.29	01:27:59.543	0.86783				2
2025.07.29	01:28:00.185	0.86783				2
2025.07.29	01:28:01.029	0.86784	0.86790			6
2025.07.29	01:28:05.120	0.86783	0.86789			6
2025.07.29	01:28:07.213		0.86788			4
2025.07.29	01:28:07.563	0.86784	0.86790			6
2025.07.29	01:28:21.465	0.86785				2
2025.07.29	01:28:21.978	0.86784				2
2025.07.29	01:28:23.697	0.86785				2
2025.07.29	01:28:24.153	0.86784				2
2025.07.29	01:28:27.363	0.86785				2
2025.07.29	01:28:27.788		0.86791			4
2025.07.29	01:28:30.149		0.86790			4
2025.07.29	01:28:34.667	0.86784				2
2025.07.29	01:28:40.060	0.86785				2
2025.07.29	01:28:41.654		0.86791			4
2025.07.29	01:28:41.963		0.86790			4
2025.07.29	01:28:43.054		0.86791			4
2025.07.29	01:28:44.737		0.86790			4
2025.07.29	01:28:45.773	0.86786				2
2025.07.29	01:28:46.244		0.86791			4
2025.07.29	01:28:47.749	0.86785				2
2025.07.29	01:28:49.816	0.86787	0.86792			6
2025.07.29	01:28:51.577		0.86791			4
2025.07.29	01:29:01.844	0.86787				2
2025.07.29	01:29:21.500	0.86788	0.86793			6
2025.07.29	01:29:22.063		0.86792			4
2025.07.29	01:29:29.368	0.86787				2
2025.07.29	01:29:29.939		0.86791			4
2025.07.29	01:29:33.456	0.86786	0.86792			6
2025.07.29	01:29:41.665	0.86787	0.86791			6
2025.07.29	01:29:47.589	0.86786	0.86793			6
2025.07.29	01:29:51.768		0.86792			4
2025.07.29	01:29:52.202		0.86793			4
2025.07.29	01:30:00.361	0.86787	0.86792			6
2025.07.29	01:30:03.194	0.86784	0.86787			6
2025.07.29	01:30:06.847	0.86787	0.86792			6
2025.07.29	01:30:11.906		0.86791			4
2025.07.29	01:30:12.230		0.86792			4
2025.07.29	01:30:28.822	0.86788	0.86793			6
2025.07.29	01:30:29.148	0.86789				2
2025.07.29	01:30:36.397	0.86788				2
2025.07.29	01:30:37.003	0.86789				2
2025.07.29	01:30:39.697	0.86788				2
2025.07.29	01:31:00.168	0.86788				2
2025.07.29	01:31:03.727	0.86787	0.86792			6
2025.07.29	01:31:05.257	0.86786				2
2025.07.29	01:31:09.410	0.86784	0.86789			6
2025.07.29	01:31:13.644		0.86790			4
2025.07.29	01:31:16.531		0.86787			4
2025.07.29	01:31:17.693	0.86785	0.86789			6
2025.07.29	01:31:38.338	0.86780	0.86786			6
2025.07.29	01:31:47.781	0.86779	0.86783			6
2025.07.29	01:31:48.083	0.86778				2
2025.07.29	01:31:48.389	0.86779	0.86784			6
2025.07.29	01:31:48.820	0.86778				2
2025.07.29	01:31:49.635	0.86779				2
2025.07.29	01:31:51.984	0.86778	0.86782			6
2025.07.29	01:31:54.346		0.86783			4
2025.07.29	01:31:55.012	0.86779				2
2025.07.29	01:31:56.357	0.86776	0.86781			6
2025.07.29	01:32:00.601	0.86776				2
2025.07.29	01:32:25.408	0.86777	0.86782			6
2025.07.29	01:32:26.227	0.86779	0.86783			6
2025.07.29	01:32:26.566		0.86784			4
2025.07.29	01:32:31.453	0.86780	0.86785			6
2025.07.29	01:32:31.766	0.86781				2
2025.07.29	01:32:35.613	0.86780				2
2025.07.29	01:32:48.594	0.86779	0.86784			6
2025.07.29	01:32:48.902	0.86778				2
2025.07.29	01:33:01.146	0.86778				2
2025.07.29	01:33:02.674		0.86782			4
2025.07.29	01:33:03.191	0.86777				2
2025.07.29	01:33:04.264	0.86778				2
2025.07.29	01:33:18.244	0.86779	0.86783			6
2025.07.29	01:33:20.234	0.86778				2
2025.07.29	01:33:20.766	0.86779				2
2025.07.29	01:33:22.033	0.86778				2
2025.07.29	01:33:25.313	0.86777	0.86781			6
2025.07.29	01:33:28.136	0.86775	0.86779			6
2025.07.29	01:33:29.160	0.86774	0.86778			6
2025.07.29	01:33:29.577	0.86773				2
2025.07.29	01:33:34.074	0.86774				2
2025.07.29	01:33:36.776	0.86773				2
2025.07.29	01:33:37.752		0.86777			4
2025.07.29	01:33:42.775	0.86772	0.86776			6
2025.07.29	01:33:44.251		0.86777			4
2025.07.29	01:33:44.662	0.86775	0.86779			6
2025.07.29	01:33:44.982	0.86774				2
2025.07.29	01:33:45.618		0.86778			4
2025.07.29	01:33:46.995		0.86779			4
2025.07.29	01:33:47.570		0.86778			4
2025.07.29	01:34:00.084	0.86774				2
2025.07.29	01:34:00.607	0.86775	0.86779			6
2025.07.29	01:34:05.753	0.86777	0.86781			6
2025.07.29	01:34:15.136	0.86778	0.86782			6
2025.07.29	01:34:15.463		0.86781			4
2025.07.29	01:34:17.393	0.86776	0.86780			6
2025.07.29	01:34:22.161	0.86777				2
2025.07.29	01:34:35.932		0.86781			4
2025.07.29	01:34:49.278		0.86780			4
2025.07.29	01:34:56.042	0.86779	0.86782			6
2025.07.29	01:35:00.430	0.86779				2
2025.07.29	01:35:05.643		0.86783			4
2025.07.29	01:35:06.061	0.86780				2
2025.07.29	01:35:07.888	0.86779				2
2025.07.29	01:35:08.832		0.86782			4
2025.07.29	01:35:09.395	0.86778				2
2025.07.29	01:35:25.174	0.86777				2
2025.07.29	01:35:26.218		0.86781			4
2025.07.29	01:35:36.367		0.86780			4
2025.07.29	01:36:01.383	0.86777				2
2025.07.29	01:36:17.720		0.86781			4
2025.07.29	01:36:34.402	0.86776	0.86780			6
2025.07.29	01:36:35.033		0.86781			4
2025.07.29	01:36:35.443		0.86780			4
2025.07.29	01:36:37.327		0.86781			4
2025.07.29	01:36:37.906		0.86780			4
2025.07.29	01:36:39.480	0.86775	0.86779			6
2025.07.29	01:36:39.799		0.86780			4
2025.07.29	01:36:42.933		0.86779			4
2025.07.29	01:36:47.502	0.86778	0.86782			6
2025.07.29	01:37:00.424	0.86778	0.86781			6
2025.07.29	01:37:02.322	0.86779	0.86782			6
2025.07.29	01:38:00.410	0.86780	0.86783			6
2025.07.29	01:38:00.713	0.86779	0.86782			6
2025.07.29	01:38:42.823	0.86778				2
2025.07.29	01:38:49.512		0.86781			4
2025.07.29	01:39:00.406	0.86779	0.86782			6
2025.07.29	01:39:02.636	0.86780				2
2025.07.29	01:39:03.218		0.86783			4
2025.07.29	01:39:11.306	0.86778	0.86782			6
2025.07.29	01:40:00.420	0.86777	0.86781			6
2025.07.29	01:40:02.543		0.86782			4
2025.07.29	01:40:06.573	0.86778				2
2025.07.29	01:40:11.710	0.86777				2
2025.07.29	01:41:00.406	0.86776	0.86783			6
2025.07.29	01:41:04.380		0.86782			4
2025.07.29	01:41:04.689	0.86777	0.86783			6
2025.07.29	01:41:08.811	0.86776				2
2025.07.29	01:41:09.245	0.86777				2
2025.07.29	01:41:09.756	0.86778				2
2025.07.29	01:41:12.388		0.86782			4
2025.07.29	01:41:50.577		0.86781			4
2025.07.29	01:42:00.301	0.86778				2
2025.07.29	01:42:10.786	0.86776	0.86780			6
2025.07.29	01:42:13.020	0.86777				2
2025.07.29	01:42:40.723	0.86776	0.86782			6
2025.07.29	01:42:42.353	0.86777	0.86781			6
2025.07.29	01:43:00.360	0.86777				2
2025.07.29	01:43:00.793		0.86782			4
2025.07.29	01:43:04.064		0.86781			4
2025.07.29	01:43:04.478	0.86775				2
2025.07.29	01:43:05.099	0.86776				2
2025.07.29	01:43:09.140		0.86780			4
2025.07.29	01:43:09.707	0.86775				2
2025.07.29	01:43:28.353	0.86777	0.86781			6
2025.07.29	01:43:28.783		0.86780			4
2025.07.29	01:43:39.591	0.86775				2
2025.07.29	01:43:50.328	0.86774				2
2025.07.29	01:43:59.203	0.86775				2
2025.07.29	01:43:59.518	0.86774				2
2025.07.29	01:44:00.408	0.86775	0.86782			6
2025.07.29	01:44:05.994	0.86776				2
2025.07.29	01:44:06.342	0.86777				2
2025.07.29	01:45:00.414	0.86777	0.86782			6
2025.07.29	01:45:01.857		0.86781			4
2025.07.29	01:45:10.307	0.86778	0.86782			6
2025.07.29	01:45:41.506	0.86775	0.86781			6
2025.07.29	01:45:45.621		0.86780			4
2025.07.29	01:45:49.134	0.86776	0.86781			6
2025.07.29	01:45:49.461	0.86775				2
2025.07.29	01:45:52.649	0.86777				2
2025.07.29	01:45:53.503	0.86776				2
2025.07.29	01:45:54.171	0.86777				2
2025.07.29	01:45:58.674	0.86776				2
2025.07.29	01:45:59.807	0.86777				2
2025.07.29	01:46:00.507	0.86776				2
2025.07.29	01:46:01.938	0.86775				2
2025.07.29	01:46:02.980	0.86776	0.86780			6
2025.07.29	01:46:22.743	0.86775				2
2025.07.29	01:46:30.787	0.86776				2
2025.07.29	01:47:02.812	0.86776				2
2025.07.29	01:47:04.262	0.86775	0.86779			6
2025.07.29	01:47:05.404	0.86774				2
2025.07.29	01:47:12.013	0.86773	0.86778			6
2025.07.29	01:47:12.513		0.86777			4
2025.07.29	01:47:14.276	0.86775	0.86779			6
2025.07.29	01:47:14.695	0.86776				2
2025.07.29	01:47:48.638		0.86780			4
2025.07.29	01:47:49.513	0.86775	0.86779			6
2025.07.29	01:47:49.850	0.86776	0.86780			6
2025.07.29	01:47:54.967	0.86775	0.86779			6
2025.07.29	01:48:00.291	0.86776	0.86780			6
2025.07.29	01:48:01.053	0.86773	0.86776			6
2025.07.29	01:48:01.766	0.86772				2
2025.07.29	01:48:25.779		0.86777			4
2025.07.29	01:48:58.105	0.86773				2
2025.07.29	01:49:08.285	0.86773				2
2025.07.29	01:49:10.467	0.86772				2
2025.07.29	01:49:25.790		0.86777			4
2025.07.29	01:49:28.238	0.86773				2
2025.07.29	01:49:28.880	0.86776	0.86780			6
2025.07.29	01:49:51.926	0.86777				2
2025.07.29	01:49:54.223		0.86781			4
2025.07.29	01:49:57.080		0.86780			4
2025.07.29	01:50:01.018	0.86777	0.86781			6
2025.07.29	01:50:12.842	0.86776				2
2025.07.29	01:50:14.890	0.86777				2
2025.07.29	01:50:40.843		0.86780			4
2025.07.29	01:50:55.668	0.86776				2
2025.07.29	01:51:01.623	0.86776				2
2025.07.29	01:51:06.045	0.86777	0.86781			6
2025.07.29	01:51:23.872	0.86776	0.86780			6
2025.07.29	01:51:24.428		0.86779			4
2025.07.29	01:51:24.849		0.86780			4
2025.07.29	01:51:25.154		0.86779			4
2025.07.29	01:51:25.492	0.86777	0.86781			6
2025.07.29	01:51:25.842	0.86776				2
2025.07.29	01:51:26.335	0.86777				2
2025.07.29	01:51:29.548		0.86780			4
2025.07.29	01:51:30.207	0.86776	0.86781			6
2025.07.29	01:51:33.490	0.86777				2
2025.07.29	01:52:00.989	0.86777				2
2025.07.29	01:52:13.438	0.86776	0.86780			6
2025.07.29	01:52:16.249	0.86777				2
2025.07.29	01:52:16.721	0.86776				2
2025.07.29	01:53:00.608	0.86776				2
2025.07.29	01:53:03.027	0.86778	0.86782			6
2025.07.29	01:53:30.178		0.86781			4
2025.07.29	01:53:30.718	0.86777				2
2025.07.29	01:53:42.093	0.86778	0.86782			6
2025.07.29	01:54:02.580	0.86778				2
2025.07.29	01:54:40.038		0.86781			4
2025.07.29	01:55:01.844	0.86778				2
2025.07.29	01:55:40.331		0.86781			4
2025.07.29	01:55:40.909	0.86776	0.86780			6
2025.07.29	01:55:42.064	0.86774	0.86778			6
2025.07.29	01:55:56.109	0.86775				2
2025.07.29	01:55:56.484		0.86777			4
2025.07.29	01:56:00.206	0.86775				2
2025.07.29	01:56:37.089		0.86778			4
2025.07.29	01:56:37.392		0.86777			4
2025.07.29	01:56:51.216		0.86778			4
2025.07.29	01:56:59.771		0.86779			4
2025.07.29	01:57:00.079	0.86775	0.86778			6
2025.07.29	01:57:06.427		0.86777			4
2025.07.29	01:57:15.076		0.86778			4
2025.07.29	01:57:15.706		0.86779			4
2025.07.29	01:57:22.467		0.86778			4
2025.07.29	01:57:26.419		0.86779			4
2025.07.29	01:57:29.853		0.86778			4
2025.07.29	01:57:30.405	0.86776				2
2025.07.29	01:57:31.213		0.86779			4
2025.07.29	01:57:32.928	0.86775	0.86778			6
2025.07.29	01:57:33.436	0.86776	0.86779			6
2025.07.29	01:57:53.243	0.86775	0.86778			6
2025.07.29	01:57:55.136	0.86774	0.86777			6
2025.07.29	01:57:59.392	0.86775				2
2025.07.29	01:58:00.691	0.86775				2
2025.07.29	01:58:26.929		0.86778			4
2025.07.29	01:58:29.254	0.86774	0.86777			6
2025.07.29	01:59:00.297	0.86774				2
2025.07.29	01:59:30.332		0.86777			4
2025.07.29	01:59:40.184	0.86773				2
2025.07.29	01:59:40.510	0.86774				2
2025.07.29	01:59:40.993		0.86776			4
2025.07.29	01:59:42.635		0.86777			4
2025.07.29	02:00:00.238	0.86772	0.86778			6
2025.07.29	02:00:00.570	0.86773				2
2025.07.29	02:00:05.881		0.86777			4
2025.07.29	02:00:06.366	0.86772				2
2025.07.29	02:00:07.987	0.86773				2
2025.07.29	02:00:08.388	0.86774				2
2025.07.29	02:00:09.057	0.86775	0.86779			6
2025.07.29	02:00:10.430	0.86774	0.86777			6
2025.07.29	02:00:13.723	0.86773				2
2025.07.29	02:00:14.139		0.86776			4
2025.07.29	02:00:21.108	0.86774				2
2025.07.29	02:00:21.704	0.86773	0.86777			6
2025.07.29	02:00:24.039	0.86774				2
2025.07.29	02:00:32.531		0.86776			4
2025.07.29	02:00:42.718		0.86777			4
2025.07.29	02:00:43.030	0.86775	0.86778			6
2025.07.29	02:00:43.339		0.86777			4
2025.07.29	02:00:51.542		0.86779			4
2025.07.29	02:00:51.844		0.86780			4
2025.07.29	02:00:52.211	0.86778				2
2025.07.29	02:00:53.510	0.86777	0.86779			6
2025.07.29	02:00:57.187	0.86776				2
2025.07.29	02:01:04.073	0.86777	0.86780			6
2025.07.29	02:01:49.224	0.86778	0.86781			6
2025.07.29	02:01:49.540	0.86777				2
2025.07.29	02:01:52.460	0.86778				2
2025.07.29	02:01:55.133		0.86779			4
2025.07.29	02:01:57.319		0.86780			4
2025.07.29	02:01:57.686		0.86779			4
2025.07.29	02:02:00.526	0.86778				2
2025.07.29	02:02:28.630	0.86779	0.86780			6
2025.07.29	02:02:32.274	0.86778	0.86779			6
2025.07.29	02:02:36.627	0.86777				2
2025.07.29	02:02:46.273	0.86778				2
2025.07.29	02:02:51.690	0.86779	0.86782			6
2025.07.29	02:02:53.108	0.86778	0.86783			6
2025.07.29	02:02:55.518	0.86780				2
2025.07.29	02:03:00.315	0.86780				2
2025.07.29	02:03:12.666		0.86782			4
2025.07.29	02:03:42.002	0.86781	0.86783			6
2025.07.29	02:03:42.400		0.86784			4
2025.07.29	02:04:00.557	0.86781				2
2025.07.29	02:04:06.152	0.86780	0.86783			6
2025.07.29	02:04:06.863	0.86781				2
2025.07.29	02:04:09.040		0.86784			4
2025.07.29	02:04:18.932	0.86782				2
2025.07.29	02:04:35.772	0.86780	0.86782			6
2025.07.29	02:04:38.025	0.86779	0.86783			6
2025.07.29	02:04:39.493	0.86780				2
2025.07.29	02:04:41.223	0.86779				2
2025.07.29	02:04:41.578	0.86780				2
2025.07.29	02:04:43.300	0.86779				2
2025.07.29	02:04:43.766	0.86780				2
2025.07.29	02:04:44.309	0.86783	0.86784			6
2025.07.29	02:04:44.707	0.86780	0.86783			6
2025.07.29	02:04:45.382		0.86782			4
2025.07.29	02:04:46.877	0.86781				2
2025.07.29	02:05:00.289	0.86781				2
2025.07.29	02:05:00.720	0.86780	0.86781			6
2025.07.29	02:05:01.204	0.86779	0.86780			6
2025.07.29	02:05:04.381		0.86781			4
2025.07.29	02:05:06.172	0.86778				2
2025.07.29	02:05:06.484		0.86780			4
2025.07.29	02:05:16.288		0.86781			4
2025.07.29	02:05:31.348	0.86779	0.86780			6
2025.07.29	02:05:39.122		0.86781			4
2025.07.29	02:05:49.059		0.86780			4
2025.07.29	02:06:00.332	0.86779				2
2025.07.29	02:06:04.398	0.86778				2
2025.07.29	02:06:21.137	0.86780	0.86784			6
2025.07.29	02:06:22.295	0.86781				2
2025.07.29	02:06:27.731	0.86783				2
2025.07.29	02:06:31.378	0.86781	0.86785			6
2025.07.29	02:06:56.752		0.86784			4
2025.07.29	02:06:57.207		0.86785			4
2025.07.29	02:07:00.405	0.86783	0.86787			6
2025.07.29	02:07:00.717		0.86786			4
2025.07.29	02:07:13.462		0.86785			4
2025.07.29	02:07:16.717	0.86782				2
2025.07.29	02:07:19.379		0.86786			4
2025.07.29	02:07:32.016		0.86785			4
2025.07.29	02:08:00.439	0.86783	0.86786			6
2025.07.29	02:08:12.378		0.86785			4
2025.07.29	02:08:18.228		0.86787			4
2025.07.29	02:08:18.698	0.86781				2
2025.07.29	02:08:24.548		0.86786			4
2025.07.29	02:08:25.459		0.86787			4
2025.07.29	02:08:28.370	0.86782	0.86786			6
2025.07.29	02:08:36.345	0.86781	0.86785			6
2025.07.29	02:08:55.304	0.86782				2
2025.07.29	02:08:55.665		0.86784			4
2025.07.29	02:09:04.981	0.86782				2
2025.07.29	02:09:23.137		0.86785			4
2025.07.29	02:09:44.572	0.86781				2
2025.07.29	02:10:01.483	0.86781				2
2025.07.29	02:10:09.505		0.86784			4
2025.07.29	02:10:09.887		0.86785			4
2025.07.29	02:10:36.633	0.86783				2
2025.07.29	02:10:47.358		0.86786			4
2025.07.29	02:11:01.164	0.86783				2
2025.07.29	02:11:18.630	0.86782				2
2025.07.29	02:11:19.472	0.86783				2
2025.07.29	02:11:30.007		0.86785			4
2025.07.29	02:11:33.816		0.86786			4
2025.07.29	02:11:47.818		0.86785			4
2025.07.29	02:11:55.195		0.86786			4
2025.07.29	02:12:00.248	0.86784	0.86787			6
2025.07.29	02:12:00.558	0.86785				2
2025.07.29	02:12:53.368		0.86788			4
2025.07.29	02:13:00.604	0.86785				2
2025.07.29	02:13:50.323		0.86787			4
2025.07.29	02:14:10.605	0.86785				2
2025.07.29	02:14:45.324		0.86788			4
2025.07.29	02:14:46.055		0.86787			4
2025.07.29	02:14:53.396	0.86784				2
2025.07.29	02:14:54.921	0.86783	0.86788			6
2025.07.29	02:15:00.134	0.86783	0.86787			6
2025.07.29	02:15:07.219	0.86784				2
2025.07.29	02:15:12.274		0.86786			4
2025.07.29	02:15:25.217		0.86787			4
2025.07.29	02:15:33.346		0.86786			4
2025.07.29	02:15:39.118		0.86787			4
2025.07.29	02:15:43.110	0.86785				2
2025.07.29	02:15:52.113		0.86788			4
2025.07.29	02:15:53.365	0.86786				2
2025.07.29	02:15:55.019		0.86789			4
2025.07.29	02:16:01.309	0.86787				2
2025.07.29	02:16:02.843		0.86788			4
2025.07.29	02:16:06.097		0.86789			4
2025.07.29	02:16:07.239	0.86786				2
2025.07.29	02:16:07.858	0.86787				2
2025.07.29	02:16:17.059	0.86790	0.86791			6
2025.07.29	02:16:17.361	0.86787	0.86789			6
2025.07.29	02:16:19.023	0.86786				2
2025.07.29	02:16:30.782	0.86787				2
2025.07.29	02:16:51.243		0.86788			4
2025.07.29	02:16:54.965	0.86786	0.86787			6
2025.07.29	02:16:58.143	0.86785				2
2025.07.29	02:17:00.801	0.86786				2
2025.07.29	02:17:01.147		0.86788			4
2025.07.29	02:17:03.786		0.86789			4
2025.07.29	02:17:29.707	0.86787				2
2025.07.29	02:17:31.436	0.86788				2
2025.07.29	02:17:32.620	0.86787				2
2025.07.29	02:17:42.543	0.86788				2
2025.07.29	02:17:43.533	0.86787				2
2025.07.29	02:17:44.488		0.86788			4
2025.07.29	02:17:51.917		0.86789			4
2025.07.29	02:17:56.759		0.86790			4
2025.07.29	02:18:00.597	0.86787				2
2025.07.29	02:18:36.699		0.86789			4
2025.07.29	02:18:49.874		0.86790			4
2025.07.29	02:19:00.627	0.86787				2
2025.07.29	02:19:03.228		0.86791			4
2025.07.29	02:19:03.539	0.86788	0.86790			6
2025.07.29	02:19:09.808	0.86787	0.86791			6
2025.07.29	02:19:10.334	0.86786	0.86788			6
2025.07.29	02:19:15.534	0.86785	0.86787			6
2025.07.29	02:19:29.488	0.86783	0.86786			6
2025.07.29	02:19:44.682	0.86785	0.86788			6
2025.07.29	02:19:45.717		0.86787			4
2025.07.29	02:19:52.209	0.86784	0.86786			6
2025.07.29	02:20:00.774	0.86784				2
2025.07.29	02:20:07.196		0.86787			4
2025.07.29	02:20:14.430	0.86785				2
2025.07.29	02:20:21.774	0.86790	0.86791			6
2025.07.29	02:20:35.173	0.86789	0.86790			6
2025.07.29	02:20:40.476		0.86791			4
2025.07.29	02:21:01.708	0.86789				2
2025.07.29	02:21:22.237	0.86788				2
2025.07.29	02:21:32.877	0.86787	0.86789			6
2025.07.29	02:21:42.779		0.86788			4
2025.07.29	02:21:43.104	0.86786				2
2025.07.29	02:21:44.227	0.86784	0.86786			6
2025.07.29	02:22:00.454	0.86784				2
2025.07.29	02:22:08.361	0.86783	0.86787			6
2025.07.29	02:22:09.225		0.86785			4
2025.07.29	02:22:11.366		0.86786			4
2025.07.29	02:22:34.979		0.86785			4
2025.07.29	02:22:40.271		0.86786			4
2025.07.29	02:22:41.465	0.86784	0.86787			6
2025.07.29	02:22:42.541		0.86786			4
2025.07.29	02:22:42.859		0.86785			4
2025.07.29	02:23:00.147	0.86784				2
2025.07.29	02:23:01.784	0.86783				2
2025.07.29	02:23:03.359	0.86784	0.86786			6
2025.07.29	02:23:07.866	0.86783	0.86785			6
2025.07.29	02:23:11.619		0.86784			4
2025.07.29	02:23:13.736		0.86785			4
2025.07.29	02:23:18.505		0.86784			4
2025.07.29	02:23:27.124		0.86785			4
2025.07.29	02:23:27.439	0.86784				2
2025.07.29	02:23:31.453	0.86783				2
2025.07.29	02:23:39.710	0.86784				2
2025.07.29	02:23:53.631	0.86783				2
2025.07.29	02:23:54.408	0.86784				2
2025.07.29	02:24:00.554	0.86783				2
2025.07.29	02:24:01.135	0.86784				2
2025.07.29	02:24:06.467	0.86782	0.86784			6
2025.07.29	02:24:10.362	0.86781				2
2025.07.29	02:24:11.402	0.86783	0.86786			6
2025.07.29	02:24:19.593		0.86785			4
2025.07.29	02:24:28.574	0.86782				2
2025.07.29	02:24:49.514	0.86780	0.86782			6
2025.07.29	02:24:49.857		0.86781			4
2025.07.29	02:24:50.511	0.86778	0.86780			6
2025.07.29	02:24:59.005	0.86780	0.86781			6
2025.07.29	02:25:00.472	0.86780				2
2025.07.29	02:25:11.431	0.86781	0.86782			6
2025.07.29	02:25:39.138	0.86780				2
2025.07.29	02:25:40.873		0.86781			4
2025.07.29	02:26:00.228	0.86780				2
2025.07.29	02:26:40.889		0.86781			4
2025.07.29	02:26:49.262	0.86781	0.86782			6
2025.07.29	02:26:56.016	0.86780	0.86781			6
2025.07.29	02:27:00.842	0.86780				2
2025.07.29	02:27:02.467	0.86781	0.86782			6
2025.07.29	02:27:03.135	0.86779	0.86781			6
2025.07.29	02:27:08.549	0.86781	0.86782			6
2025.07.29	02:27:11.124	0.86782	0.86783			6
2025.07.29	02:27:25.827	0.86781	0.86782			6
2025.07.29	02:27:26.216	0.86783	0.86784			6
2025.07.29	02:27:27.356		0.86785			4
2025.07.29	02:27:33.065	0.86784	0.86787			6
2025.07.29	02:27:36.389	0.86782	0.86783			6
2025.07.29	02:27:56.613	0.86781	0.86782			6
2025.07.29	02:28:00.831	0.86781				2
2025.07.29	02:28:01.380	0.86780	0.86781			6
2025.07.29	02:28:06.717	0.86779	0.86780			6
2025.07.29	02:28:15.272	0.86777	0.86778			6
2025.07.29	02:28:24.568	0.86774	0.86776			6
2025.07.29	02:28:24.884	0.86773	0.86774			6
2025.07.29	02:28:26.377		0.86775			4
2025.07.29	02:28:37.277	0.86774				2
2025.07.29	02:28:39.157		0.86776			4
2025.07.29	02:28:55.716	0.86775				2
2025.07.29	02:29:00.283	0.86775				2
2025.07.29	02:29:19.501	0.86776	0.86777			6
2025.07.29	02:29:29.575	0.86775	0.86776			6
2025.07.29	02:29:32.671	0.86774	0.86775			6
2025.07.29	02:29:36.779	0.86775	0.86776			6
2025.07.29	02:29:56.136	0.86774	0.86775			6
2025.07.29	02:30:00.390	0.86774				2
2025.07.29	02:30:10.859	0.86776	0.86777			6
2025.07.29	02:30:12.344	0.86777	0.86778			6
2025.07.29	02:30:16.436	0.86778	0.86779			6
2025.07.29	02:30:29.030	0.86779	0.86780			6
2025.07.29	02:30:39.199	0.86778	0.86779			6
2025.07.29	02:31:01.383	0.86778				2
2025.07.29	02:31:02.394	0.86777				2
2025.07.29	02:31:11.028	0.86778				2
2025.07.29	02:31:29.975	0.86777				2
2025.07.29	02:31:42.410	0.86778	0.86779			6
2025.07.29	02:31:54.889	0.86777				2
2025.07.29	02:31:55.383	0.86778				2
2025.07.29	02:32:01.406	0.86778				2
2025.07.29	02:32:17.401	0.86777	0.86778			6
2025.07.29	02:32:24.646	0.86776	0.86777			6
2025.07.29	02:32:26.960	0.86778	0.86779			6
2025.07.29	02:32:27.470	0.86775	0.86777			6
2025.07.29	02:32:29.442	0.86774	0.86776			6
2025.07.29	02:32:30.963		0.86777			4
2025.07.29	02:32:31.315	0.86773	0.86775			6
2025.07.29	02:32:32.348	0.86772	0.86774			6
2025.07.29	02:32:46.808	0.86771				2
2025.07.29	02:32:47.816		0.86773			4
2025.07.29	02:32:49.370	0.86772	0.86774			6
2025.07.29	02:33:00.074	0.86772				2
2025.07.29	02:33:10.877	0.86774	0.86776			6
2025.07.29	02:33:43.804	0.86776	0.86777			6
2025.07.29	02:33:48.079	0.86777	0.86778			6
2025.07.29	02:34:00.106	0.86777				2
2025.07.29	02:34:00.486	0.86778	0.86779			6
2025.07.29	02:34:25.422	0.86777	0.86778			6
2025.07.29	02:34:31.699	0.86776	0.86777			6
2025.07.29	02:35:01.906	0.86776				2
2025.07.29	02:35:02.506	0.86775				2
2025.07.29	02:35:33.244		0.86777			4
2025.07.29	02:36:00.332	0.86776				2
2025.07.29	02:36:33.358		0.86777			4
2025.07.29	02:36:36.348		0.86778			4
2025.07.29	02:36:36.737		0.86777			4
2025.07.29	02:36:40.581	0.86777	0.86778			6
2025.07.29	02:36:50.456	0.86774	0.86777			6
2025.07.29	02:36:52.897		0.86778			4
2025.07.29	02:36:56.097	0.86775	0.86777			6
2025.07.29	02:36:56.543	0.86776	0.86778			6
2025.07.29	02:37:00.404	0.86779	0.86780			6
2025.07.29	02:37:13.640	0.86778				2
2025.07.29	02:37:33.567	0.86779				2
2025.07.29	02:37:34.081	0.86781	0.86782			6
2025.07.29	02:37:34.406	0.86782	0.86783			6
2025.07.29	02:38:00.419	0.86781				2
2025.07.29	02:38:10.528	0.86779	0.86782			6
2025.07.29	02:38:11.079		0.86781			4
2025.07.29	02:38:15.802		0.86780			4
2025.07.29	02:38:21.080	0.86783	0.86785			6
2025.07.29	02:38:21.382	0.86784				2
2025.07.29	02:38:41.678	0.86783	0.86784			6
2025.07.29	02:38:46.069	0.86781				2
2025.07.29	02:38:46.633	0.86783				2
2025.07.29	02:39:01.153	0.86783				2
2025.07.29	02:39:20.883	0.86782				2
2025.07.29	02:39:21.351	0.86784	0.86785			6
2025.07.29	02:39:36.035	0.86785	0.86786			6
2025.07.29	02:39:57.676	0.86782	0.86785			6
2025.07.29	02:40:00.329	0.86782	0.86784			6
2025.07.29	02:40:02.928	0.86786	0.86787			6
2025.07.29	02:40:03.263	0.86784	0.86786			6
2025.07.29	02:40:05.657		0.86785			4
2025.07.29	02:40:17.028	0.86786	0.86787			6
2025.07.29	02:40:20.037	0.86785	0.86786			6
2025.07.29	02:40:30.937	0.86784	0.86785			6
2025.07.29	02:40:39.499	0.86783				2
2025.07.29	02:40:52.836	0.86784	0.86786			6
2025.07.29	02:40:56.487	0.86785				2
2025.07.29	02:41:00.512	0.86785				2
2025.07.29	02:41:34.346		0.86787			4
2025.07.29	02:41:34.657		0.86786			4
2025.07.29	02:41:37.474	0.86783	0.86785			6
2025.07.29	02:42:01.420	0.86783				2
2025.07.29	02:42:27.756		0.86786			4
2025.07.29	02:42:32.291		0.86785			4
2025.07.29	02:42:38.186	0.86782	0.86784			6
2025.07.29	02:43:00.573	0.86782				2
2025.07.29	02:43:11.135	0.86783				2
2025.07.29	02:43:12.395	0.86781				2
2025.07.29	02:43:15.203	0.86782				2
2025.07.29	02:43:21.733		0.86785			4
2025.07.29	02:43:26.191		0.86784			4
2025.07.29	02:43:39.836	0.86780	0.86782			6
2025.07.29	02:43:40.357	0.86778	0.86781			6
2025.07.29	02:43:40.708	0.86779				2
2025.07.29	02:43:44.196	0.86778				2
2025.07.29	02:43:49.855		0.86780			4
2025.07.29	02:44:01.689	0.86778				2
2025.07.29	02:44:15.962		0.86781			4
2025.07.29	02:44:36.930		0.86780			4
2025.07.29	02:44:52.353	0.86779				2
2025.07.29	02:44:52.763	0.86778				2
2025.07.29	02:45:00.960	0.86778				2
2025.07.29	02:45:03.841		0.86781			4
2025.07.29	02:45:08.514	0.86777				2
2025.07.29	02:45:09.611	0.86778				2
2025.07.29	02:45:20.538		0.86780			4
2025.07.29	02:45:21.332		0.86781			4
2025.07.29	02:45:42.169	0.86775	0.86778			6
2025.07.29	02:45:45.517	0.86776	0.86777			6
2025.07.29	02:45:48.578	0.86775				2
2025.07.29	02:45:49.382		0.86778			4
2025.07.29	02:45:57.586	0.86777	0.86779			6
2025.07.29	02:45:58.458	0.86775	0.86778			6
2025.07.29	02:46:01.473	0.86776				2
2025.07.29	02:46:31.250		0.86779			4
2025.07.29	02:46:31.868	0.86777				2
2025.07.29	02:46:38.550	0.86776	0.86780			6
2025.07.29	02:46:38.869	0.86777	0.86779			6
2025.07.29	02:46:39.374		0.86780			4
2025.07.29	02:46:41.387		0.86779			4
2025.07.29	02:46:54.472	0.86776	0.86778			6
2025.07.29	02:47:00.557	0.86777	0.86780			6
2025.07.29	02:47:23.702	0.86778				2
2025.07.29	02:47:28.423	0.86779	0.86782			6
2025.07.29	02:47:31.195	0.86776	0.86778			6
2025.07.29	02:47:31.555	0.86777				2
2025.07.29	02:47:38.938	0.86776				2
2025.07.29	02:47:54.283		0.86777			4
2025.07.29	02:48:04.496	0.86776	0.86778			6
2025.07.29	02:48:07.443		0.86779			4
2025.07.29	02:48:09.984		0.86778			4
2025.07.29	02:48:10.483		0.86779			4
2025.07.29	02:48:15.847		0.86778			4
2025.07.29	02:48:26.706	0.86775				2
2025.07.29	02:48:38.161	0.86773	0.86775			6
2025.07.29	02:48:38.521	0.86774				2
2025.07.29	02:48:40.398	0.86773				2
2025.07.29	02:48:46.834	0.86775	0.86777			6
2025.07.29	02:48:53.909		0.86778			4
2025.07.29	02:48:59.016	0.86776	0.86779			6
2025.07.29	02:48:59.328		0.86778			4
2025.07.29	02:49:02.333	0.86777	0.86779			6
2025.07.29	02:49:03.327	0.86776				2
2025.07.29	02:49:28.703		0.86778			4
2025.07.29	02:49:31.692	0.86779	0.86780			6
2025.07.29	02:50:02.307	0.86780	0.86781			6
2025.07.29	02:50:09.117	0.86783	0.86784			6
2025.07.29	02:50:09.473	0.86784	0.86785			6
2025.07.29	02:50:31.150	0.86785	0.86786			6
2025.07.29	02:50:53.464		0.86787			4
2025.07.29	02:51:00.315	0.86785	0.86788			6
2025.07.29	02:51:01.853		0.86787			4
2025.07.29	02:51:02.464	0.86784	0.86785			6
2025.07.29	02:51:09.802		0.86786			4
2025.07.29	02:51:22.967		0.86785			4
2025.07.29	02:51:37.488	0.86783				2
2025.07.29	02:51:38.433		0.86784			4
2025.07.29	02:51:38.748	0.86784	0.86785			6
2025.07.29	02:51:41.463	0.86785	0.86786			6
2025.07.29	02:51:54.403	0.86786	0.86787			6
2025.07.29	02:52:00.472	0.86786				2
2025.07.29	02:52:15.661	0.86784	0.86785			6
2025.07.29	02:52:32.076	0.86785	0.86786			6
2025.07.29	02:52:40.199	0.86786	0.86787			6
2025.07.29	02:52:50.774	0.86790	0.86791			6
2025.07.29	02:52:58.108	0.86791	0.86792			6
2025.07.29	02:53:00.965	0.86791				2
2025.07.29	02:53:05.111	0.86788	0.86789			6
2025.07.29	02:53:10.335	0.86787				2
2025.07.29	02:53:13.079		0.86790			4
2025.07.29	02:53:18.458		0.86789			4
2025.07.29	02:53:18.967		0.86790			4
2025.07.29	02:53:19.479		0.86789			4
2025.07.29	02:53:20.003		0.86790			4
2025.07.29	02:53:20.739	0.86788	0.86789			6
2025.07.29	02:53:21.060	0.86790	0.86791			6
2025.07.29	02:53:26.329	0.86788	0.86789			6
2025.07.29	02:53:26.697		0.86790			4
2025.07.29	02:53:30.826	0.86790	0.86791			6
2025.07.29	02:53:33.520	0.86791	0.86792			6
2025.07.29	02:53:52.384	0.86788	0.86790			6
2025.07.29	02:54:00.508	0.86788				2
2025.07.29	02:54:01.211	0.86794	0.86795			6
2025.07.29	02:54:11.151	0.86793	0.86794			6
2025.07.29	02:55:00.355	0.86793				2
2025.07.29	02:55:03.529	0.86792	0.86793			6
2025.07.29	02:55:03.838	0.86791	0.86792			6
2025.07.29	02:55:07.718	0.86793	0.86794			6
2025.07.29	02:55:14.386	0.86792	0.86793			6
2025.07.29	02:55:23.814		0.86794			4
2025.07.29	02:55:30.633		0.86793			4
2025.07.29	02:55:59.315	0.86795	0.86796			6
2025.07.29	02:56:00.188	0.86795				2
2025.07.29	02:56:07.299	0.86794	0.86795			6
2025.07.29	02:56:09.511	0.86793	0.86794			6
2025.07.29	02:57:00.047	0.86793				2
2025.07.29	02:57:08.562	0.86794	0.86795			6
2025.07.29	02:57:11.227	0.86795	0.86796			6
2025.07.29	02:57:18.211	0.86798	0.86799			6
2025.07.29	02:57:26.342	0.86802	0.86804			6
2025.07.29	02:57:26.643	0.86803				2
2025.07.29	02:57:26.962	0.86804	0.86805			6
2025.07.29	02:57:27.715	0.86803	0.86804			6
2025.07.29	02:57:32.990	0.86802				2
2025.07.29	02:57:33.558		0.86803			4
2025.07.29	02:57:35.038		0.86804			4
2025.07.29	02:57:36.343		0.86803			4
2025.07.29	02:58:00.990	0.86802				2
2025.07.29	02:58:24.235	0.86800	0.86801			6
2025.07.29	02:58:36.786	0.86799				2
2025.07.29	02:58:40.322	0.86800				2
2025.07.29	02:58:40.628	0.86799	0.86800			6
2025.07.29	02:58:41.021	0.86795	0.86798			6
2025.07.29	02:58:41.772		0.86797			4
2025.07.29	02:58:42.081	0.86796				2
2025.07.29	02:58:43.054	0.86797	0.86798			6
2025.07.29	02:58:43.414	0.86796	0.86797			6
2025.07.29	02:58:47.239	0.86795				2
2025.07.29	02:58:47.542	0.86796				2
2025.07.29	02:58:52.410	0.86794				2
2025.07.29	02:58:53.780	0.86796				2
2025.07.29	02:59:01.397	0.86796				2
2025.07.29	02:59:02.931	0.86795				2
2025.07.29	02:59:03.239	0.86796				2
2025.07.29	02:59:10.408	0.86797	0.86798			6
2025.07.29	02:59:10.819	0.86798	0.86799			6
2025.07.29	02:59:16.380	0.86797	0.86798			6
2025.07.29	02:59:17.754	0.86794	0.86796			6
2025.07.29	02:59:21.305	0.86793	0.86795			6
2025.07.29	02:59:21.609	0.86794				2
2025.07.29	02:59:21.943	0.86793	0.86794			6
2025.07.29	02:59:25.389	0.86795	0.86796			6
2025.07.29	02:59:25.694	0.86798	0.86799			6
2025.07.29	02:59:26.908	0.86797	0.86798			6
2025.07.29	02:59:27.256	0.86799	0.86800			6
2025.07.29	02:59:27.561	0.86797	0.86798			6
2025.07.29	02:59:29.965	0.86798	0.86799			6
2025.07.29	02:59:32.229	0.86800	0.86802			6
2025.07.29	02:59:33.035	0.86799				2
2025.07.29	02:59:37.337	0.86801				2
2025.07.29	02:59:44.205	0.86802	0.86803			6
2025.07.29	02:59:46.172	0.86800	0.86802			6
2025.07.29	02:59:47.750		0.86803			4
2025.07.29	02:59:52.817	0.86801				2
2025.07.29	02:59:53.148	0.86800				2
2025.07.29	02:59:59.087	0.86801				2
2025.07.29	02:59:59.566	0.86800				2
2025.07.29	03:00:00.305	0.86800				2
2025.07.29	03:00:00.633		0.86802			4
2025.07.29	03:00:01.279	0.86799				2
2025.07.29	03:00:01.607	0.86800				2
2025.07.29	03:00:02.983	0.86802	0.86803			6
2025.07.29	03:00:06.386	0.86801	0.86802			6
2025.07.29	03:00:07.001	0.86803	0.86804			6
2025.07.29	03:00:11.454	0.86802	0.86803			6
2025.07.29	03:00:11.761	0.86803	0.86804			6
2025.07.29	03:00:14.283	0.86802	0.86803			6
2025.07.29	03:00:14.614	0.86803	0.86804			6
2025.07.29	03:00:19.699	0.86804	0.86805			6
2025.07.29	03:00:24.545	0.86805	0.86806			6
2025.07.29	03:00:27.591	0.86806	0.86807			6
2025.07.29	03:00:29.541	0.86807	0.86808			6
2025.07.29	03:00:30.036	0.86806	0.86807			6
2025.07.29	03:00:32.960		0.86808			4
2025.07.29	03:00:33.408	0.86807				2
2025.07.29	03:00:37.620	0.86808	0.86809			6
2025.07.29	03:00:37.991	0.86812	0.86813			6
2025.07.29	03:00:39.315	0.86810	0.86811			6
2025.07.29	03:00:39.620	0.86809				2
2025.07.29	03:00:40.353		0.86812			4
2025.07.29	03:00:40.673		0.86811			4
2025.07.29	03:00:41.277	0.86810				2
2025.07.29	03:00:44.703		0.86812			4
2025.07.29	03:00:45.659	0.86811	0.86813			6
2025.07.29	03:00:47.161	0.86810				2
2025.07.29	03:00:47.488	0.86811				2
2025.07.29	03:00:47.802	0.86810				2
2025.07.29	03:00:49.132	0.86811				2
2025.07.29	03:00:49.470	0.86810				2
2025.07.29	03:00:50.733		0.86811			4
2025.07.29	03:00:51.040	0.86809	0.86812			6
2025.07.29	03:00:51.465		0.86811			4
2025.07.29	03:00:56.650	0.86810	0.86812			6
2025.07.29	03:01:00.267	0.86810				2
2025.07.29	03:01:00.669	0.86809				2
2025.07.29	03:01:00.982	0.86810				2
2025.07.29	03:01:01.318	0.86809				2
2025.07.29	03:01:03.516	0.86810				2
2025.07.29	03:01:04.304		0.86811			4
2025.07.29	03:01:06.125	0.86809	0.86810			6
2025.07.29	03:01:09.413	0.86808	0.86809			6
2025.07.29	03:01:10.534	0.86810	0.86811			6
2025.07.29	03:01:12.261	0.86809				2
2025.07.29	03:01:13.081	0.86810				2
2025.07.29	03:01:13.403	0.86811	0.86812			6
2025.07.29	03:01:15.052	0.86810	0.86811			6
2025.07.29	03:01:16.039	0.86808	0.86809			6
2025.07.29	03:01:31.483	0.86807	0.86808			6
2025.07.29	03:01:32.254	0.86806	0.86807			6
2025.07.29	03:01:37.083	0.86804	0.86806			6
2025.07.29	03:01:42.774	0.86806	0.86807			6
2025.07.29	03:01:44.390	0.86804	0.86806			6
2025.07.29	03:01:48.115		0.86805			4
2025.07.29	03:01:49.555	0.86806	0.86807			6
2025.07.29	03:01:49.881	0.86805				2
2025.07.29	03:01:50.346		0.86806			4
2025.07.29	03:01:50.705	0.86803	0.86805			6
2025.07.29	03:01:52.494	0.86805	0.86806			6
2025.07.29	03:01:54.831	0.86804				2
2025.07.29	03:01:57.098	0.86805				2
2025.07.29	03:02:00.872	0.86805				2
2025.07.29	03:02:05.216	0.86806	0.86807			6
2025.07.29	03:02:06.237		0.86808			4
2025.07.29	03:02:10.145	0.86811	0.86812			6
2025.07.29	03:02:10.458	0.86810				2
2025.07.29	03:02:11.531	0.86814	0.86815			6
2025.07.29	03:02:12.161	0.86813	0.86814			6
2025.07.29	03:02:17.293	0.86817	0.86818			6
2025.07.29	03:02:17.846	0.86816	0.86817			6
2025.07.29	03:02:18.671	0.86815	0.86816			6
2025.07.29	03:02:21.832	0.86816	0.86817			6
2025.07.29	03:02:25.436	0.86814	0.86816			6
2025.07.29	03:02:26.856	0.86815				2
2025.07.29	03:02:28.873	0.86814				2
2025.07.29	03:02:29.188	0.86815				2
2025.07.29	03:02:34.389	0.86814				2
2025.07.29	03:02:34.700	0.86815				2
2025.07.29	03:02:37.613	0.86814				2
2025.07.29	03:02:41.735	0.86815				2
2025.07.29	03:02:46.379	0.86816	0.86817			6
2025.07.29	03:02:47.890	0.86817	0.86818			6
2025.07.29	03:02:48.199	0.86816				2
2025.07.29	03:02:48.500	0.86818	0.86819			6
2025.07.29	03:02:49.467	0.86819	0.86820			6
2025.07.29	03:02:50.113	0.86817	0.86818			6
2025.07.29	03:02:50.428	0.86816	0.86817			6
2025.07.29	03:02:50.737	0.86817	0.86818			6
2025.07.29	03:02:54.202	0.86816	0.86817			6
2025.07.29	03:02:54.529	0.86817	0.86818			6
2025.07.29	03:02:54.831	0.86816	0.86817			6
2025.07.29	03:02:55.140	0.86817	0.86818			6
2025.07.29	03:02:56.595	0.86818	0.86819			6
2025.07.29	03:02:56.900	0.86816	0.86817			6
2025.07.29	03:02:57.220	0.86817	0.86818			6
2025.07.29	03:02:57.832	0.86818	0.86819			6
2025.07.29	03:03:00.303	0.86818				2
2025.07.29	03:03:00.686	0.86819	0.86820			6
2025.07.29	03:03:00.997	0.86817	0.86818			6
2025.07.29	03:03:01.303	0.86816	0.86817			6
2025.07.29	03:03:01.615		0.86818			4
2025.07.29	03:03:02.048	0.86817				2
2025.07.29	03:03:03.477	0.86816				2
2025.07.29	03:03:05.278	0.86817				2
2025.07.29	03:03:05.792	0.86818	0.86819			6
2025.07.29	03:03:06.180	0.86817	0.86818			6
2025.07.29	03:03:08.438	0.86819	0.86820			6
2025.07.29	03:03:08.777	0.86818	0.86819			6
2025.07.29	03:03:10.394	0.86819	0.86820			6
2025.07.29	03:03:11.712	0.86818	0.86819			6
2025.07.29	03:03:12.958	0.86819	0.86820			6
2025.07.29	03:03:15.114	0.86820	0.86821			6
2025.07.29	03:03:15.417	0.86818	0.86819			6
2025.07.29	03:03:16.179	0.86819	0.86820			6
2025.07.29	03:03:16.487	0.86820	0.86821			6
2025.07.29	03:03:18.377	0.86819				2
2025.07.29	03:03:18.679		0.86820			4
2025.07.29	03:03:20.916	0.86818	0.86821			6
2025.07.29	03:03:21.227	0.86819				2
2025.07.29	03:03:22.915		0.86820			4
2025.07.29	03:03:26.383		0.86821			4
2025.07.29	03:03:26.913		0.86820			4
2025.07.29	03:03:30.425	0.86823	0.86824			6
2025.07.29	03:03:30.779	0.86822	0.86823			6
2025.07.29	03:03:40.150	0.86823	0.86824			6
2025.07.29	03:03:41.218	0.86824	0.86825			6
2025.07.29	03:03:41.548	0.86823	0.86824			6
2025.07.29	03:03:41.929	0.86821	0.86822			6
2025.07.29	03:03:43.381	0.86822	0.86823			6
2025.07.29	03:03:45.313	0.86821	0.86822			6
2025.07.29	03:03:50.946	0.86820	0.86821			6
2025.07.29	03:03:52.059	0.86821	0.86822			6
2025.07.29	03:03:52.878	0.86820	0.86821			6
2025.07.29	03:03:53.388	0.86821	0.86822			6
2025.07.29	03:04:00.397	0.86821				2
2025.07.29	03:04:15.481	0.86817	0.86818			6
2025.07.29	03:04:16.938		0.86819			4
2025.07.29	03:04:17.241	0.86818				2
2025.07.29	03:04:17.558	0.86817	0.86818			6
2025.07.29	03:04:20.353	0.86816	0.86817			6
2025.07.29	03:04:20.661	0.86817	0.86818			6
2025.07.29	03:04:22.582	0.86816	0.86817			6
2025.07.29	03:04:22.900	0.86815	0.86816			6
2025.07.29	03:04:28.300	0.86813	0.86814			6
2025.07.29	03:04:29.678	0.86814	0.86816			6
2025.07.29	03:04:29.981		0.86815			4
2025.07.29	03:04:31.698	0.86813	0.86814			6
2025.07.29	03:04:32.003	0.86812	0.86813			6
2025.07.29	03:04:32.340	0.86811	0.86812			6
2025.07.29	03:04:39.493	0.86810	0.86811			6
2025.07.29	03:04:51.651	0.86809	0.86810			6
2025.07.29	03:04:57.005	0.86810	0.86811			6
2025.07.29	03:04:57.408	0.86809	0.86810			6
2025.07.29	03:05:00.463	0.86809				2
2025.07.29	03:05:00.993	0.86808	0.86813			6
2025.07.29	03:05:02.543	0.86807	0.86812			6
2025.07.29	03:05:04.664	0.86809	0.86810			6
2025.07.29	03:05:12.750	0.86810	0.86811			6
2025.07.29	03:05:14.491	0.86805	0.86807			6
2025.07.29	03:05:14.799		0.86806			4
2025.07.29	03:05:20.288	0.86806	0.86807			6
2025.07.29	03:05:25.782		0.86808			4
2025.07.29	03:05:26.457		0.86807			4
2025.07.29	03:05:27.654	0.86807	0.86808			6
2025.07.29	03:05:29.382	0.86806	0.86807			6
2025.07.29	03:05:34.381	0.86805	0.86806			6
2025.07.29	03:05:36.725	0.86806	0.86807			6
2025.07.29	03:05:46.722	0.86805				2
2025.07.29	03:05:47.148		0.86806			4
2025.07.29	03:05:51.782	0.86806	0.86807			6
2025.07.29	03:05:53.857	0.86805	0.86806			6
2025.07.29	03:05:56.240	0.86808	0.86810			6
2025.07.29	03:05:56.542	0.86807				2
2025.07.29	03:05:57.580	0.86809				2
2025.07.29	03:05:59.070	0.86808				2
2025.07.29	03:05:59.412	0.86809				2
2025.07.29	03:06:01.517	0.86807	0.86809			6
2025.07.29	03:06:02.743	0.86808	0.86810			6
2025.07.29	03:06:03.463	0.86807				2
2025.07.29	03:06:05.368	0.86808				2
2025.07.29	03:06:06.133	0.86809				2
2025.07.29	03:06:13.646	0.86808				2
2025.07.29	03:06:14.307	0.86807				2
2025.07.29	03:06:22.635	0.86809	0.86811			6
2025.07.29	03:06:23.441	0.86811	0.86812			6
2025.07.29	03:06:23.830	0.86809	0.86811			6
2025.07.29	03:06:24.515		0.86810			4
2025.07.29	03:06:24.923	0.86808				2
2025.07.29	03:06:26.665	0.86809				2
2025.07.29	03:06:27.287	0.86810	0.86811			6
2025.07.29	03:06:29.338	0.86809	0.86810			6
2025.07.29	03:06:29.873	0.86810	0.86811			6
2025.07.29	03:06:33.337	0.86809	0.86810			6
2025.07.29	03:06:36.351		0.86811			4
2025.07.29	03:06:39.943		0.86810			4
2025.07.29	03:06:42.617	0.86810	0.86811			6
2025.07.29	03:06:42.920	0.86809	0.86810			6
2025.07.29	03:06:46.710	0.86810	0.86811			6
2025.07.29	03:06:47.430	0.86809	0.86810			6
2025.07.29	03:06:52.860	0.86810	0.86811			6
2025.07.29	03:06:53.967	0.86809	0.86810			6
2025.07.29	03:07:00.311	0.86809				2
2025.07.29	03:07:00.947	0.86810	0.86811			6
2025.07.29	03:07:02.412	0.86809	0.86810			6
2025.07.29	03:07:06.279	0.86810	0.86811			6
2025.07.29	03:07:21.400	0.86809	0.86810			6
2025.07.29	03:07:32.503	0.86813	0.86814			6
2025.07.29	03:07:32.818	0.86812				2
2025.07.29	03:07:33.962	0.86811	0.86813			6
2025.07.29	03:07:37.381	0.86812				2
2025.07.29	03:07:56.462		0.86814			4
2025.07.29	03:07:56.764	0.86811	0.86813			6
2025.07.29	03:08:00.048	0.86811				2
2025.07.29	03:08:00.389	0.86812				2
2025.07.29	03:08:16.533	0.86811				2
2025.07.29	03:08:23.982	0.86812				2
2025.07.29	03:08:24.358	0.86811				2
2025.07.29	03:08:26.371	0.86812				2
2025.07.29	03:08:29.943	0.86813	0.86814			6
2025.07.29	03:08:30.321	0.86812	0.86813			6
2025.07.29	03:08:32.285	0.86815	0.86816			6
2025.07.29	03:08:38.731	0.86814	0.86815			6
2025.07.29	03:08:39.792	0.86815	0.86816			6
2025.07.29	03:08:40.199	0.86814	0.86815			6
2025.07.29	03:08:43.513	0.86815	0.86816			6
2025.07.29	03:08:52.758	0.86814	0.86815			6
2025.07.29	03:08:54.882	0.86813	0.86814			6
2025.07.29	03:08:58.429	0.86812				2
2025.07.29	03:08:58.969		0.86813			4
2025.07.29	03:09:00.332	0.86812				2
2025.07.29	03:09:03.482	0.86813	0.86814			6
2025.07.29	03:09:04.693	0.86812	0.86813			6
2025.07.29	03:09:15.887	0.86811				2
2025.07.29	03:09:16.982	0.86812				2
2025.07.29	03:09:18.332	0.86811				2
2025.07.29	03:09:22.255	0.86812				2
2025.07.29	03:09:38.747	0.86813	0.86814			6
2025.07.29	03:09:40.028	0.86814	0.86815			6
2025.07.29	03:09:41.755		0.86816			4
2025.07.29	03:09:50.281	0.86815				2
2025.07.29	03:09:51.481	0.86814				2
2025.07.29	03:09:51.789	0.86815				2
2025.07.29	03:10:00.020	0.86815				2
2025.07.29	03:10:05.611	0.86814	0.86815			6
2025.07.29	03:10:07.725		0.86816			4
2025.07.29	03:10:11.180		0.86815			4
2025.07.29	03:10:16.816	0.86815	0.86816			6
2025.07.29	03:10:18.901	0.86814				2
2025.07.29	03:10:32.025	0.86815				2
2025.07.29	03:10:32.832	0.86814				2
2025.07.29	03:10:42.094	0.86816	0.86817			6
2025.07.29	03:10:44.010	0.86814	0.86815			6
2025.07.29	03:10:46.346		0.86816			4
2025.07.29	03:10:55.149	0.86811	0.86812			6
2025.07.29	03:10:55.476	0.86810				2
2025.07.29	03:10:57.400	0.86811				2
2025.07.29	03:11:00.377	0.86811				2
2025.07.29	03:11:18.930	0.86810				2
2025.07.29	03:11:32.276	0.86813	0.86814			6
2025.07.29	03:11:33.680	0.86812	0.86813			6
2025.07.29	03:11:55.543	0.86813	0.86814			6
2025.07.29	03:11:58.325	0.86812	0.86813			6
2025.07.29	03:12:00.544	0.86812				2
2025.07.29	03:12:01.568	0.86810	0.86811			6
2025.07.29	03:12:02.618	0.86811	0.86813			6
2025.07.29	03:12:04.204		0.86812			4
2025.07.29	03:12:06.579		0.86813			4
2025.07.29	03:12:08.313		0.86812			4
2025.07.29	03:12:10.553	0.86813	0.86814			6
2025.07.29	03:12:17.781	0.86811	0.86812			6
2025.07.29	03:12:18.111	0.86810	0.86811			6
2025.07.29	03:12:28.667	0.86809	0.86810			6
2025.07.29	03:12:33.685	0.86807	0.86809			6
2025.07.29	03:12:34.427	0.86808				2
2025.07.29	03:12:34.750	0.86807				2
2025.07.29	03:12:43.111		0.86808			4
2025.07.29	03:12:46.099		0.86809			4
2025.07.29	03:13:00.598	0.86810	0.86811			6
2025.07.29	03:13:01.399	0.86809	0.86810			6
2025.07.29	03:13:04.763	0.86808	0.86809			6
2025.07.29	03:13:29.173	0.86807				2
2025.07.29	03:13:35.420	0.86808				2
2025.07.29	03:13:35.748	0.86809	0.86810			6
2025.07.29	03:13:52.911	0.86808	0.86809			6
2025.07.29	03:13:54.116	0.86811	0.86812			6
2025.07.29	03:13:58.268	0.86810	0.86811			6
2025.07.29	03:14:01.346	0.86810				2
2025.07.29	03:14:14.635	0.86809	0.86810			6
2025.07.29	03:14:15.958	0.86810	0.86811			6
2025.07.29	03:14:16.273		0.86812			4
2025.07.29	03:14:20.448	0.86811				2
2025.07.29	03:14:25.029	0.86810				2
2025.07.29	03:14:28.817	0.86811				2
2025.07.29	03:14:31.348	0.86810				2
2025.07.29	03:14:36.060	0.86811				2
2025.07.29	03:14:36.639	0.86810				2
2025.07.29	03:14:52.705		0.86811			4
2025.07.29	03:14:57.262	0.86811	0.86812			6
2025.07.29	03:14:58.594	0.86810				2
2025.07.29	03:15:00.044	0.86811				2
2025.07.29	03:15:01.603	0.86810	0.86811			6
2025.07.29	03:15:04.963	0.86809				2
2025.07.29	03:15:05.279	0.86810				2
2025.07.29	03:15:05.599	0.86811	0.86812			6
2025.07.29	03:15:07.856	0.86810				2
2025.07.29	03:15:08.607		0.86811			4
2025.07.29	03:15:10.941	0.86811	0.86813			6
2025.07.29	03:15:11.702		0.86812			4
2025.07.29	03:15:20.789	0.86814	0.86815			6
2025.07.29	03:15:21.099	0.86813	0.86814			6
2025.07.29	03:15:21.448	0.86814	0.86815			6
2025.07.29	03:15:26.350	0.86812	0.86814			6
2025.07.29	03:15:28.798	0.86813				2
2025.07.29	03:15:29.543	0.86812				2
2025.07.29	03:15:32.880	0.86813				2
2025.07.29	03:15:41.066	0.86811	0.86812			6
2025.07.29	03:15:42.439	0.86812	0.86813			6
2025.07.29	03:15:48.436	0.86814	0.86815			6
2025.07.29	03:15:48.740	0.86813	0.86814			6
2025.07.29	03:15:49.693	0.86812				2
2025.07.29	03:16:00.332	0.86812				2
2025.07.29	03:16:02.532	0.86813				2
2025.07.29	03:16:02.856	0.86812				2
2025.07.29	03:16:03.335	0.86813				2
2025.07.29	03:16:03.900	0.86812				2
2025.07.29	03:16:04.284	0.86813				2
2025.07.29	03:16:04.635	0.86812				2
2025.07.29	03:16:05.908	0.86813				2
2025.07.29	03:16:06.881	0.86812				2
2025.07.29	03:16:13.268	0.86813				2
2025.07.29	03:16:13.574	0.86812				2
2025.07.29	03:16:19.767	0.86813				2
2025.07.29	03:16:20.249	0.86812				2
2025.07.29	03:16:20.567	0.86813				2
2025.07.29	03:16:20.956	0.86812				2
2025.07.29	03:16:23.841	0.86814	0.86815			6
2025.07.29	03:16:26.235	0.86812	0.86813			6
2025.07.29	03:16:26.574	0.86811	0.86812			6
2025.07.29	03:16:27.293		0.86813			4
2025.07.29	03:16:29.764	0.86812				2
2025.07.29	03:16:30.070	0.86811	0.86812			6
2025.07.29	03:16:35.326	0.86812	0.86813			6
2025.07.29	03:16:37.515	0.86813	0.86814			6
2025.07.29	03:16:37.829	0.86812				2
2025.07.29	03:16:40.217	0.86813				2
2025.07.29	03:16:40.982	0.86812				2
2025.07.29	03:16:42.069	0.86813				2
2025.07.29	03:16:42.849	0.86812				2
2025.07.29	03:16:45.093	0.86813				2
2025.07.29	03:16:45.514	0.86812	0.86813			6
2025.07.29	03:16:47.817		0.86814			4
2025.07.29	03:16:54.824		0.86813			4
2025.07.29	03:16:56.820	0.86813	0.86814			6
2025.07.29	03:16:57.176	0.86812				2
2025.07.29	03:17:00.334	0.86812	0.86813			6
2025.07.29	03:17:01.461	0.86811	0.86812			6
2025.07.29	03:17:03.352		0.86813			4
2025.07.29	03:17:03.653	0.86809	0.86810			6
2025.07.29	03:17:10.261	0.86808				2
2025.07.29	03:17:11.174	0.86810	0.86811			6
2025.07.29	03:17:12.871	0.86809	0.86810			6
2025.07.29	03:17:17.337	0.86808				2
2025.07.29	03:17:19.358		0.86809			4
2025.07.29	03:17:19.662		0.86810			4
2025.07.29	03:17:22.925	0.86807	0.86809			6
2025.07.29	03:17:24.441		0.86808			4
2025.07.29	03:17:24.760	0.86803	0.86804			6
2025.07.29	03:17:25.774	0.86802	0.86803			6
2025.07.29	03:17:37.671	0.86803	0.86804			6
2025.07.29	03:18:00.428	0.86803				2
2025.07.29	03:18:01.141		0.86805			4
2025.07.29	03:18:07.435	0.86804				2
2025.07.29	03:18:15.191		0.86806			4
2025.07.29	03:18:16.814	0.86807	0.86808			6
2025.07.29	03:18:17.118	0.86809	0.86810			6
2025.07.29	03:18:17.420		0.86811			4
2025.07.29	03:18:18.708	0.86810				2
2025.07.29	03:18:20.014	0.86809				2
2025.07.29	03:18:25.680	0.86810				2
2025.07.29	03:18:27.096	0.86812	0.86813			6
2025.07.29	03:18:32.212	0.86811	0.86812			6
2025.07.29	03:18:32.518	0.86810				2
2025.07.29	03:18:34.880		0.86811			4
2025.07.29	03:18:37.783		0.86812			4
2025.07.29	03:18:42.659		0.86811			4
2025.07.29	03:18:43.315	0.86809				2
2025.07.29	03:18:53.442	0.86810				2
2025.07.29	03:18:55.514	0.86809				2
2025.07.29	03:18:56.799	0.86810				2
2025.07.29	03:18:57.817	0.86809				2
2025.07.29	03:18:59.544	0.86810				2
2025.07.29	03:19:00.454	0.86809				2
2025.07.29	03:19:05.586	0.86810				2
2025.07.29	03:19:07.695	0.86811	0.86812			6
2025.07.29	03:19:08.392	0.86810				2
2025.07.29	03:19:08.704	0.86811				2
2025.07.29	03:19:09.032	0.86810				2
2025.07.29	03:19:11.042	0.86813	0.86814			6
2025.07.29	03:19:12.984	0.86812	0.86813			6
2025.07.29	03:19:13.361	0.86813	0.86814			6
2025.07.29	03:19:13.992	0.86812	0.86813			6
2025.07.29	03:19:14.442	0.86811				2
2025.07.29	03:19:22.268	0.86813	0.86814			6
2025.07.29	03:19:22.601	0.86812				2
2025.07.29	03:19:32.031	0.86814	0.86815			6
2025.07.29	03:19:32.727	0.86813	0.86814			6
2025.07.29	03:19:33.297	0.86814	0.86815			6
2025.07.29	03:19:33.616	0.86813	0.86814			6
2025.07.29	03:19:36.331	0.86814	0.86815			6
2025.07.29	03:19:44.732	0.86815	0.86816			6
2025.07.29	03:19:46.436	0.86814	0.86815			6
2025.07.29	03:19:51.552	0.86816	0.86817			6
2025.07.29	03:19:54.094	0.86815	0.86816			6
2025.07.29	03:19:55.162	0.86814	0.86815			6
2025.07.29	03:19:58.160	0.86815	0.86816			6
2025.07.29	03:19:58.984	0.86814	0.86815			6
2025.07.29	03:20:01.133	0.86814				2
2025.07.29	03:20:19.321	0.86812	0.86814			6
2025.07.29	03:20:20.659	0.86811	0.86812			6
2025.07.29	03:20:24.030	0.86810				2
2025.07.29	03:20:26.111		0.86811			4
2025.07.29	03:20:28.071		0.86812			4
2025.07.29	03:20:39.790		0.86811			4
2025.07.29	03:20:40.209		0.86812			4
2025.07.29	03:20:41.487	0.86811	0.86813			6
2025.07.29	03:20:50.644	0.86812	0.86814			6
2025.07.29	03:20:53.172	0.86813				2
2025.07.29	03:20:55.764	0.86814	0.86815			6
2025.07.29	03:20:56.158	0.86813	0.86814			6
2025.07.29	03:20:56.460	0.86815	0.86816			6
2025.07.29	03:20:59.395	0.86814	0.86815			6
2025.07.29	03:21:00.366	0.86815	0.86816			6
2025.07.29	03:21:01.424	0.86814				2
2025.07.29	03:21:02.781	0.86816	0.86817			6
2025.07.29	03:21:05.231		0.86818			4
2025.07.29	03:21:06.638	0.86815				2
2025.07.29	03:21:06.955	0.86816				2
2025.07.29	03:21:07.277	0.86815	0.86817			6
2025.07.29	03:21:09.808	0.86816				2
2025.07.29	03:21:10.193	0.86815				2
2025.07.29	03:21:24.654		0.86816			4
2025.07.29	03:21:26.973	0.86816	0.86817			6
2025.07.29	03:21:28.853	0.86815				2
2025.07.29	03:21:29.160	0.86813	0.86815			6
2025.07.29	03:21:30.263	0.86814	0.86816			6
2025.07.29	03:21:30.588	0.86815				2
2025.07.29	03:21:37.156	0.86816	0.86817			6
2025.07.29	03:21:45.052	0.86815	0.86816			6
2025.07.29	03:21:50.331	0.86816	0.86817			6
2025.07.29	03:21:50.639	0.86815	0.86816			6
2025.07.29	03:22:00.316	0.86815	0.86817			6
2025.07.29	03:22:02.605	0.86818	0.86819			6
2025.07.29	03:22:03.539	0.86817	0.86818			6
2025.07.29	03:22:03.859	0.86816				2
2025.07.29	03:22:08.431	0.86817				2
2025.07.29	03:22:14.262	0.86816				2
2025.07.29	03:22:14.609	0.86817				2
2025.07.29	03:22:25.499	0.86818	0.86819			6
2025.07.29	03:22:41.188	0.86819	0.86820			6
2025.07.29	03:22:55.802	0.86816	0.86817			6
2025.07.29	03:22:56.111	0.86814	0.86816			6
2025.07.29	03:22:56.415		0.86815			4
2025.07.29	03:22:59.607	0.86813				2
2025.07.29	03:23:00.351	0.86813				2
2025.07.29	03:23:01.518	0.86814				2
2025.07.29	03:23:02.557	0.86815	0.86816			6
2025.07.29	03:23:02.970	0.86814				2
2025.07.29	03:23:03.499		0.86815			4
2025.07.29	03:23:03.958	0.86813	0.86814			6
2025.07.29	03:23:06.331	0.86815	0.86816			6
2025.07.29	03:23:06.685	0.86816	0.86817			6
2025.07.29	03:23:09.302	0.86817	0.86818			6
2025.07.29	03:23:10.919	0.86816	0.86817			6
2025.07.29	03:23:15.962	0.86817	0.86818			6
2025.07.29	03:23:21.028	0.86814	0.86816			6
2025.07.29	03:23:26.303		0.86815			4
2025.07.29	03:23:34.951		0.86816			4
2025.07.29	03:23:40.182	0.86815				2
2025.07.29	03:23:40.865	0.86814				2
2025.07.29	03:23:42.542	0.86815				2
2025.07.29	03:23:43.031	0.86814				2
2025.07.29	03:23:43.383	0.86815				2
2025.07.29	03:23:43.892	0.86814				2
2025.07.29	03:23:44.758		0.86815			4
2025.07.29	03:23:54.897	0.86813	0.86814			6
2025.07.29	03:23:58.134		0.86815			4
2025.07.29	03:24:00.488	0.86813	0.86814			6
2025.07.29	03:24:01.711	0.86812				2
2025.07.29	03:24:06.551	0.86813	0.86815			6
2025.07.29	03:24:06.856	0.86814				2
2025.07.29	03:24:07.665	0.86813				2
2025.07.29	03:24:09.297		0.86814			4
2025.07.29	03:24:15.177	0.86814	0.86815			6
2025.07.29	03:24:22.032	0.86813				2
2025.07.29	03:24:37.888	0.86812	0.86814			6
2025.07.29	03:24:38.196	0.86810	0.86812			6
2025.07.29	03:24:42.251	0.86809	0.86811			6
2025.07.29	03:24:42.802		0.86810			4
2025.07.29	03:24:48.474	0.86810	0.86811			6
2025.07.29	03:24:50.338	0.86809				2
2025.07.29	03:24:52.265	0.86812	0.86813			6
2025.07.29	03:25:00.563	0.86812				2
2025.07.29	03:25:05.228	0.86813	0.86814			6
2025.07.29	03:25:31.386	0.86810	0.86812			6
2025.07.29	03:25:32.645	0.86811				2
2025.07.29	03:25:33.957	0.86810				2
2025.07.29	03:25:43.962	0.86811				2
2025.07.29	03:25:44.413	0.86812	0.86813			6
2025.07.29	03:25:45.280	0.86810	0.86812			6
2025.07.29	03:25:45.648		0.86811			4
2025.07.29	03:25:46.426		0.86812			4
2025.07.29	03:25:55.661	0.86809	0.86811			6
2025.07.29	03:25:58.125		0.86810			4
2025.07.29	03:26:01.227	0.86809				2
2025.07.29	03:26:01.623	0.86807	0.86808			6
2025.07.29	03:26:02.904		0.86809			4
2025.07.29	03:26:07.269	0.86808				2
2025.07.29	03:26:09.255	0.86807				2
2025.07.29	03:26:13.472		0.86808			4
2025.07.29	03:26:14.624		0.86809			4
2025.07.29	03:26:17.557	0.86808				2
2025.07.29	03:26:18.571	0.86807				2
2025.07.29	03:26:35.537	0.86809	0.86810			6
2025.07.29	03:26:36.379	0.86808	0.86809			6
2025.07.29	03:26:38.837		0.86810			4
2025.07.29	03:26:41.658		0.86809			4
2025.07.29	03:26:53.839	0.86807				2
2025.07.29	03:26:59.118	0.86808				2
2025.07.29	03:26:59.793	0.86807				2
2025.07.29	03:27:00.094	0.86807				2
2025.07.29	03:27:06.619	0.86808				2
2025.07.29	03:27:11.657		0.86810			4
2025.07.29	03:27:14.057		0.86809			4
2025.07.29	03:27:15.058		0.86810			4
2025.07.29	03:27:18.462		0.86809			4
2025.07.29	03:27:19.649	0.86806	0.86807			6
2025.07.29	03:27:28.043	0.86803	0.86804			6
2025.07.29	03:27:28.346		0.86805			4
2025.07.29	03:27:28.747	0.86804				2
2025.07.29	03:27:29.323	0.86803				2
2025.07.29	03:27:35.770		0.86804			4
2025.07.29	03:27:38.372	0.86804	0.86805			6
2025.07.29	03:27:43.381	0.86805	0.86806			6
2025.07.29	03:27:44.008	0.86806	0.86807			6
2025.07.29	03:27:45.165	0.86805	0.86806			6
2025.07.29	03:27:55.019	0.86804	0.86805			6
2025.07.29	03:27:56.247	0.86803	0.86804			6
2025.07.29	03:27:57.619	0.86802				2
2025.07.29	03:28:00.624	0.86802				2
2025.07.29	03:28:13.229		0.86803			4
2025.07.29	03:28:17.792	0.86801	0.86802			6
2025.07.29	03:28:18.426	0.86802	0.86803			6
2025.07.29	03:28:18.739		0.86804			4
2025.07.29	03:28:21.608	0.86800	0.86802			6
2025.07.29	03:28:21.962	0.86799				2
2025.07.29	03:28:22.727	0.86800				2
2025.07.29	03:28:23.470	0.86801	0.86803			6
2025.07.29	03:28:28.980		0.86802			4
2025.07.29	03:28:39.507	0.86802	0.86803			6
2025.07.29	03:28:43.243	0.86801	0.86802			6
2025.07.29	03:28:45.705	0.86802	0.86804			6
2025.07.29	03:28:46.030		0.86803			4
2025.07.29	03:28:49.511	0.86803	0.86804			6
2025.07.29	03:28:49.818	0.86802				2
2025.07.29	03:28:50.309	0.86801				2
2025.07.29	03:28:52.415	0.86804	0.86805			6
2025.07.29	03:28:52.800	0.86805	0.86806			6
2025.07.29	03:28:53.677	0.86803	0.86804			6
2025.07.29	03:29:00.104	0.86803				2
2025.07.29	03:29:03.656	0.86802	0.86803			6
2025.07.29	03:29:09.211	0.86800	0.86801			6
2025.07.29	03:29:09.540	0.86801	0.86802			6
2025.07.29	03:29:14.705	0.86799	0.86800			6
2025.07.29	03:29:15.807		0.86801			4
2025.07.29	03:29:16.940		0.86800			4
2025.07.29	03:29:17.929	0.86798				2
2025.07.29	03:29:20.770	0.86799	0.86801			6
2025.07.29	03:29:26.714	0.86800	0.86802			6
2025.07.29	03:29:27.905		0.86801			4
2025.07.29	03:29:28.639	0.86801	0.86802			6
2025.07.29	03:29:37.359	0.86802	0.86803			6
2025.07.29	03:29:37.669	0.86801	0.86802			6
2025.07.29	03:29:45.928	0.86800				2
2025.07.29	03:29:47.387	0.86801				2
2025.07.29	03:29:52.057		0.86803			4
2025.07.29	03:29:52.607		0.86802			4
2025.07.29	03:29:57.201		0.86803			4
2025.07.29	03:29:57.982		0.86802			4
2025.07.29	03:30:00.330	0.86801				2
2025.07.29	03:30:29.568	0.86802	0.86803			6
2025.07.29	03:30:34.416	0.86804	0.86805			6
2025.07.29	03:30:34.723	0.86803				2
2025.07.29	03:30:42.516	0.86804				2
2025.07.29	03:30:45.507		0.86806			4
2025.07.29	03:30:45.834		0.86805			4
2025.07.29	03:30:46.889		0.86806			4
2025.07.29	03:30:49.086		0.86805			4
2025.07.29	03:30:49.740		0.86806			4
2025.07.29	03:30:50.772	0.86806	0.86807			6
2025.07.29	03:30:51.090	0.86805				2
2025.07.29	03:30:51.463	0.86806				2
2025.07.29	03:30:52.733	0.86805	0.86806			6
2025.07.29	03:30:59.878	0.86804	0.86805			6
2025.07.29	03:31:00.285	0.86804	0.86806			6
2025.07.29	03:31:08.497		0.86805			4
2025.07.29	03:31:12.211		0.86806			4
2025.07.29	03:31:18.252	0.86806	0.86807			6
2025.07.29	03:31:19.232		0.86808			4
2025.07.29	03:31:23.221		0.86807			4
2025.07.29	03:31:23.613	0.86804	0.86806			6
2025.07.29	03:31:23.915	0.86806	0.86807			6
2025.07.29	03:31:31.718		0.86808			4
2025.07.29	03:31:50.507	0.86808	0.86811			6
2025.07.29	03:31:50.809		0.86810			4
2025.07.29	03:32:00.051	0.86808	0.86811			6
2025.07.29	03:32:03.846		0.86810			4
2025.07.29	03:32:07.379		0.86811			4
2025.07.29	03:32:07.833		0.86810			4
2025.07.29	03:32:21.154		0.86809			4
2025.07.29	03:32:21.459	0.86807				2
2025.07.29	03:32:25.941	0.86808				2
2025.07.29	03:32:30.590	0.86805	0.86808			6
