<DATE>	<TIME>	<BID>	<ASK>	<LAST>	<VOLUME>	<FLAGS>
2025.02.11	00:00:00.268	0.83325	0.83361			6
2025.02.11	00:00:01.241	0.83261	0.83387			6
2025.02.11	00:00:01.847	0.83276				2
2025.02.11	00:00:02.754	0.83278				2
2025.02.11	00:00:03.360		0.83385			4
2025.02.11	00:00:03.663	0.83263	0.83417			6
2025.02.11	00:00:30.903	0.83236	0.83420			6
2025.02.11	00:01:03.590	0.83236				2
2025.02.11	00:01:30.972		0.83420			4
2025.02.11	00:01:37.650		0.83417			4
2025.02.11	00:01:54.854		0.83420			4
2025.02.11	00:02:03.576	0.83238	0.83418			6
2025.02.11	00:02:30.896	0.83241				2
2025.02.11	00:02:34.562	0.83251	0.83393			6
2025.02.11	00:03:08.862	0.83251				2
2025.02.11	00:03:12.806	0.83258				2
2025.02.11	00:03:34.566		0.83393			4
2025.02.11	00:03:54.943	0.83272				2
2025.02.11	00:04:12.491	0.83272				2
2025.02.11	00:04:34.568		0.83391			4
2025.02.11	00:04:49.953	0.83268				2
2025.02.11	00:05:01.999	0.83268				2
2025.02.11	00:05:06.297	0.83278				2
2025.02.11	00:05:11.311	0.83280				2
2025.02.11	00:05:25.761	0.83281				2
2025.02.11	00:05:30.376	0.83273				2
2025.02.11	00:05:30.963	0.83280				2
2025.02.11	00:05:31.926	0.83279				2
2025.02.11	00:05:32.367	0.83271				2
2025.02.11	00:05:35.476	0.83274	0.83391			6
2025.02.11	00:05:36.087	0.83271				2
2025.02.11	00:05:39.988	0.83270				2
2025.02.11	00:05:40.371	0.83275				2
2025.02.11	00:05:40.815	0.83277				2
2025.02.11	00:05:42.363	0.83279				2
2025.02.11	00:05:46.105	0.83277				2
2025.02.11	00:05:54.643	0.83275				2
2025.02.11	00:05:56.143	0.83277				2
2025.02.11	00:05:59.434	0.83279				2
2025.02.11	00:06:00.730	0.83278				2
2025.02.11	00:06:01.420	0.83282				2
2025.02.11	00:06:13.413	0.83280				2
2025.02.11	00:06:16.363	0.83281				2
2025.02.11	00:06:18.034	0.83283				2
2025.02.11	00:06:18.625	0.83284				2
2025.02.11	00:06:23.095	0.83282				2
2025.02.11	00:06:28.092	0.83281				2
2025.02.11	00:06:28.694	0.83283				2
2025.02.11	00:06:33.462	0.83282				2
2025.02.11	00:06:38.802	0.83283	0.83391			6
2025.02.11	00:06:44.245	0.83282				2
2025.02.11	00:06:48.788	0.83281				2
2025.02.11	00:06:49.484	0.83282				2
2025.02.11	00:06:51.996	0.83283				2
2025.02.11	00:06:52.629	0.83282				2
2025.02.11	00:06:53.987	0.83283				2
2025.02.11	00:06:54.921	0.83281				2
2025.02.11	00:06:58.774	0.83283				2
2025.02.11	00:07:04.030	0.83282				2
2025.02.11	00:07:04.381	0.83283				2
2025.02.11	00:07:09.574	0.83284				2
2025.02.11	00:07:14.055	0.83283				2
2025.02.11	00:07:15.041	0.83282				2
2025.02.11	00:07:19.958	0.83284				2
2025.02.11	00:07:25.382	0.83283				2
2025.02.11	00:07:30.696	0.83282				2
2025.02.11	00:07:35.654	0.83283				2
2025.02.11	00:07:41.131		0.83391			4
2025.02.11	00:07:44.346	0.83280				2
2025.02.11	00:07:46.110	0.83281				2
2025.02.11	00:07:50.972	0.83280				2
2025.02.11	00:07:55.589	0.83281				2
2025.02.11	00:08:00.558	0.83282				2
2025.02.11	00:08:06.834	0.83284				2
2025.02.11	00:08:10.757	0.83283				2
2025.02.11	00:08:15.923	0.83282				2
2025.02.11	00:08:21.349	0.83283				2
2025.02.11	00:08:26.321	0.83284				2
2025.02.11	00:08:31.679	0.83283				2
2025.02.11	00:08:51.216		0.83391			4
2025.02.11	00:09:00.381	0.83283				2
2025.02.11	00:09:13.060	0.83284				2
2025.02.11	00:09:18.380	0.83282				2
2025.02.11	00:09:23.432	0.83285				2
2025.02.11	00:09:28.673	0.83284				2
2025.02.11	00:09:29.065	0.83283				2
2025.02.11	00:09:34.469	0.83282				2
2025.02.11	00:09:37.895	0.83283				2
2025.02.11	00:09:39.719	0.83284				2
2025.02.11	00:09:42.878	0.83283				2
2025.02.11	00:09:47.935	0.83282				2
2025.02.11	00:09:49.892	0.83281				2
2025.02.11	00:09:54.546	0.83283	0.83391			6
2025.02.11	00:10:00.348	0.83292	0.83377			6
2025.02.11	00:10:01.553	0.83291				2
2025.02.11	00:10:02.941	0.83293	0.83378			6
2025.02.11	00:10:04.877	0.83294	0.83377			6
2025.02.11	00:10:09.467	0.83293	0.83378			6
2025.02.11	00:10:11.531	0.83309	0.83371			6
2025.02.11	00:10:13.985		0.83370			4
2025.02.11	00:10:16.405		0.83369			4
2025.02.11	00:10:23.663	0.83307	0.83378			6
2025.02.11	00:10:53.609	0.83279	0.83375			6
2025.02.11	00:10:54.600	0.83280				2
2025.02.11	00:10:54.979	0.83307	0.83378			6
2025.02.11	00:10:55.980	0.83280	0.83375			6
2025.02.11	00:10:59.910	0.83307	0.83378			6
2025.02.11	00:11:00.214	0.83307				2
2025.02.11	00:11:00.819	0.83280	0.83375			6
2025.02.11	00:11:01.668	0.83281				2
2025.02.11	00:11:04.785	0.83307	0.83376			6
2025.02.11	00:11:05.709	0.83281	0.83375			6
2025.02.11	00:11:07.038	0.83282				2
2025.02.11	00:11:09.664	0.83307	0.83376			6
2025.02.11	00:11:10.595	0.83282	0.83375			6
2025.02.11	00:11:14.685	0.83308	0.83378			6
2025.02.11	00:11:15.639	0.83282	0.83375			6
2025.02.11	00:11:21.001	0.83281				2
2025.02.11	00:11:23.632	0.83280				2
2025.02.11	00:11:27.300	0.83281				2
2025.02.11	00:11:43.800	0.83280				2
2025.02.11	00:12:01.208	0.83280				2
2025.02.11	00:12:09.394	0.83279	0.83376			6
2025.02.11	00:12:10.549	0.83280	0.83375			6
2025.02.11	00:12:20.122	0.83278				2
2025.02.11	00:12:21.368	0.83284				2
2025.02.11	00:12:22.196	0.83285				2
2025.02.11	00:12:22.798	0.83286				2
2025.02.11	00:12:23.192	0.83281				2
2025.02.11	00:12:24.354	0.83280				2
2025.02.11	00:12:24.897	0.83278				2
2025.02.11	00:12:25.285	0.83283				2
2025.02.11	00:12:25.617	0.83277				2
2025.02.11	00:12:26.701	0.83282				2
2025.02.11	00:12:27.134	0.83277				2
2025.02.11	00:12:28.313	0.83281				2
2025.02.11	00:12:30.912	0.83282				2
2025.02.11	00:12:32.354	0.83279				2
2025.02.11	00:12:35.396	0.83280				2
2025.02.11	00:12:44.398	0.83279				2
2025.02.11	00:12:49.198	0.83280				2
2025.02.11	00:12:50.396	0.83281	0.83376			6
2025.02.11	00:12:53.096	0.83282				2
2025.02.11	00:12:54.298	0.83281				2
2025.02.11	00:12:55.201	0.83279	0.83375			6
2025.02.11	00:12:56.190	0.83281	0.83376			6
2025.02.11	00:13:00.024	0.83281				2
2025.02.11	00:13:00.884	0.83282	0.83375			6
2025.02.11	00:13:01.497	0.83276				2
2025.02.11	00:13:02.100	0.83278				2
2025.02.11	00:13:04.307	0.83282	0.83374			6
2025.02.11	00:13:04.798	0.83281				2
2025.02.11	00:13:07.198	0.83280				2
2025.02.11	00:13:08.996	0.83279				2
2025.02.11	00:13:14.096	0.83280				2
2025.02.11	00:13:14.997	0.83279				2
2025.02.11	00:13:24.897	0.83280				2
2025.02.11	00:13:30.110		0.83373			4
2025.02.11	00:13:33.660		0.83374			4
2025.02.11	00:13:53.100		0.83375			4
2025.02.11	00:13:57.737	0.83283	0.83372			6
2025.02.11	00:14:02.186	0.83287				2
2025.02.11	00:14:02.699	0.83286				2
2025.02.11	00:14:03.466		0.83371			4
2025.02.11	00:14:05.332	0.83285				2
2025.02.11	00:14:25.613		0.83373			4
2025.02.11	00:14:27.598	0.83284				2
2025.02.11	00:14:30.117	0.83283	0.83374			6
2025.02.11	00:14:36.586	0.83296	0.83376			6
2025.02.11	00:14:36.897	0.83307	0.83378			6
2025.02.11	00:14:38.051	0.83308				2
2025.02.11	00:14:41.105		0.83379			4
2025.02.11	00:14:42.425	0.83309				2
2025.02.11	00:14:44.701	0.83306	0.83378			6
2025.02.11	00:14:46.824	0.83305	0.83379			6
2025.02.11	00:14:58.299	0.83306				2
2025.02.11	00:14:59.086	0.83315	0.83383			6
2025.02.11	00:14:59.396	0.83322				2
2025.02.11	00:15:00.316	0.83322				2
2025.02.11	00:15:03.421	0.83321				2
2025.02.11	00:15:04.365	0.83320				2
2025.02.11	00:15:05.999	0.83321				2
2025.02.11	00:15:06.478	0.83320				2
2025.02.11	00:15:06.897	0.83321				2
2025.02.11	00:15:07.921	0.83320				2
2025.02.11	00:15:08.398	0.83321				2
2025.02.11	00:15:12.628	0.83320				2
2025.02.11	00:15:13.269	0.83331				2
2025.02.11	00:15:18.790	0.83330				2
2025.02.11	00:15:22.859	0.83317				2
2025.02.11	00:15:23.160	0.83318				2
2025.02.11	00:15:27.520	0.83317				2
2025.02.11	00:15:27.900	0.83319				2
2025.02.11	00:15:36.290	0.83321				2
2025.02.11	00:15:37.474	0.83320				2
2025.02.11	00:15:58.797	0.83321				2
2025.02.11	00:16:02.609	0.83318	0.83383			6
2025.02.11	00:16:03.000	0.83317				2
2025.02.11	00:16:05.450	0.83318				2
2025.02.11	00:16:06.001	0.83319				2
2025.02.11	00:16:17.852	0.83318				2
2025.02.11	00:16:18.655	0.83319				2
2025.02.11	00:16:20.201	0.83318				2
2025.02.11	00:16:23.700	0.83317				2
2025.02.11	00:16:31.806	0.83318				2
2025.02.11	00:16:35.594	0.83315				2
2025.02.11	00:16:35.926	0.83317				2
2025.02.11	00:16:39.972	0.83315				2
2025.02.11	00:16:45.614	0.83316				2
2025.02.11	00:16:46.522	0.83318				2
2025.02.11	00:16:54.121	0.83316				2
2025.02.11	00:16:55.424	0.83314				2
2025.02.11	00:16:58.727	0.83317				2
2025.02.11	00:16:59.792	0.83318				2
2025.02.11	00:17:02.614	0.83318	0.83383			6
2025.02.11	00:17:03.600	0.83317				2
2025.02.11	00:17:05.575	0.83318				2
2025.02.11	00:17:06.597	0.83317				2
2025.02.11	00:17:08.512	0.83315				2
2025.02.11	00:17:10.967	0.83316				2
2025.02.11	00:17:18.462	0.83317				2
2025.02.11	00:17:22.505	0.83316				2
2025.02.11	00:17:37.811	0.83317				2
2025.02.11	00:17:42.950	0.83316				2
2025.02.11	00:17:48.668	0.83314				2
2025.02.11	00:17:58.853	0.83313				2
2025.02.11	00:18:00.964	0.83313				2
2025.02.11	00:18:02.703	0.83314	0.83383			6
2025.02.11	00:18:09.852	0.83313				2
2025.02.11	00:18:12.974	0.83314				2
2025.02.11	00:18:39.308	0.83313				2
2025.02.11	00:18:51.434	0.83312				2
2025.02.11	00:18:53.700	0.83313				2
2025.02.11	00:18:57.314	0.83310				2
2025.02.11	00:19:00.428	0.83309				2
2025.02.11	00:19:02.860		0.83383			4
2025.02.11	00:20:00.970	0.83309				2
2025.02.11	00:20:02.634	0.83306				2
2025.02.11	00:20:05.402	0.83307	0.83383			6
2025.02.11	00:20:12.301	0.83306				2
2025.02.11	00:20:13.690	0.83307				2
2025.02.11	00:20:15.597	0.83308				2
2025.02.11	00:20:31.384	0.83305				2
2025.02.11	00:21:00.301	0.83305				2
2025.02.11	00:21:02.999	0.83310				2
2025.02.11	00:21:05.866	0.83309	0.83383			6
2025.02.11	00:21:09.301	0.83310				2
2025.02.11	00:21:23.999	0.83309				2
2025.02.11	00:21:32.096	0.83308				2
2025.02.11	00:21:33.297	0.83306				2
2025.02.11	00:21:42.296	0.83308				2
2025.02.11	00:22:00.846	0.83308				2
2025.02.11	00:22:11.117		0.83383			4
2025.02.11	00:22:13.507	0.83309				2
2025.02.11	00:22:16.803	0.83310				2
2025.02.11	00:22:18.876	0.83309				2
2025.02.11	00:22:21.845	0.83310				2
2025.02.11	00:22:22.566	0.83306				2
2025.02.11	00:22:23.909	0.83308				2
2025.02.11	00:22:24.296	0.83309				2
2025.02.11	00:22:24.649	0.83312				2
2025.02.11	00:22:28.201	0.83313				2
2025.02.11	00:22:39.901	0.83314				2
2025.02.11	00:22:42.383	0.83311				2
2025.02.11	00:22:43.880	0.83312				2
2025.02.11	00:22:48.531	0.83314				2
2025.02.11	00:23:01.196	0.83313				2
2025.02.11	00:23:06.832	0.83312				2
2025.02.11	00:23:07.197	0.83313				2
2025.02.11	00:23:16.823		0.83383			4
2025.02.11	00:23:25.507	0.83305				2
2025.02.11	00:23:27.955	0.83292	0.83384			6
2025.02.11	00:23:28.356	0.83285				2
2025.02.11	00:23:30.344	0.83279				2
2025.02.11	00:23:31.196		0.83383			4
2025.02.11	00:23:36.903		0.83382			4
2025.02.11	00:23:38.314	0.83288	0.83381			6
2025.02.11	00:23:38.853	0.83289				2
2025.02.11	00:23:41.104		0.83382			4
2025.02.11	00:23:44.485	0.83288	0.83384			6
2025.02.11	00:23:44.853	0.83289	0.83383			6
2025.02.11	00:23:46.206		0.83384			4
2025.02.11	00:23:50.867	0.83290				2
2025.02.11	00:23:56.352	0.83291				2
2025.02.11	00:24:01.209	0.83291				2
2025.02.11	00:24:02.333	0.83290				2
2025.02.11	00:24:03.972	0.83291				2
2025.02.11	00:24:08.148		0.83386			4
2025.02.11	00:24:09.051	0.83292				2
2025.02.11	00:24:11.848	0.83290	0.83380			6
2025.02.11	00:24:12.367	0.83285				2
2025.02.11	00:24:12.858	0.83284				2
2025.02.11	00:24:17.004	0.83285				2
2025.02.11	00:24:17.524		0.83383			4
2025.02.11	00:24:19.712		0.83382			4
2025.02.11	00:24:20.016	0.83284				2
2025.02.11	00:24:22.359	0.83287				2
2025.02.11	00:24:29.486	0.83288	0.83383			6
2025.02.11	00:24:35.926		0.83382			4
2025.02.11	00:24:41.787	0.83284	0.83378			6
2025.02.11	00:24:43.166	0.83286				2
2025.02.11	00:24:43.745	0.83287				2
2025.02.11	00:24:52.355	0.83288				2
2025.02.11	00:24:56.951	0.83287				2
2025.02.11	00:24:57.313	0.83288				2
2025.02.11	00:24:58.139	0.83284				2
2025.02.11	00:24:58.534		0.83377			4
2025.02.11	00:24:59.143	0.83286	0.83378			6
2025.02.11	00:24:59.949	0.83287	0.83379			6
2025.02.11	00:25:00.261	0.83284				2
2025.02.11	00:25:03.231		0.83380			4
2025.02.11	00:25:04.638		0.83381			4
2025.02.11	00:25:15.212	0.83288	0.83385			6
2025.02.11	00:25:17.700		0.83384			4
2025.02.11	00:25:18.931		0.83383			4
2025.02.11	00:25:24.026		0.83385			4
2025.02.11	00:25:27.952		0.83384			4
2025.02.11	00:26:01.206	0.83288				2
2025.02.11	00:26:10.207	0.83290				2
2025.02.11	00:26:15.433	0.83300				2
2025.02.11	00:26:28.465		0.83384			4
2025.02.11	00:27:01.515	0.83300				2
2025.02.11	00:27:34.756		0.83384			4
2025.02.11	00:28:01.213	0.83300				2
2025.02.11	00:28:34.536		0.83383			4
2025.02.11	00:28:39.307		0.83381			4
2025.02.11	00:28:51.831		0.83380			4
2025.02.11	00:28:53.867		0.83381			4
2025.02.11	00:29:00.436	0.83296				2
2025.02.11	00:29:09.652		0.83380			4
2025.02.11	00:29:14.983		0.83381			4
2025.02.11	00:29:15.430	0.83303				2
2025.02.11	00:29:28.921		0.83378			4
2025.02.11	00:29:29.271		0.83377			4
2025.02.11	00:29:33.857	0.83272	0.83368			6
2025.02.11	00:29:34.213		0.83371			4
2025.02.11	00:29:34.657		0.83370			4
2025.02.11	00:29:35.153		0.83369			4
2025.02.11	00:29:35.726		0.83370			4
2025.02.11	00:29:36.299		0.83371			4
2025.02.11	00:29:36.898	0.83271	0.83369			6
2025.02.11	00:29:38.530		0.83370			4
2025.02.11	00:29:49.442		0.83366			4
2025.02.11	00:29:51.389		0.83365			4
2025.02.11	00:29:53.785		0.83366			4
2025.02.11	00:29:54.795		0.83364			4
2025.02.11	00:29:58.678	0.83256				2
2025.02.11	00:30:00.303	0.83262				2
2025.02.11	00:30:00.898		0.83365			4
2025.02.11	00:30:05.097		0.83362			4
2025.02.11	00:30:06.758		0.83361			4
2025.02.11	00:30:07.799		0.83360			4
2025.02.11	00:30:09.139	0.83265				2
2025.02.11	00:30:09.598	0.83287				2
2025.02.11	00:30:10.777	0.83264				2
2025.02.11	00:30:11.432	0.83262	0.83363			6
2025.02.11	00:30:12.000	0.83263				2
2025.02.11	00:30:16.435	0.83262	0.83369			6
2025.02.11	00:30:20.281	0.83281	0.83368			6
2025.02.11	00:30:27.951	0.83262	0.83369			6
2025.02.11	00:30:50.152	0.83277				2
2025.02.11	00:30:58.202		0.83370			4
2025.02.11	00:31:01.758	0.83277				2
2025.02.11	00:31:04.128		0.83369			4
2025.02.11	00:31:09.180	0.83275				2
2025.02.11	00:31:14.683		0.83370			4
2025.02.11	00:31:16.837		0.83369			4
2025.02.11	00:31:17.437		0.83368			4
2025.02.11	00:31:18.611		0.83367			4
2025.02.11	00:31:19.536	0.83285	0.83366			6
2025.02.11	00:31:30.514	0.83283	0.83368			6
2025.02.11	00:31:31.147	0.83284	0.83367			6
2025.02.11	00:31:35.097	0.83283	0.83368			6
2025.02.11	00:31:39.901		0.83369			4
2025.02.11	00:31:40.966	0.83275	0.83368			6
2025.02.11	00:31:41.277	0.83286	0.83366			6
2025.02.11	00:31:51.832		0.83368			4
2025.02.11	00:31:52.542	0.83282				2
2025.02.11	00:31:54.899	0.83283	0.83367			6
2025.02.11	00:31:56.883		0.83364			4
2025.02.11	00:31:59.955	0.83284				2
2025.02.11	00:32:01.921	0.83284				2
2025.02.11	00:32:03.000	0.83283				2
2025.02.11	00:32:18.191	0.83290				2
2025.02.11	00:32:18.562	0.83296				2
2025.02.11	00:32:19.197	0.83299				2
2025.02.11	00:32:22.209	0.83298				2
2025.02.11	00:32:29.177	0.83266				2
2025.02.11	00:32:29.561	0.83262				2
2025.02.11	00:32:39.308	0.83263				2
2025.02.11	00:32:41.698	0.83262				2
2025.02.11	00:32:55.039	0.83285				2
2025.02.11	00:32:58.315		0.83364			4
2025.02.11	00:33:00.744	0.83287				2
2025.02.11	00:33:01.282	0.83286				2
2025.02.11	00:33:05.473	0.83284				2
2025.02.11	00:33:07.176	0.83287				2
2025.02.11	00:33:22.167	0.83284				2
2025.02.11	00:33:31.840	0.83287				2
2025.02.11	00:33:44.821	0.83285				2
2025.02.11	00:33:48.471	0.83278				2
2025.02.11	00:33:58.414		0.83364			4
2025.02.11	00:33:59.212	0.83279				2
2025.02.11	00:34:01.491	0.83288				2
2025.02.11	00:34:02.456	0.83283				2
2025.02.11	00:34:03.112	0.83288				2
2025.02.11	00:34:04.568	0.83284				2
2025.02.11	00:34:08.424	0.83266				2
2025.02.11	00:34:10.306	0.83287				2
2025.02.11	00:34:14.832		0.83366			4
2025.02.11	00:34:18.570		0.83367			4
2025.02.11	00:34:21.850		0.83366			4
2025.02.11	00:34:24.379	0.83267	0.83367			6
2025.02.11	00:34:29.697		0.83368			4
2025.02.11	00:34:31.834		0.83366			4
2025.02.11	00:34:33.290		0.83367			4
2025.02.11	00:35:01.809	0.83267				2
2025.02.11	00:35:13.303	0.83285				2
2025.02.11	00:35:31.410	0.83256				2
2025.02.11	00:35:33.461		0.83367			4
2025.02.11	00:35:35.098	0.83257				2
2025.02.11	00:35:37.989	0.83252	0.83370			6
2025.02.11	00:35:38.514	0.83253	0.83369			6
2025.02.11	00:35:40.315	0.83252				2
2025.02.11	00:35:41.648	0.83253	0.83368			6
2025.02.11	00:35:45.578	0.83284	0.83363			6
2025.02.11	00:35:48.524	0.83261	0.83364			6
2025.02.11	00:35:50.362		0.83363			4
2025.02.11	00:35:51.624		0.83364			4
2025.02.11	00:35:52.533		0.83363			4
2025.02.11	00:35:53.577	0.83287	0.83361			6
2025.02.11	00:35:55.088	0.83261	0.83363			6
2025.02.11	00:36:04.165	0.83288				2
2025.02.11	00:36:04.875		0.83361			4
2025.02.11	00:36:05.189	0.83262				2
2025.02.11	00:36:11.943		0.83358			4
2025.02.11	00:36:21.903	0.83286	0.83360			6
2025.02.11	00:36:24.300		0.83361			4
2025.02.11	00:36:26.400		0.83360			4
2025.02.11	00:36:31.204	0.83262	0.83359			6
2025.02.11	00:36:31.541		0.83358			4
2025.02.11	00:36:33.302		0.83357			4
2025.02.11	00:36:42.304		0.83356			4
2025.02.11	00:37:00.391	0.83262				2
2025.02.11	00:37:06.846	0.83284				2
2025.02.11	00:37:11.963	0.83262	0.83354			6
2025.02.11	00:37:12.351		0.83352			4
2025.02.11	00:37:13.597		0.83351			4
2025.02.11	00:37:15.599		0.83352			4
2025.02.11	00:37:16.450	0.83281				2
2025.02.11	00:37:22.358	0.83263				2
2025.02.11	00:37:25.990		0.83351			4
2025.02.11	00:37:26.301		0.83349			4
2025.02.11	00:37:26.622		0.83350			4
2025.02.11	00:37:27.008		0.83349			4
2025.02.11	00:37:28.172	0.83280				2
2025.02.11	00:37:28.991		0.83348			4
2025.02.11	00:37:29.492		0.83350			4
2025.02.11	00:37:29.804	0.83278	0.83349			6
2025.02.11	00:37:30.206		0.83348			4
2025.02.11	00:37:30.509		0.83350			4
2025.02.11	00:37:31.353		0.83349			4
2025.02.11	00:37:31.866		0.83346			4
2025.02.11	00:37:32.200		0.83347			4
2025.02.11	00:37:33.477		0.83346			4
2025.02.11	00:37:34.002		0.83347			4
2025.02.11	00:37:34.479		0.83346			4
2025.02.11	00:37:36.021		0.83347			4
2025.02.11	00:37:38.001		0.83346			4
2025.02.11	00:37:38.484		0.83347			4
2025.02.11	00:37:38.815		0.83348			4
2025.02.11	00:37:39.441		0.83349			4
2025.02.11	00:37:39.904		0.83348			4
2025.02.11	00:37:41.385		0.83347			4
2025.02.11	00:37:46.137		0.83348			4
2025.02.11	00:37:46.647		0.83346			4
2025.02.11	00:37:47.064	0.83282				2
2025.02.11	00:37:48.310	0.83284				2
2025.02.11	00:37:48.616		0.83347			4
2025.02.11	00:37:48.926	0.83285				2
2025.02.11	00:37:51.512		0.83348			4
2025.02.11	00:37:53.541	0.83278	0.83347			6
2025.02.11	00:37:53.871		0.83348			4
2025.02.11	00:37:54.463		0.83347			4
2025.02.11	00:37:54.882	0.83284	0.83346			6
2025.02.11	00:37:55.200	0.83278				2
2025.02.11	00:37:56.657	0.83283				2
2025.02.11	00:37:56.964	0.83278	0.83354			6
2025.02.11	00:37:57.275		0.83350			4
2025.02.11	00:37:58.186		0.83353			4
2025.02.11	00:37:58.487		0.83350			4
2025.02.11	00:37:58.796		0.83348			4
2025.02.11	00:37:59.133		0.83349			4
2025.02.11	00:37:59.582		0.83354			4
2025.02.11	00:38:00.297	0.83278	0.83355			6
2025.02.11	00:38:03.888		0.83354			4
2025.02.11	00:38:12.361		0.83355			4
2025.02.11	00:38:14.401		0.83354			4
2025.02.11	00:38:15.006		0.83355			4
2025.02.11	00:38:17.162		0.83354			4
2025.02.11	00:38:18.561		0.83352			4
2025.02.11	00:38:18.883		0.83353			4
2025.02.11	00:38:19.642		0.83352			4
2025.02.11	00:38:20.262		0.83353			4
2025.02.11	00:38:20.973		0.83349			4
2025.02.11	00:38:21.590		0.83350			4
2025.02.11	00:38:22.261		0.83351			4
2025.02.11	00:38:22.902		0.83350			4
2025.02.11	00:38:27.308		0.83351			4
2025.02.11	00:38:28.979		0.83350			4
2025.02.11	00:38:40.706		0.83349			4
2025.02.11	00:38:41.990		0.83350			4
2025.02.11	00:38:48.384	0.83288				2
2025.02.11	00:38:48.775	0.83287	0.83351			6
2025.02.11	00:38:49.456	0.83290				2
2025.02.11	00:38:53.637	0.83292	0.83349			6
2025.02.11	00:38:55.161	0.83294				2
2025.02.11	00:38:56.719	0.83288	0.83350			6
2025.02.11	00:38:57.050	0.83286	0.83352			6
2025.02.11	00:38:57.746	0.83287	0.83351			6
2025.02.11	00:38:58.116	0.83288	0.83350			6
2025.02.11	00:38:59.699	0.83291	0.83349			6
2025.02.11	00:39:02.098	0.83292	0.83347			6
2025.02.11	00:39:03.732	0.83294				2
2025.02.11	00:39:05.764	0.83292	0.83349			6
2025.02.11	00:39:06.182	0.83293	0.83348			6
2025.02.11	00:39:07.003	0.83291	0.83350			6
2025.02.11	00:39:07.369	0.83290	0.83349			6
2025.02.11	00:39:10.301	0.83292				2
2025.02.11	00:39:18.601		0.83348			4
2025.02.11	00:39:19.521	0.83281				2
2025.02.11	00:39:21.393		0.83349			4
2025.02.11	00:39:21.796		0.83350			4
2025.02.11	00:39:23.100		0.83349			4
2025.02.11	00:39:28.498	0.83290				2
2025.02.11	00:39:29.160	0.83281	0.83350			6
2025.02.11	00:39:31.197		0.83351			4
2025.02.11	00:39:35.420		0.83352			4
2025.02.11	00:39:35.963		0.83350			4
2025.02.11	00:39:36.381		0.83351			4
2025.02.11	00:39:39.089	0.83256	0.83350			6
2025.02.11	00:39:39.406		0.83351			4
2025.02.11	00:39:42.380		0.83352			4
2025.02.11	00:39:43.027		0.83350			4
2025.02.11	00:39:48.901	0.83258				2
2025.02.11	00:39:49.931	0.83257	0.83351			6
2025.02.11	00:39:51.958	0.83258				2
2025.02.11	00:39:52.262		0.83350			4
2025.02.11	00:39:53.710	0.83257				2
2025.02.11	00:39:54.686	0.83260	0.83348			6
2025.02.11	00:39:55.280	0.83259				2
2025.02.11	00:39:55.583	0.83258	0.83349			6
2025.02.11	00:39:56.678	0.83284	0.83348			6
2025.02.11	00:39:57.000	0.83263	0.83349			6
2025.02.11	00:39:57.328	0.83264	0.83347			6
2025.02.11	00:39:58.494	0.83263	0.83348			6
2025.02.11	00:40:01.798	0.83264	0.83347			6
2025.02.11	00:40:04.802	0.83263				2
2025.02.11	00:40:07.477	0.83262				2
2025.02.11	00:40:12.001	0.83261				2
2025.02.11	00:40:12.580	0.83284	0.83346			6
2025.02.11	00:40:12.882	0.83265	0.83347			6
2025.02.11	00:40:13.183		0.83346			4
2025.02.11	00:40:15.600	0.83262				2
2025.02.11	00:40:16.541	0.83263				2
2025.02.11	00:40:17.187	0.83260				2
2025.02.11	00:40:20.153	0.83259	0.83347			6
2025.02.11	00:40:21.277	0.83258	0.83348			6
2025.02.11	00:40:21.738	0.83259	0.83347			6
2025.02.11	00:40:22.210	0.83260	0.83346			6
2025.02.11	00:40:24.437	0.83259				2
2025.02.11	00:40:25.797	0.83258				2
2025.02.11	00:40:29.124	0.83256	0.83347			6
2025.02.11	00:40:30.261		0.83348			4
2025.02.11	00:40:31.416		0.83349			4
2025.02.11	00:40:31.785	0.83257				2
2025.02.11	00:40:32.091	0.83259	0.83346			6
2025.02.11	00:40:32.918	0.83263	0.83348			6
2025.02.11	00:40:33.296	0.83278				2
2025.02.11	00:40:33.597	0.83290	0.83349			6
2025.02.11	00:40:34.021	0.83297				2
2025.02.11	00:40:36.249		0.83348			4
2025.02.11	00:40:37.196	0.83298				2
2025.02.11	00:40:37.499	0.83305	0.83362			6
2025.02.11	00:40:37.840	0.83299	0.83348			6
2025.02.11	00:40:38.375	0.83297				2
2025.02.11	00:40:38.701	0.83296	0.83349			6
2025.02.11	00:40:39.588	0.83294	0.83351			6
2025.02.11	00:40:41.107	0.83296				2
2025.02.11	00:40:41.925	0.83299	0.83348			6
2025.02.11	00:40:42.579	0.83305	0.83361			6
2025.02.11	00:40:42.886	0.83297	0.83349			6
2025.02.11	00:40:46.437	0.83278	0.83350			6
2025.02.11	00:40:49.133		0.83349			4
2025.02.11	00:40:54.487		0.83348			4
2025.02.11	00:40:59.261	0.83263	0.83347			6
2025.02.11	00:41:00.394	0.83263				2
2025.02.11	00:41:00.968		0.83346			4
2025.02.11	00:41:03.201		0.83347			4
2025.02.11	00:41:04.305	0.83279				2
2025.02.11	00:41:05.709	0.83261	0.83348			6
2025.02.11	00:41:07.390		0.83349			4
2025.02.11	00:41:08.381		0.83348			4
2025.02.11	00:41:08.860	0.83297	0.83357			6
2025.02.11	00:41:10.770	0.83277	0.83348			6
2025.02.11	00:41:11.845	0.83279				2
2025.02.11	00:41:12.307	0.83277				2
2025.02.11	00:41:20.673		0.83347			4
2025.02.11	00:41:21.523		0.83349			4
2025.02.11	00:41:22.647	0.83260	0.83347			6
2025.02.11	00:41:22.950	0.83257	0.83345			6
2025.02.11	00:41:23.274	0.83258	0.83346			6
2025.02.11	00:41:23.600		0.83347			4
2025.02.11	00:41:24.021	0.83259	0.83346			6
2025.02.11	00:41:24.360	0.83258	0.83347			6
2025.02.11	00:41:25.500	0.83260				2
2025.02.11	00:41:27.572	0.83263	0.83346			6
2025.02.11	00:41:28.577		0.83345			4
2025.02.11	00:41:28.952	0.83277	0.83347			6
2025.02.11	00:41:29.310	0.83261				2
2025.02.11	00:41:29.627	0.83262	0.83346			6
2025.02.11	00:41:29.980	0.83261	0.83347			6
2025.02.11	00:41:30.319	0.83263	0.83345			6
2025.02.11	00:41:30.621	0.83261	0.83347			6
2025.02.11	00:41:32.266	0.83262	0.83346			6
2025.02.11	00:41:32.781	0.83261	0.83347			6
2025.02.11	00:41:33.593	0.83262				2
2025.02.11	00:41:33.940	0.83263	0.83346			6
2025.02.11	00:41:34.249	0.83262				2
2025.02.11	00:41:34.568		0.83347			4
2025.02.11	00:41:35.288	0.83263	0.83346			6
2025.02.11	00:41:35.592	0.83262	0.83347			6
2025.02.11	00:41:37.892	0.83280				2
2025.02.11	00:41:38.229	0.83262				2
2025.02.11	00:41:40.276		0.83346			4
2025.02.11	00:41:40.986		0.83347			4
2025.02.11	00:41:41.409	0.83263	0.83346			6
2025.02.11	00:41:41.996	0.83267				2
2025.02.11	00:41:42.297	0.83272				2
2025.02.11	00:41:43.201	0.83273				2
2025.02.11	00:41:43.773	0.83272	0.83347			6
2025.02.11	00:41:44.084	0.83273	0.83346			6
2025.02.11	00:41:44.403	0.83281				2
2025.02.11	00:41:45.220	0.83289	0.83341			6
2025.02.11	00:41:45.522	0.83281	0.83339			6
2025.02.11	00:41:45.840	0.83287	0.83336			6
2025.02.11	00:41:46.150	0.83283	0.83339			6
2025.02.11	00:41:46.761	0.83297	0.83345			6
2025.02.11	00:41:47.072	0.83281	0.83342			6
2025.02.11	00:41:50.097	0.83282	0.83341			6
2025.02.11	00:41:50.492	0.83280	0.83342			6
2025.02.11	00:41:52.903	0.83279	0.83344			6
2025.02.11	00:41:53.224	0.83283				2
2025.02.11	00:41:53.977		0.83343			4
2025.02.11	00:41:55.900	0.83279	0.83344			6
2025.02.11	00:41:57.129	0.83277				2
2025.02.11	00:41:58.800		0.83345			4
2025.02.11	00:42:00.030	0.83277				2
2025.02.11	00:42:00.887	0.83278				2
2025.02.11	00:42:01.201	0.83276	0.83346			6
2025.02.11	00:42:02.006	0.83275	0.83347			6
2025.02.11	00:42:02.308	0.83276				2
2025.02.11	00:42:02.956	0.83280				2
2025.02.11	00:42:03.947	0.83278				2
2025.02.11	00:42:04.793	0.83288				2
2025.02.11	00:42:05.159	0.83283	0.83348			6
2025.02.11	00:42:06.006	0.83276	0.83347			6
2025.02.11	00:42:06.820	0.83277				2
2025.02.11	00:42:07.331		0.83346			4
2025.02.11	00:42:07.889	0.83276	0.83348			6
2025.02.11	00:42:08.505	0.83282	0.83350			6
2025.02.11	00:42:09.101	0.83297	0.83351			6
2025.02.11	00:42:09.547	0.83275				2
2025.02.11	00:42:10.156	0.83273	0.83353			6
2025.02.11	00:42:12.258	0.83295	0.83354			6
2025.02.11	00:42:12.600	0.83273				2
2025.02.11	00:42:13.286	0.83296				2
2025.02.11	00:42:13.589	0.83273				2
2025.02.11	00:42:14.486	0.83298				2
2025.02.11	00:42:14.999	0.83274				2
2025.02.11	00:42:15.581	0.83299				2
2025.02.11	00:42:15.897	0.83276				2
2025.02.11	00:42:16.207	0.83274				2
2025.02.11	00:42:17.664	0.83281				2
2025.02.11	00:42:18.086	0.83304	0.83353			6
2025.02.11	00:42:18.740	0.83303	0.83355			6
2025.02.11	00:42:20.252	0.83305				2
2025.02.11	00:42:32.399	0.83304				2
2025.02.11	00:42:32.743	0.83303	0.83356			6
2025.02.11	00:42:45.646		0.83357			4
2025.02.11	00:42:46.190	0.83302	0.83358			6
2025.02.11	00:42:49.033	0.83305	0.83356			6
2025.02.11	00:42:49.528	0.83288	0.83349			6
2025.02.11	00:42:50.307	0.83304	0.83356			6
2025.02.11	00:42:50.635	0.83288	0.83349			6
2025.02.11	00:42:51.021	0.83286	0.83350			6
2025.02.11	00:42:51.598		0.83351			4
2025.02.11	00:42:51.902	0.83306	0.83356			6
2025.02.11	00:42:52.203	0.83284	0.83355			6
2025.02.11	00:42:53.206	0.83306	0.83356			6
2025.02.11	00:42:53.696	0.83283				2
2025.02.11	00:42:54.540	0.83306				2
2025.02.11	00:42:59.784	0.83294				2
2025.02.11	00:43:00.367	0.83294				2
2025.02.11	00:43:02.044		0.83357			4
2025.02.11	00:43:05.077	0.83293				2
2025.02.11	00:43:11.963	0.83288				2
2025.02.11	00:43:14.618	0.83267	0.83354			6
2025.02.11	00:43:22.297		0.83355			4
2025.02.11	00:43:22.994	0.83291	0.83354			6
2025.02.11	00:43:23.396	0.83268				2
2025.02.11	00:43:26.459	0.83267	0.83356			6
2025.02.11	00:43:31.743		0.83355			4
2025.02.11	00:43:32.104	0.83268				2
2025.02.11	00:43:34.202	0.83269				2
2025.02.11	00:43:41.583	0.83272	0.83353			6
2025.02.11	00:43:45.301	0.83270	0.83354			6
2025.02.11	00:43:46.422	0.83271	0.83356			6
2025.02.11	00:43:46.751		0.83355			4
2025.02.11	00:43:47.377	0.83274				2
2025.02.11	00:43:50.154	0.83272	0.83356			6
2025.02.11	00:43:55.839	0.83280	0.83358			6
2025.02.11	00:43:58.461	0.83279				2
2025.02.11	00:43:58.801	0.83283				2
2025.02.11	00:44:01.447	0.83277	0.83364			6
2025.02.11	00:44:04.414	0.83283	0.83357			6
2025.02.11	00:44:04.908	0.83284	0.83358			6
2025.02.11	00:44:06.469	0.83283	0.83360			6
2025.02.11	00:44:06.899	0.83282				2
2025.02.11	00:44:13.110	0.83285	0.83358			6
2025.02.11	00:44:13.519	0.83284				2
2025.02.11	00:44:13.900	0.83283	0.83359			6
2025.02.11	00:44:17.697	0.83284				2
2025.02.11	00:44:18.722	0.83283	0.83360			6
2025.02.11	00:44:20.964	0.83282				2
2025.02.11	00:44:21.297	0.83283				2
2025.02.11	00:44:21.618	0.83282				2
2025.02.11	00:44:23.334	0.83284				2
2025.02.11	00:44:23.641		0.83359			4
2025.02.11	00:44:23.942	0.83278	0.83363			6
2025.02.11	00:44:24.729	0.83282	0.83360			6
2025.02.11	00:44:25.961		0.83359			4
2025.02.11	00:44:28.643		0.83360			4
2025.02.11	00:44:30.120	0.83281	0.83361			6
2025.02.11	00:44:35.060	0.83285				2
2025.02.11	00:44:36.080	0.83286				2
2025.02.11	00:44:42.494	0.83287	0.83360			6
2025.02.11	00:44:44.869	0.83288				2
2025.02.11	00:44:48.260	0.83286	0.83361			6
2025.02.11	00:44:53.048	0.83285				2
2025.02.11	00:44:53.447	0.83284				2
2025.02.11	00:44:54.132		0.83360			4
2025.02.11	00:44:55.064		0.83361			4
2025.02.11	00:44:59.119	0.83283				2
2025.02.11	00:44:59.696	0.83282				2
2025.02.11	00:45:00.186	0.83281				2
2025.02.11	00:45:00.682	0.83283	0.83360			6
2025.02.11	00:45:02.098	0.83307	0.83367			6
2025.02.11	00:45:02.415	0.83309	0.83369			6
2025.02.11	00:45:02.718	0.83308	0.83368			6
2025.02.11	00:45:03.929	0.83280	0.83360			6
2025.02.11	00:45:04.290	0.83279	0.83357			6
2025.02.11	00:45:08.086	0.83286	0.83350			6
2025.02.11	00:45:13.201	0.83284				2
2025.02.11	00:45:14.190	0.83281	0.83352			6
2025.02.11	00:45:17.399	0.83282				2
2025.02.11	00:45:19.407	0.83283	0.83351			6
2025.02.11	00:45:19.710	0.83285				2
2025.02.11	00:45:20.699	0.83287				2
2025.02.11	00:45:27.311	0.83293	0.83353			6
2025.02.11	00:45:27.958	0.83276	0.83349			6
2025.02.11	00:45:28.703		0.83348			4
2025.02.11	00:45:36.923		0.83349			4
2025.02.11	00:45:51.718		0.83347			4
2025.02.11	00:45:57.809		0.83348			4
2025.02.11	00:46:01.206	0.83276	0.83350			6
2025.02.11	00:46:03.576	0.83291				2
2025.02.11	00:46:04.654	0.83283	0.83347			6
2025.02.11	00:46:06.596		0.83350			4
2025.02.11	00:46:07.288		0.83352			4
2025.02.11	00:46:08.012		0.83353			4
2025.02.11	00:46:10.720	0.83278	0.83340			6
2025.02.11	00:46:11.394	0.83276				2
2025.02.11	00:46:17.652	0.83282	0.83345			6
2025.02.11	00:46:18.150		0.83346			4
2025.02.11	00:46:18.799		0.83345			4
2025.02.11	00:46:20.478		0.83344			4
2025.02.11	00:46:29.291		0.83343			4
2025.02.11	00:46:30.481		0.83342			4
2025.02.11	00:46:31.927	0.83291	0.83341			6
2025.02.11	00:46:32.304	0.83290				2
2025.02.11	00:46:32.647	0.83288	0.83343			6
2025.02.11	00:46:33.599	0.83291	0.83341			6
2025.02.11	00:46:34.747	0.83293				2
2025.02.11	00:46:37.778	0.83294	0.83339			6
2025.02.11	00:46:40.723	0.83296	0.83337			6
2025.02.11	00:46:41.103	0.83295				2
2025.02.11	00:46:42.554	0.83263	0.83336			6
2025.02.11	00:46:44.844		0.83334			4
2025.02.11	00:46:45.821		0.83330			4
2025.02.11	00:46:46.123		0.83329			4
2025.02.11	00:46:46.571		0.83328			4
2025.02.11	00:46:47.992		0.83331			4
2025.02.11	00:46:48.293		0.83333			4
2025.02.11	00:46:48.664		0.83340			4
2025.02.11	00:46:49.692		0.83341			4
2025.02.11	00:46:52.951		0.83340			4
2025.02.11	00:46:53.786		0.83341			4
2025.02.11	00:46:55.883		0.83339			4
2025.02.11	00:46:56.182		0.83338			4
2025.02.11	00:47:00.214	0.83263	0.83339			6
2025.02.11	00:47:01.972	0.83310	0.83346			6
2025.02.11	00:47:02.574	0.83308	0.83344			6
2025.02.11	00:47:04.084	0.83282	0.83338			6
2025.02.11	00:47:05.214	0.83281				2
2025.02.11	00:47:11.353	0.83282				2
2025.02.11	00:47:13.669	0.83288	0.83337			6
2025.02.11	00:47:15.000	0.83264				2
2025.02.11	00:47:15.445	0.83263	0.83335			6
2025.02.11	00:47:15.779	0.83285	0.83337			6
2025.02.11	00:47:16.461	0.83263	0.83338			6
2025.02.11	00:47:24.870		0.83337			4
2025.02.11	00:47:25.892	0.83265	0.83334			6
2025.02.11	00:47:26.330	0.83271	0.83326			6
2025.02.11	00:47:26.816	0.83264	0.83333			6
2025.02.11	00:47:29.632	0.83265	0.83334			6
2025.02.11	00:47:29.961	0.83263	0.83335			6
2025.02.11	00:47:30.300		0.83336			4
2025.02.11	00:47:30.906	0.83273	0.83326			6
2025.02.11	00:47:31.321	0.83263	0.83337			6
2025.02.11	00:47:33.426	0.83264	0.83334			6
2025.02.11	00:47:33.894	0.83263	0.83335			6
2025.02.11	00:47:34.497	0.83264				2
2025.02.11	00:47:36.356	0.83263	0.83336			6
2025.02.11	00:47:36.664		0.83337			4
2025.02.11	00:47:37.675		0.83336			4
2025.02.11	00:47:38.850		0.83333			4
2025.02.11	00:47:39.302		0.83334			4
2025.02.11	00:47:40.197		0.83335			4
2025.02.11	00:47:43.829		0.83334			4
2025.02.11	00:47:45.582		0.83335			4
2025.02.11	00:47:46.648	0.83264	0.83334			6
2025.02.11	00:47:48.664		0.83333			4
2025.02.11	00:47:50.316	0.83265				2
2025.02.11	00:47:50.788	0.83266	0.83336			6
2025.02.11	00:47:51.181	0.83265				2
2025.02.11	00:47:51.745		0.83333			4
2025.02.11	00:47:52.853	0.83264				2
2025.02.11	00:47:55.084		0.83332			4
2025.02.11	00:47:55.992	0.83265	0.83334			6
2025.02.11	00:47:57.300		0.83333			4
2025.02.11	00:47:58.250	0.83263	0.83332			6
2025.02.11	00:47:58.791		0.83333			4
2025.02.11	00:48:00.367	0.83263				2
2025.02.11	00:48:01.646		0.83336			4
2025.02.11	00:48:01.973	0.83267	0.83332			6
2025.02.11	00:48:02.284	0.83268				2
2025.02.11	00:48:02.626		0.83333			4
2025.02.11	00:48:04.154	0.83267				2
2025.02.11	00:48:05.999	0.83268	0.83332			6
2025.02.11	00:48:06.301	0.83265	0.83335			6
2025.02.11	00:48:06.642	0.83263	0.83342			6
2025.02.11	00:48:07.737		0.83343			4
2025.02.11	00:48:08.202	0.83267	0.83333			6
2025.02.11	00:48:08.971	0.83268				2
2025.02.11	00:48:10.123	0.83267				2
2025.02.11	00:48:10.500	0.83266				2
2025.02.11	00:48:10.921	0.83264	0.83332			6
2025.02.11	00:48:13.107		0.83333			4
2025.02.11	00:48:14.234	0.83263	0.83336			6
2025.02.11	00:48:15.684	0.83265	0.83331			6
2025.02.11	00:48:17.666	0.83263	0.83339			6
2025.02.11	00:48:17.981	0.83265	0.83333			6
2025.02.11	00:48:18.288	0.83268	0.83331			6
2025.02.11	00:48:18.651	0.83264	0.83336			6
2025.02.11	00:48:19.180	0.83267	0.83331			6
2025.02.11	00:48:20.210		0.83332			4
2025.02.11	00:48:21.906	0.83266				2
2025.02.11	00:48:22.254	0.83263	0.83339			6
2025.02.11	00:48:23.775	0.83267	0.83330			6
2025.02.11	00:48:24.126	0.83265	0.83331			6
2025.02.11	00:48:25.912	0.83264	0.83333			6
2025.02.11	00:48:26.302	0.83266	0.83331			6
2025.02.11	00:48:27.463		0.83329			4
2025.02.11	00:48:28.142		0.83328			4
2025.02.11	00:48:28.673	0.83265	0.83329			6
2025.02.11	00:48:28.990	0.83266	0.83328			6
2025.02.11	00:48:29.911	0.83263	0.83333			6
2025.02.11	00:48:32.166		0.83334			4
2025.02.11	00:48:34.676		0.83335			4
2025.02.11	00:48:36.599		0.83334			4
2025.02.11	00:48:41.502		0.83335			4
2025.02.11	00:48:43.417	0.83260				2
2025.02.11	00:48:44.962	0.83259				2
2025.02.11	00:48:45.646	0.83261				2
2025.02.11	00:48:46.299	0.83264				2
2025.02.11	00:48:47.551	0.83261				2
2025.02.11	00:48:49.294	0.83263	0.83333			6
2025.02.11	00:48:52.696	0.83262	0.83334			6
2025.02.11	00:48:53.820	0.83261	0.83335			6
2025.02.11	00:48:58.197	0.83262				2
2025.02.11	00:48:59.800		0.83334			4
2025.02.11	00:49:00.189	0.83262				2
2025.02.11	00:49:01.292	0.83261				2
2025.02.11	00:49:03.297	0.83262				2
2025.02.11	00:49:04.541	0.83261	0.83335			6
2025.02.11	00:49:07.621	0.83260				2
2025.02.11	00:49:12.222	0.83259	0.83337			6
2025.02.11	00:49:12.644	0.83260	0.83335			6
2025.02.11	00:49:13.362	0.83259	0.83336			6
2025.02.11	00:49:13.702	0.83260	0.83335			6
2025.02.11	00:49:14.738	0.83259				2
2025.02.11	00:49:17.229	0.83258	0.83336			6
2025.02.11	00:49:18.135	0.83259	0.83335			6
2025.02.11	00:49:19.798	0.83258	0.83336			6
2025.02.11	00:49:21.649	0.83263	0.83335			6
2025.02.11	00:49:22.600	0.83262	0.83336			6
2025.02.11	00:49:24.602	0.83257				2
2025.02.11	00:49:24.903		0.83335			4
2025.02.11	00:49:27.608	0.83264	0.83332			6
2025.02.11	00:49:27.917	0.83265				2
2025.02.11	00:49:28.304	0.83282	0.83334			6
2025.02.11	00:49:28.797	0.83274	0.83333			6
2025.02.11	00:49:29.880		0.83332			4
2025.02.11	00:49:30.961	0.83286	0.83331			6
2025.02.11	00:49:32.645	0.83295				2
2025.02.11	00:49:32.994		0.83332			4
2025.02.11	00:49:33.442	0.83286				2
2025.02.11	00:49:34.360	0.83298	0.83331			6
2025.02.11	00:49:37.503	0.83286				2
2025.02.11	00:49:38.365	0.83283				2
2025.02.11	00:49:38.762	0.83294	0.83332			6
2025.02.11	00:49:39.540	0.83291				2
2025.02.11	00:49:39.893	0.83290	0.83333			6
2025.02.11	00:49:40.207	0.83291	0.83332			6
2025.02.11	00:49:42.401	0.83293				2
2025.02.11	00:49:44.955	0.83291				2
2025.02.11	00:49:48.655	0.83289				2
2025.02.11	00:49:48.969	0.83290				2
2025.02.11	00:49:49.500	0.83289				2
2025.02.11	00:49:50.998		0.83333			4
2025.02.11	00:49:51.795	0.83290				2
2025.02.11	00:49:52.200	0.83288				2
2025.02.11	00:49:53.176	0.83276				2
2025.02.11	00:49:53.679	0.83278	0.83331			6
2025.02.11	00:49:54.175	0.83290	0.83329			6
2025.02.11	00:49:54.500	0.83280	0.83328			6
2025.02.11	00:49:55.501	0.83281	0.83327			6
2025.02.11	00:49:55.849	0.83283	0.83326			6
2025.02.11	00:49:56.693	0.83293	0.83325			6
2025.02.11	00:49:57.003	0.83283				2
2025.02.11	00:49:57.798		0.83326			4
2025.02.11	00:49:58.909	0.83293				2
2025.02.11	00:49:59.231	0.83283				2
2025.02.11	00:50:00.254	0.83283	0.83325			6
2025.02.11	00:50:00.596	0.83299				2
2025.02.11	00:50:00.902	0.83288	0.83326			6
2025.02.11	00:50:01.888	0.83287				2
2025.02.11	00:50:03.512	0.83289	0.83327			6
2025.02.11	00:50:05.201	0.83288				2
2025.02.11	00:50:05.549	0.83299				2
2025.02.11	00:50:05.997	0.83288				2
2025.02.11	00:50:06.859	0.83300				2
2025.02.11	00:50:07.160	0.83288				2
2025.02.11	00:50:07.696	0.83287				2
2025.02.11	00:50:08.703	0.83289	0.83326			6
2025.02.11	00:50:09.552	0.83287	0.83327			6
2025.02.11	00:50:12.972	0.83297				2
2025.02.11	00:50:13.808	0.83287				2
2025.02.11	00:50:15.801	0.83286				2
2025.02.11	00:50:17.361		0.83328			4
2025.02.11	00:50:18.389	0.83285	0.83329			6
2025.02.11	00:50:20.289	0.83286	0.83328			6
2025.02.11	00:50:21.579	0.83284	0.83329			6
2025.02.11	00:50:21.899		0.83330			4
2025.02.11	00:50:23.381	0.83283	0.83331			6
2025.02.11	00:50:25.469	0.83282				2
2025.02.11	00:50:26.448	0.83281	0.83332			6
2025.02.11	00:50:27.236	0.83282				2
2025.02.11	00:50:27.900	0.83283	0.83331			6
2025.02.11	00:50:28.577		0.83330			4
2025.02.11	00:50:29.200	0.83287	0.83327			6
2025.02.11	00:50:29.800	0.83283	0.83330			6
2025.02.11	00:50:30.113	0.83284				2
2025.02.11	00:50:30.476	0.83283	0.83331			6
2025.02.11	00:50:30.805	0.83285				2
2025.02.11	00:50:34.248	0.83283	0.83330			6
2025.02.11	00:50:35.404	0.83285	0.83329			6
2025.02.11	00:50:40.197	0.83288				2
2025.02.11	00:50:41.935		0.83328			4
2025.02.11	00:50:42.374	0.83291	0.83329			6
2025.02.11	00:50:43.648	0.83290	0.83328			6
2025.02.11	00:50:45.483	0.83291				2
2025.02.11	00:50:46.485		0.83329			4
2025.02.11	00:50:47.318	0.83289	0.83327			6
2025.02.11	00:50:49.037	0.83287	0.83329			6
2025.02.11	00:50:50.699	0.83286	0.83330			6
2025.02.11	00:50:52.592	0.83290	0.83329			6
2025.02.11	00:50:52.967	0.83294				2
2025.02.11	00:50:54.161	0.83291	0.83330			6
2025.02.11	00:50:55.539	0.83288	0.83331			6
2025.02.11	00:50:57.155		0.83332			4
2025.02.11	00:50:58.763	0.83286	0.83333			6
2025.02.11	00:51:01.201	0.83286				2
2025.02.11	00:51:01.905	0.83290	0.83329			6
2025.02.11	00:51:05.631	0.83285	0.83330			6
2025.02.11	00:51:06.379	0.83289	0.83327			6
2025.02.11	00:51:07.196	0.83287				2
2025.02.11	00:51:08.266	0.83288	0.83326			6
2025.02.11	00:51:11.948	0.83289	0.83325			6
2025.02.11	00:51:12.692		0.83327			4
2025.02.11	00:51:15.759	0.83291				2
2025.02.11	00:51:17.997	0.83292				2
2025.02.11	00:51:18.300	0.83288	0.83326			6
2025.02.11	00:51:18.603		0.83328			4
2025.02.11	00:51:20.705	0.83289	0.83327			6
2025.02.11	00:51:23.440		0.83326			4
2025.02.11	00:51:24.130	0.83287	0.83328			6
2025.02.11	00:51:26.453	0.83288				2
2025.02.11	00:51:26.765	0.83290	0.83326			6
2025.02.11	00:51:27.221	0.83291				2
2025.02.11	00:51:27.864	0.83290				2
2025.02.11	00:51:28.488	0.83289	0.83327			6
2025.02.11	00:51:29.123	0.83288	0.83328			6
2025.02.11	00:51:29.511	0.83290				2
2025.02.11	00:51:31.260		0.83326			4
2025.02.11	00:51:32.578	0.83287	0.83327			6
2025.02.11	00:51:35.916		0.83328			4
2025.02.11	00:51:37.072	0.83286	0.83330			6
2025.02.11	00:51:39.087	0.83291	0.83326			6
2025.02.11	00:51:41.966	0.83290	0.83327			6
2025.02.11	00:51:43.797	0.83289				2
2025.02.11	00:51:45.997		0.83328			4
2025.02.11	00:51:46.904		0.83327			4
2025.02.11	00:51:48.066	0.83288	0.83328			6
2025.02.11	00:51:48.514	0.83276	0.83320			6
2025.02.11	00:51:48.836	0.83277	0.83319			6
2025.02.11	00:51:49.794	0.83278				2
2025.02.11	00:51:56.982	0.83279				2
2025.02.11	00:51:59.575	0.83275	0.83321			6
2025.02.11	00:52:00.370	0.83275				2
2025.02.11	00:52:01.996		0.83320			4
2025.02.11	00:52:03.906	0.83274				2
2025.02.11	00:52:04.291	0.83276	0.83321			6
2025.02.11	00:52:05.421	0.83278				2
2025.02.11	00:52:08.386	0.83276	0.83322			6
2025.02.11	00:52:16.469	0.83277	0.83321			6
2025.02.11	00:52:19.340	0.83278	0.83320			6
2025.02.11	00:52:30.901	0.83279				2
2025.02.11	00:52:33.193	0.83277	0.83322			6
2025.02.11	00:52:36.257	0.83273	0.83325			6
2025.02.11	00:52:36.597	0.83272				2
2025.02.11	00:52:37.818	0.83273	0.83324			6
2025.02.11	00:52:38.526	0.83270	0.83327			6
2025.02.11	00:52:38.883	0.83268	0.83328			6
2025.02.11	00:52:39.582	0.83270	0.83327			6
2025.02.11	00:52:39.927	0.83271				2
2025.02.11	00:52:40.257	0.83272	0.83326			6
2025.02.11	00:52:40.649	0.83269				2
2025.02.11	00:52:41.986	0.83272				2
2025.02.11	00:52:42.321	0.83270	0.83327			6
2025.02.11	00:52:43.079	0.83269				2
2025.02.11	00:52:43.616	0.83267				2
2025.02.11	00:52:44.386	0.83273	0.83324			6
2025.02.11	00:52:44.782	0.83270	0.83327			6
2025.02.11	00:52:45.122	0.83271				2
2025.02.11	00:52:48.093	0.83270				2
2025.02.11	00:52:48.422	0.83274				2
2025.02.11	00:52:48.920	0.83283	0.83324			6
2025.02.11	00:52:49.290	0.83278	0.83327			6
2025.02.11	00:52:49.866	0.83277				2
2025.02.11	00:52:50.362	0.83287	0.83319			6
2025.02.11	00:52:50.673	0.83277	0.83327			6
2025.02.11	00:52:51.761	0.83278				2
2025.02.11	00:52:52.768	0.83291	0.83325			6
2025.02.11	00:52:53.495	0.83292	0.83324			6
2025.02.11	00:52:54.967	0.83288	0.83325			6
2025.02.11	00:52:57.569	0.83291				2
2025.02.11	00:53:03.863	0.83280	0.83327			6
2025.02.11	00:53:04.183	0.83290	0.83314			6
2025.02.11	00:53:04.500		0.83315			4
2025.02.11	00:53:04.870	0.83288				2
2025.02.11	00:53:05.843	0.83286	0.83317			6
2025.02.11	00:53:06.803	0.83284				2
2025.02.11	00:53:07.500	0.83293				2
2025.02.11	00:53:07.881	0.83282	0.83318			6
2025.02.11	00:53:08.640	0.83281	0.83319			6
2025.02.11	00:53:08.948	0.83279	0.83322			6
2025.02.11	00:53:11.292	0.83280				2
2025.02.11	00:53:12.384	0.83278				2
2025.02.11	00:53:12.897	0.83289				2
2025.02.11	00:53:13.223	0.83278	0.83323			6
2025.02.11	00:53:14.188	0.83279	0.83322			6
2025.02.11	00:53:14.577	0.83278	0.83323			6
2025.02.11	00:53:15.912	0.83279				2
2025.02.11	00:53:16.302		0.83322			4
2025.02.11	00:53:16.967	0.83280	0.83321			6
2025.02.11	00:53:17.361	0.83278				2
2025.02.11	00:53:18.045	0.83279				2
2025.02.11	00:53:23.443	0.83277	0.83323			6
2025.02.11	00:53:24.172		0.83322			4
2025.02.11	00:53:25.201	0.83275				2
2025.02.11	00:53:27.546	0.83280				2
2025.02.11	00:53:28.648	0.83277	0.83324			6
2025.02.11	00:53:29.077		0.83323			4
2025.02.11	00:53:29.732	0.83278	0.83322			6
2025.02.11	00:53:31.497	0.83279				2
2025.02.11	00:53:44.930	0.83278				2
2025.02.11	00:53:48.223	0.83276				2
2025.02.11	00:53:54.901	0.83275	0.83323			6
2025.02.11	00:53:56.544	0.83274	0.83324			6
2025.02.11	00:53:56.936	0.83275				2
2025.02.11	00:53:57.250	0.83274	0.83325			6
2025.02.11	00:53:57.662	0.83273	0.83326			6
2025.02.11	00:53:57.980	0.83275	0.83327			6
2025.02.11	00:53:58.608	0.83272				2
2025.02.11	00:54:00.928	0.83272				2
2025.02.11	00:54:02.599	0.83271				2
2025.02.11	00:54:03.050	0.83273				2
2025.02.11	00:54:03.382	0.83274	0.83326			6
2025.02.11	00:54:04.162	0.83276	0.83327			6
2025.02.11	00:54:05.017	0.83287	0.83326			6
2025.02.11	00:54:05.323	0.83278				2
2025.02.11	00:54:05.673	0.83285	0.83318			6
2025.02.11	00:54:06.242	0.83278	0.83320			6
2025.02.11	00:54:06.741	0.83279	0.83321			6
2025.02.11	00:54:08.708	0.83276	0.83322			6
2025.02.11	00:54:09.034	0.83262	0.83327			6
2025.02.11	00:54:09.602		0.83328			4
2025.02.11	00:54:09.911	0.83253	0.83324			6
2025.02.11	00:54:10.648	0.83258	0.83326			6
2025.02.11	00:54:10.961	0.83272				2
2025.02.11	00:54:11.271	0.83281				2
2025.02.11	00:54:11.656	0.83278				2
2025.02.11	00:54:12.378	0.83279				2
2025.02.11	00:54:12.900	0.83283				2
2025.02.11	00:54:13.214	0.83285				2
2025.02.11	00:54:14.400	0.83276				2
2025.02.11	00:54:15.535	0.83290				2
2025.02.11	00:54:15.941	0.83289	0.83322			6
2025.02.11	00:54:16.804	0.83286	0.83324			6
2025.02.11	00:54:17.161	0.83289	0.83323			6
2025.02.11	00:54:17.601		0.83325			4
2025.02.11	00:54:21.599	0.83288	0.83326			6
2025.02.11	00:54:21.900	0.83286				2
2025.02.11	00:54:22.238	0.83289				2
2025.02.11	00:54:22.761	0.83286				2
2025.02.11	00:54:23.781	0.83289				2
2025.02.11	00:54:24.103	0.83286				2
2025.02.11	00:54:25.128	0.83288				2
2025.02.11	00:54:25.497	0.83285				2
2025.02.11	00:54:32.845	0.83275				2
2025.02.11	00:54:34.202	0.83274				2
2025.02.11	00:54:37.774	0.83286				2
2025.02.11	00:54:38.240	0.83278				2
2025.02.11	00:54:39.383	0.83283				2
2025.02.11	00:54:39.710	0.83286				2
2025.02.11	00:54:40.454	0.83280				2
2025.02.11	00:54:40.797	0.83284				2
2025.02.11	00:54:41.107	0.83286				2
2025.02.11	00:54:42.113	0.83285				2
2025.02.11	00:54:45.252	0.83294	0.83321			6
2025.02.11	00:54:45.596	0.83291				2
2025.02.11	00:54:45.921	0.83290	0.83322			6
2025.02.11	00:54:46.494	0.83286	0.83324			6
2025.02.11	00:54:47.711	0.83285	0.83326			6
2025.02.11	00:54:48.025	0.83286				2
2025.02.11	00:54:49.977	0.83287				2
2025.02.11	00:54:51.092	0.83283				2
2025.02.11	00:54:51.414	0.83280				2
2025.02.11	00:54:51.723	0.83281				2
2025.02.11	00:54:52.035	0.83285				2
2025.02.11	00:54:53.441	0.83278				2
2025.02.11	00:54:53.742	0.83287				2
2025.02.11	00:54:54.183	0.83286				2
2025.02.11	00:54:55.356	0.83283				2
2025.02.11	00:54:55.922	0.83284				2
2025.02.11	00:54:57.477	0.83285				2
2025.02.11	00:54:57.902	0.83276				2
2025.02.11	00:54:58.676	0.83275				2
2025.02.11	00:54:59.021	0.83274				2
2025.02.11	00:54:59.371	0.83282				2
2025.02.11	00:55:00.782	0.83290	0.83322			6
2025.02.11	00:55:01.274	0.83291	0.83321			6
2025.02.11	00:55:01.978		0.83322			4
2025.02.11	00:55:02.436	0.83288	0.83323			6
2025.02.11	00:55:04.430	0.83286	0.83325			6
2025.02.11	00:55:06.136	0.83284	0.83326			6
2025.02.11	00:55:07.260	0.83285				2
2025.02.11	00:55:07.568	0.83287				2
2025.02.11	00:55:08.303	0.83290	0.83325			6
2025.02.11	00:55:08.628	0.83288	0.83326			6
2025.02.11	00:55:09.990	0.83294	0.83320			6
2025.02.11	00:55:10.961	0.83293				2
2025.02.11	00:55:13.142	0.83292				2
2025.02.11	00:55:13.498	0.83290				2
2025.02.11	00:55:15.601		0.83321			4
2025.02.11	00:55:17.248	0.83289	0.83322			6
2025.02.11	00:55:17.655	0.83286				2
2025.02.11	00:55:19.046	0.83285	0.83323			6
2025.02.11	00:55:19.420		0.83324			4
2025.02.11	00:55:21.060	0.83287	0.83321			6
2025.02.11	00:55:25.800	0.83285	0.83323			6
2025.02.11	00:55:26.937	0.83289	0.83320			6
2025.02.11	00:55:27.303		0.83319			4
2025.02.11	00:55:28.248	0.83290	0.83318			6
2025.02.11	00:55:30.490		0.83319			4
2025.02.11	00:55:31.720	0.83296	0.83318			6
2025.02.11	00:55:32.398	0.83290				2
2025.02.11	00:55:38.403	0.83289				2
2025.02.11	00:55:41.417	0.83286	0.83320			6
2025.02.11	00:55:42.564	0.83285	0.83321			6
2025.02.11	00:55:43.110	0.83278				2
2025.02.11	00:55:43.647	0.83279				2
2025.02.11	00:55:46.305		0.83323			4
2025.02.11	00:55:50.792	0.83277	0.83325			6
2025.02.11	00:55:54.057	0.83281				2
2025.02.11	00:55:54.548	0.83280				2
2025.02.11	00:55:55.181	0.83279				2
2025.02.11	00:55:56.829	0.83280				2
2025.02.11	00:55:57.300	0.83282				2
2025.02.11	00:55:58.181	0.83283				2
2025.02.11	00:56:02.397	0.83281	0.83323			6
2025.02.11	00:56:02.886	0.83288	0.83317			6
2025.02.11	00:56:04.287		0.83316			4
2025.02.11	00:56:05.294	0.83282	0.83322			6
2025.02.11	00:56:06.847	0.83288	0.83317			6
2025.02.11	00:56:09.989	0.83285				2
2025.02.11	00:56:10.839	0.83281	0.83321			6
2025.02.11	00:56:12.253	0.83278	0.83323			6
2025.02.11	00:56:12.707	0.83277	0.83325			6
2025.02.11	00:56:13.497	0.83282				2
2025.02.11	00:56:13.818	0.83277				2
2025.02.11	00:56:15.080	0.83281				2
2025.02.11	00:56:15.642	0.83285				2
2025.02.11	00:56:15.946	0.83288	0.83316			6
2025.02.11	00:56:16.247	0.83282	0.83321			6
2025.02.11	00:56:16.763	0.83281	0.83322			6
2025.02.11	00:56:17.102	0.83279	0.83325			6
2025.02.11	00:56:17.767	0.83283	0.83319			6
2025.02.11	00:56:18.182	0.83278	0.83324			6
2025.02.11	00:56:21.345		0.83323			4
2025.02.11	00:56:22.437	0.83287	0.83317			6
2025.02.11	00:56:24.187	0.83281	0.83325			6
2025.02.11	00:56:24.792	0.83282	0.83321			6
2025.02.11	00:56:27.022	0.83281	0.83323			6
2025.02.11	00:56:34.800	0.83280				2
2025.02.11	00:56:35.388	0.83285	0.83316			6
2025.02.11	00:56:35.820	0.83280	0.83321			6
2025.02.11	00:56:36.852		0.83323			4
2025.02.11	00:56:37.285	0.83278	0.83325			6
2025.02.11	00:56:41.942	0.83276				2
2025.02.11	00:56:42.335	0.83278				2
2025.02.11	00:56:43.843	0.83280				2
2025.02.11	00:56:44.216	0.83284				2
2025.02.11	00:56:44.683	0.83281				2
2025.02.11	00:56:45.689	0.83280	0.83324			6
2025.02.11	00:56:46.499	0.83282				2
2025.02.11	00:56:46.861	0.83281	0.83323			6
2025.02.11	00:56:47.362	0.83280	0.83325			6
2025.02.11	00:56:47.853		0.83324			4
2025.02.11	00:56:49.109	0.83281				2
2025.02.11	00:56:50.006	0.83285	0.83320			6
2025.02.11	00:56:50.321	0.83281	0.83322			6
2025.02.11	00:56:50.790	0.83280	0.83323			6
2025.02.11	00:56:53.742	0.83284	0.83318			6
2025.02.11	00:56:54.184	0.83282	0.83323			6
2025.02.11	00:56:54.598	0.83281	0.83324			6
2025.02.11	00:56:54.913		0.83321			4
2025.02.11	00:56:55.902	0.83273	0.83318			6
2025.02.11	00:56:56.218	0.83281				2
2025.02.11	00:56:57.926	0.83282				2
2025.02.11	00:56:58.311		0.83317			4
2025.02.11	00:56:58.644	0.83285				2
2025.02.11	00:57:01.185	0.83279	0.83319			6
2025.02.11	00:57:01.930	0.83280	0.83318			6
2025.02.11	00:57:03.057	0.83279				2
2025.02.11	00:57:03.365	0.83278				2
2025.02.11	00:57:06.603	0.83275	0.83320			6
2025.02.11	00:57:07.056	0.83277	0.83321			6
2025.02.11	00:57:07.842	0.83276				2
2025.02.11	00:57:08.607	0.83275	0.83323			6
2025.02.11	00:57:09.222	0.83274				2
2025.02.11	00:57:09.953	0.83272	0.83324			6
2025.02.11	00:57:10.642	0.83271	0.83325			6
2025.02.11	00:57:17.287	0.83272	0.83324			6
2025.02.11	00:57:18.151	0.83271	0.83325			6
2025.02.11	00:57:18.687	0.83272				2
2025.02.11	00:57:19.078	0.83271				2
2025.02.11	00:57:19.891	0.83284				2
2025.02.11	00:57:23.400	0.83283	0.83326			6
2025.02.11	00:57:23.725	0.83286				2
2025.02.11	00:57:29.790	0.83289	0.83321			6
2025.02.11	00:57:30.145		0.83320			4
2025.02.11	00:57:30.515	0.83277				2
2025.02.11	00:57:30.880	0.83281				2
2025.02.11	00:57:31.378	0.83276	0.83319			6
2025.02.11	00:57:31.958	0.83286	0.83320			6
2025.02.11	00:57:32.411	0.83288				2
2025.02.11	00:57:38.611	0.83275	0.83318			6
2025.02.11	00:57:39.158	0.83276				2
2025.02.11	00:57:39.500	0.83288				2
2025.02.11	00:57:39.852	0.83276	0.83317			6
2025.02.11	00:57:40.772		0.83318			4
2025.02.11	00:57:42.574	0.83275				2
2025.02.11	00:57:43.165	0.83288				2
2025.02.11	00:57:43.503	0.83275				2
2025.02.11	00:57:45.853		0.83319			4
2025.02.11	00:57:46.391	0.83286	0.83320			6
2025.02.11	00:57:47.104	0.83273				2
2025.02.11	00:57:48.720	0.83274				2
2025.02.11	00:57:49.293		0.83319			4
2025.02.11	00:57:50.462	0.83287				2
2025.02.11	00:57:50.944	0.83274				2
2025.02.11	00:57:51.637	0.83287				2
2025.02.11	00:57:52.380	0.83274				2
2025.02.11	00:57:56.722	0.83275	0.83318			6
2025.02.11	00:57:57.546	0.83288				2
2025.02.11	00:57:57.985	0.83275				2
2025.02.11	00:57:59.367	0.83288				2
2025.02.11	00:57:59.963	0.83275				2
2025.02.11	00:58:00.986	0.83276				2
2025.02.11	00:58:02.077	0.83288				2
2025.02.11	00:58:02.382	0.83275				2
2025.02.11	00:58:03.389		0.83319			4
2025.02.11	00:58:03.721	0.83279	0.83317			6
2025.02.11	00:58:04.801	0.83276	0.83320			6
2025.02.11	00:58:05.102	0.83275				2
2025.02.11	00:58:07.511		0.83319			4
2025.02.11	00:58:09.582	0.83274	0.83320			6
2025.02.11	00:58:10.366	0.83275	0.83319			6
2025.02.11	00:58:21.621	0.83277	0.83320			6
2025.02.11	00:58:21.935	0.83278	0.83319			6
2025.02.11	00:58:28.483	0.83277	0.83320			6
2025.02.11	00:58:30.962	0.83278	0.83322			6
2025.02.11	00:58:33.429	0.83277	0.83318			6
2025.02.11	00:58:34.502	0.83275				2
2025.02.11	00:58:35.193	0.83278	0.83344			6
2025.02.11	00:58:35.539	0.83286	0.83340			6
2025.02.11	00:58:35.843		0.83338			4
2025.02.11	00:58:36.237		0.83339			4
2025.02.11	00:58:36.568	0.83276	0.83351			6
2025.02.11	00:58:37.375	0.83293	0.83339			6
2025.02.11	00:58:38.171	0.83291	0.83338			6
2025.02.11	00:58:39.089	0.83283	0.83346			6
2025.02.11	00:58:39.420	0.83279	0.83352			6
2025.02.11	00:58:40.331	0.83277	0.83317			6
2025.02.11	00:58:41.221	0.83276	0.83352			6
2025.02.11	00:58:43.202	0.83277	0.83351			6
2025.02.11	00:58:44.997	0.83278	0.83350			6
2025.02.11	00:58:45.339	0.83294	0.83337			6
2025.02.11	00:58:46.288	0.83289	0.83336			6
2025.02.11	00:58:46.793	0.83285	0.83339			6
2025.02.11	00:58:47.101	0.83287	0.83340			6
2025.02.11	00:58:47.614	0.83289	0.83338			6
2025.02.11	00:58:49.361	0.83288				2
2025.02.11	00:58:51.007	0.83287	0.83339			6
2025.02.11	00:58:51.808	0.83286	0.83340			6
2025.02.11	00:58:55.960	0.83288	0.83338			6
2025.02.11	00:58:57.899	0.83289				2
2025.02.11	00:59:01.036	0.83289				2
2025.02.11	00:59:01.386	0.83292				2
2025.02.11	00:59:06.419	0.83291				2
2025.02.11	00:59:09.301		0.83339			4
2025.02.11	00:59:09.995	0.83288	0.83336			6
2025.02.11	00:59:10.649	0.83286	0.83335			6
2025.02.11	00:59:10.959	0.83282	0.83339			6
2025.02.11	00:59:17.102	0.83283	0.83337			6
2025.02.11	00:59:19.442	0.83289	0.83331			6
2025.02.11	00:59:20.238	0.83290	0.83330			6
2025.02.11	00:59:21.964	0.83289				2
2025.02.11	00:59:22.437		0.83331			4
2025.02.11	00:59:22.804	0.83288				2
2025.02.11	00:59:23.400	0.83286				2
2025.02.11	00:59:24.975	0.83287	0.83330			6
2025.02.11	00:59:26.736	0.83288				2
2025.02.11	00:59:29.999	0.83290	0.83334			6
2025.02.11	00:59:30.620	0.83293	0.83340			6
2025.02.11	00:59:30.985	0.83300	0.83334			6
2025.02.11	00:59:31.288		0.83322			4
2025.02.11	00:59:32.270	0.83293	0.83341			6
2025.02.11	00:59:33.288		0.83342			4
2025.02.11	00:59:33.602	0.83301	0.83333			6
2025.02.11	00:59:34.033		0.83332			4
2025.02.11	00:59:34.386		0.83322			4
2025.02.11	00:59:35.319	0.83299	0.83331			6
2025.02.11	00:59:35.673	0.83300	0.83332			6
2025.02.11	00:59:37.434		0.83320			4
2025.02.11	00:59:40.156		0.83332			4
2025.02.11	00:59:43.912	0.83299				2
2025.02.11	00:59:45.569	0.83300	0.83329			6
2025.02.11	00:59:46.925	0.83296	0.83332			6
2025.02.11	00:59:48.712	0.83294	0.83328			6
2025.02.11	00:59:49.309	0.83287	0.83330			6
2025.02.11	00:59:49.984		0.83329			4
2025.02.11	00:59:53.511	0.83286	0.83330			6
2025.02.11	00:59:57.529	0.83287	0.83328			6
2025.02.11	00:59:58.273	0.83288				2
2025.02.11	01:00:00.312	0.83289	0.83330			6
2025.02.11	01:00:00.632	0.83291	0.83328			6
2025.02.11	01:00:00.944		0.83331			4
2025.02.11	01:00:01.286	0.83284	0.83333			6
2025.02.11	01:00:01.603	0.83278	0.83341			6
2025.02.11	01:00:01.912	0.83273	0.83339			6
2025.02.11	01:00:02.331	0.83289				2
2025.02.11	01:00:02.643	0.83319	0.83349			6
2025.02.11	01:00:02.991	0.83320				2
2025.02.11	01:00:03.291	0.83321				2
2025.02.11	01:00:03.595	0.83323				2
2025.02.11	01:00:04.199	0.83325	0.83355			6
2025.02.11	01:00:04.502	0.83297	0.83351			6
2025.02.11	01:00:04.840	0.83299				2
2025.02.11	01:00:05.143	0.83298	0.83352			6
2025.02.11	01:00:05.447	0.83297				2
2025.02.11	01:00:05.762	0.83296				2
2025.02.11	01:00:06.064	0.83301				2
2025.02.11	01:00:06.381	0.83302	0.83350			6
2025.02.11	01:00:06.689	0.83297	0.83341			6
2025.02.11	01:00:07.002	0.83305	0.83338			6
2025.02.11	01:00:07.317	0.83299	0.83340			6
2025.02.11	01:00:07.624	0.83297				2
2025.02.11	01:00:07.939	0.83296	0.83344			6
2025.02.11	01:00:08.293	0.83300	0.83345			6
2025.02.11	01:00:08.603	0.83299				2
2025.02.11	01:00:08.915	0.83311				2
2025.02.11	01:00:09.661	0.83308				2
2025.02.11	01:00:10.392	0.83315	0.83344			6
2025.02.11	01:00:11.352	0.83318	0.83345			6
2025.02.11	01:00:11.681	0.83321				2
2025.02.11	01:00:11.983		0.83346			4
2025.02.11	01:00:12.347	0.83322				2
2025.02.11	01:00:13.186	0.83320				2
2025.02.11	01:00:13.497	0.83321				2
2025.02.11	01:00:13.807	0.83316	0.83345			6
2025.02.11	01:00:14.156	0.83317				2
2025.02.11	01:00:14.495	0.83319				2
2025.02.11	01:00:15.262	0.83320				2
2025.02.11	01:00:15.761	0.83309				2
2025.02.11	01:00:16.138		0.83353			4
2025.02.11	01:00:16.441	0.83300				2
2025.02.11	01:00:18.161		0.83352			4
2025.02.11	01:00:19.298	0.83303	0.83350			6
2025.02.11	01:00:21.801	0.83305	0.83349			6
2025.02.11	01:00:22.195	0.83301	0.83354			6
2025.02.11	01:00:22.819	0.83307	0.83351			6
2025.02.11	01:00:23.845	0.83309	0.83354			6
2025.02.11	01:00:24.151	0.83316				2
2025.02.11	01:00:25.195	0.83319				2
2025.02.11	01:00:25.557	0.83322	0.83355			6
2025.02.11	01:00:26.756	0.83325				2
2025.02.11	01:00:27.437	0.83327				2
2025.02.11	01:00:27.922	0.83330				2
2025.02.11	01:00:28.407	0.83331				2
2025.02.11	01:00:29.201	0.83333	0.83356			6
2025.02.11	01:00:29.837		0.83351			4
2025.02.11	01:00:30.141	0.83332				2
2025.02.11	01:00:30.506		0.83348			4
2025.02.11	01:00:31.199	0.83329				2
2025.02.11	01:00:31.652		0.83350			4
2025.02.11	01:00:32.045		0.83348			4
2025.02.11	01:00:32.509	0.83330				2
2025.02.11	01:00:35.276	0.83321	0.83351			6
2025.02.11	01:00:35.576	0.83315	0.83350			6
2025.02.11	01:00:36.263	0.83321				2
2025.02.11	01:00:38.256	0.83318				2
2025.02.11	01:00:39.335	0.83319	0.83348			6
2025.02.11	01:00:40.133	0.83321	0.83349			6
2025.02.11	01:00:40.454	0.83322	0.83348			6
2025.02.11	01:00:41.006	0.83323				2
2025.02.11	01:00:41.358	0.83319	0.83351			6
2025.02.11	01:00:42.421	0.83318				2
2025.02.11	01:00:43.407		0.83350			4
2025.02.11	01:00:43.799	0.83317				2
2025.02.11	01:00:44.392	0.83316	0.83351			6
2025.02.11	01:00:45.209	0.83315				2
2025.02.11	01:00:49.406	0.83314				2
2025.02.11	01:00:51.167	0.83304	0.83348			6
2025.02.11	01:00:51.495	0.83301				2
2025.02.11	01:00:53.259	0.83303				2
2025.02.11	01:00:53.951	0.83306				2
2025.02.11	01:00:54.264	0.83304				2
2025.02.11	01:00:54.774	0.83302	0.83345			6
2025.02.11	01:00:55.781	0.83309	0.83354			6
2025.02.11	01:00:56.127	0.83307	0.83356			6
2025.02.11	01:00:56.474	0.83311				2
2025.02.11	01:00:58.806		0.83359			4
2025.02.11	01:00:59.109	0.83312	0.83358			6
2025.02.11	01:01:00.130	0.83312				2
2025.02.11	01:01:00.458		0.83353			4
2025.02.11	01:01:00.842	0.83311				2
2025.02.11	01:01:01.155		0.83354			4
2025.02.11	01:01:01.485	0.83309	0.83356			6
2025.02.11	01:01:02.010		0.83355			4
2025.02.11	01:01:02.741	0.83305	0.83356			6
2025.02.11	01:01:03.096	0.83304				2
2025.02.11	01:01:03.704	0.83302	0.83355			6
2025.02.11	01:01:04.007	0.83299	0.83354			6
2025.02.11	01:01:04.643	0.83307				2
2025.02.11	01:01:04.948	0.83308				2
2025.02.11	01:01:05.422	0.83310	0.83352			6
2025.02.11	01:01:07.613	0.83311				2
2025.02.11	01:01:09.578	0.83320	0.83360			6
2025.02.11	01:01:10.398	0.83319				2
2025.02.11	01:01:10.736	0.83320				2
2025.02.11	01:01:12.000	0.83321	0.83361			6
2025.02.11	01:01:12.411	0.83322				2
2025.02.11	01:01:13.195	0.83328	0.83359			6
2025.02.11	01:01:13.503	0.83325	0.83361			6
2025.02.11	01:01:14.904	0.83324				2
2025.02.11	01:01:17.556	0.83326	0.83363			6
2025.02.11	01:01:17.863	0.83320				2
2025.02.11	01:01:19.201	0.83325				2
2025.02.11	01:01:20.056	0.83329	0.83362			6
2025.02.11	01:01:22.197	0.83331	0.83361			6
2025.02.11	01:01:22.557	0.83329	0.83363			6
2025.02.11	01:01:24.546		0.83362			4
2025.02.11	01:01:29.398	0.83328				2
2025.02.11	01:01:30.056	0.83331	0.83358			6
2025.02.11	01:01:31.035	0.83328	0.83361			6
2025.02.11	01:01:32.056	0.83331	0.83358			6
2025.02.11	01:01:32.402	0.83333	0.83356			6
2025.02.11	01:01:33.059	0.83332				2
2025.02.11	01:01:33.559	0.83326	0.83361			6
2025.02.11	01:01:33.862	0.83324				2
2025.02.11	01:01:34.197	0.83332	0.83356			6
2025.02.11	01:01:34.886	0.83331				2
2025.02.11	01:01:35.196	0.83333				2
2025.02.11	01:01:37.058	0.83329	0.83361			6
2025.02.11	01:01:39.056	0.83330				2
2025.02.11	01:01:41.379	0.83331	0.83357			6
2025.02.11	01:01:41.695	0.83330	0.83361			6
2025.02.11	01:01:42.695	0.83319	0.83353			6
2025.02.11	01:01:43.418	0.83314				2
2025.02.11	01:01:43.722	0.83316				2
2025.02.11	01:01:44.060	0.83315				2
2025.02.11	01:01:45.850	0.83320	0.83366			6
2025.02.11	01:01:46.152		0.83365			4
2025.02.11	01:01:46.462	0.83316	0.83367			6
2025.02.11	01:01:46.766	0.83318				2
2025.02.11	01:01:47.079	0.83319	0.83362			6
2025.02.11	01:01:47.402	0.83312	0.83365			6
2025.02.11	01:01:48.372	0.83309	0.83353			6
2025.02.11	01:01:48.697	0.83316	0.83355			6
2025.02.11	01:01:49.024	0.83309				2
2025.02.11	01:01:50.857	0.83310				2
2025.02.11	01:01:51.196	0.83314	0.83354			6
2025.02.11	01:01:51.538	0.83311				2
2025.02.11	01:01:52.056	0.83312				2
2025.02.11	01:01:52.382	0.83313				2
2025.02.11	01:01:54.902	0.83314				2
2025.02.11	01:01:58.498	0.83327	0.83365			6
2025.02.11	01:01:59.107	0.83329				2
2025.02.11	01:01:59.411	0.83314	0.83354			6
2025.02.11	01:02:00.156	0.83313				2
2025.02.11	01:02:01.261	0.83314				2
2025.02.11	01:02:02.097	0.83315				2
2025.02.11	01:02:06.165	0.83314				2
2025.02.11	01:02:08.397	0.83313				2
2025.02.11	01:02:08.941	0.83317				2
2025.02.11	01:02:09.698	0.83318	0.83367			6
2025.02.11	01:02:10.101	0.83320				2
2025.02.11	01:02:10.419	0.83321				2
2025.02.11	01:02:10.742	0.83319	0.83366			6
2025.02.11	01:02:11.101	0.83321				2
2025.02.11	01:02:11.458	0.83323				2
2025.02.11	01:02:12.273	0.83326				2
2025.02.11	01:02:13.500	0.83320				2
2025.02.11	01:02:16.261		0.83361			4
2025.02.11	01:02:16.562	0.83315	0.83362			6
2025.02.11	01:02:17.237	0.83314				2
2025.02.11	01:02:17.595	0.83316	0.83363			6
2025.02.11	01:02:17.907	0.83325	0.83364			6
2025.02.11	01:02:19.027	0.83326				2
2025.02.11	01:02:19.806	0.83330				2
2025.02.11	01:02:21.361	0.83327				2
2025.02.11	01:02:21.868	0.83331				2
2025.02.11	01:02:22.196	0.83334				2
2025.02.11	01:02:22.899	0.83333				2
2025.02.11	01:02:23.612	0.83332				2
2025.02.11	01:02:24.746		0.83365			4
2025.02.11	01:02:25.589	0.83333	0.83364			6
2025.02.11	01:02:26.089	0.83336	0.83362			6
2025.02.11	01:02:26.448	0.83332				2
2025.02.11	01:02:27.106	0.83333	0.83361			6
2025.02.11	01:02:29.249	0.83332				2
2025.02.11	01:02:30.470	0.83333				2
2025.02.11	01:02:30.782	0.83332				2
2025.02.11	01:02:31.437		0.83362			4
2025.02.11	01:02:32.106	0.83333	0.83361			6
2025.02.11	01:02:34.437	0.83341	0.83356			6
2025.02.11	01:02:34.746	0.83340				2
2025.02.11	01:02:35.107	0.83338	0.83354			6
2025.02.11	01:02:35.447	0.83341				2
2025.02.11	01:02:35.753	0.83342	0.83358			6
2025.02.11	01:02:36.080	0.83339	0.83352			6
2025.02.11	01:02:36.450	0.83338				2
2025.02.11	01:02:36.762	0.83339				2
2025.02.11	01:02:37.994	0.83338				2
2025.02.11	01:02:38.390	0.83340				2
2025.02.11	01:02:38.698	0.83341	0.83353			6
2025.02.11	01:02:39.106		0.83352			4
2025.02.11	01:02:42.606	0.83333				2
2025.02.11	01:02:42.913	0.83321	0.83358			6
2025.02.11	01:02:43.231	0.83319	0.83356			6
2025.02.11	01:02:43.987	0.83332	0.83354			6
2025.02.11	01:02:44.293	0.83320	0.83358			6
2025.02.11	01:02:44.596	0.83322	0.83356			6
2025.02.11	01:02:45.112	0.83320	0.83357			6
2025.02.11	01:02:45.455	0.83322	0.83356			6
2025.02.11	01:02:46.110	0.83323	0.83355			6
2025.02.11	01:02:47.098	0.83322	0.83357			6
2025.02.11	01:02:47.606	0.83321				2
2025.02.11	01:02:48.106	0.83324	0.83356			6
2025.02.11	01:02:48.467	0.83323				2
2025.02.11	01:02:49.450	0.83325	0.83353			6
2025.02.11	01:02:50.135	0.83328				2
2025.02.11	01:02:51.536	0.83329				2
2025.02.11	01:02:52.537	0.83326	0.83352			6
2025.02.11	01:02:52.851	0.83327				2
2025.02.11	01:02:53.180	0.83328	0.83353			6
2025.02.11	01:02:53.529	0.83327				2
2025.02.11	01:02:54.605	0.83334	0.83349			6
2025.02.11	01:02:54.942	0.83331	0.83353			6
2025.02.11	01:02:55.247	0.83327	0.83350			6
2025.02.11	01:02:55.679	0.83328				2
2025.02.11	01:02:56.015	0.83327				2
2025.02.11	01:02:56.350	0.83328	0.83349			6
2025.02.11	01:02:57.307	0.83329	0.83348			6
2025.02.11	01:03:00.261	0.83328				2
2025.02.11	01:03:01.911	0.83327				2
2025.02.11	01:03:02.579	0.83325				2
2025.02.11	01:03:03.906	0.83327				2
2025.02.11	01:03:05.018		0.83350			4
2025.02.11	01:03:05.411		0.83349			4
2025.02.11	01:03:06.311	0.83326	0.83350			6
2025.02.11	01:03:07.155	0.83327				2
2025.02.11	01:03:07.463		0.83349			4
2025.02.11	01:03:08.159		0.83350			4
2025.02.11	01:03:10.151	0.83328	0.83351			6
2025.02.11	01:03:11.606	0.83326				2
2025.02.11	01:03:12.108	0.83327				2
2025.02.11	01:03:12.468	0.83330				2
2025.02.11	01:03:13.246		0.83352			4
2025.02.11	01:03:13.606	0.83328				2
2025.02.11	01:03:14.263	0.83330				2
2025.02.11	01:03:14.611	0.83329				2
2025.02.11	01:03:16.516		0.83351			4
2025.02.11	01:03:17.601	0.83326	0.83349			6
2025.02.11	01:03:17.955	0.83329	0.83351			6
2025.02.11	01:03:18.315		0.83350			4
2025.02.11	01:03:18.745	0.83328				2
2025.02.11	01:03:19.527		0.83352			4
2025.02.11	01:03:20.436	0.83327				2
2025.02.11	01:03:20.749	0.83328				2
2025.02.11	01:03:21.977	0.83327				2
2025.02.11	01:03:22.739		0.83350			4
2025.02.11	01:03:23.106	0.83328				2
2025.02.11	01:03:23.607		0.83351			4
2025.02.11	01:03:24.606	0.83327				2
2025.02.11	01:03:26.107	0.83328				2
2025.02.11	01:03:29.057	0.83329	0.83353			6
2025.02.11	01:03:29.377	0.83330				2
2025.02.11	01:03:30.105	0.83329				2
2025.02.11	01:03:30.420	0.83330				2
2025.02.11	01:03:31.497	0.83329	0.83354			6
2025.02.11	01:03:31.804	0.83332	0.83355			6
2025.02.11	01:03:32.106		0.83356			4
2025.02.11	01:03:32.480	0.83331				2
2025.02.11	01:03:33.606	0.83329	0.83355			6
2025.02.11	01:03:33.972	0.83331	0.83356			6
2025.02.11	01:03:34.334	0.83333	0.83354			6
2025.02.11	01:03:36.493		0.83355			4
2025.02.11	01:03:37.106	0.83329	0.83353			6
2025.02.11	01:03:37.439	0.83330				2
2025.02.11	01:03:38.098	0.83327	0.83351			6
2025.02.11	01:03:38.404	0.83328				2
2025.02.11	01:03:38.726	0.83329	0.83350			6
2025.02.11	01:03:39.060	0.83332	0.83351			6
2025.02.11	01:03:39.362	0.83329				2
2025.02.11	01:03:39.665	0.83327				2
2025.02.11	01:03:40.000		0.83352			4
2025.02.11	01:03:40.342	0.83330	0.83351			6
2025.02.11	01:03:40.681		0.83352			4
2025.02.11	01:03:40.997	0.83327	0.83350			6
2025.02.11	01:03:41.303	0.83329	0.83353			6
2025.02.11	01:03:41.606		0.83352			4
2025.02.11	01:03:41.926	0.83322	0.83346			6
2025.02.11	01:03:42.238	0.83321	0.83345			6
2025.02.11	01:03:42.583	0.83317	0.83341			6
2025.02.11	01:03:42.906	0.83318	0.83342			6
2025.02.11	01:03:43.227	0.83319				2
2025.02.11	01:03:43.545	0.83317				2
2025.02.11	01:03:43.897	0.83318	0.83341			6
2025.02.11	01:03:44.217	0.83319	0.83342			6
2025.02.11	01:03:44.606	0.83320	0.83345			6
2025.02.11	01:03:44.918	0.83324	0.83348			6
2025.02.11	01:03:46.108	0.83323				2
2025.02.11	01:03:46.745		0.83347			4
2025.02.11	01:03:47.107	0.83324				2
2025.02.11	01:03:52.096	0.83325				2
2025.02.11	01:03:53.409	0.83330	0.83351			6
2025.02.11	01:03:54.107	0.83329				2
2025.02.11	01:03:54.526		0.83352			4
2025.02.11	01:03:55.608	0.83328				2
2025.02.11	01:03:56.472	0.83330				2
2025.02.11	01:03:58.110	0.83331				2
2025.02.11	01:03:59.108	0.83329				2
2025.02.11	01:04:00.107	0.83329				2
2025.02.11	01:04:02.106	0.83330				2
2025.02.11	01:04:02.607	0.83329	0.83354			6
2025.02.11	01:04:02.925	0.83330				2
2025.02.11	01:04:06.110		0.83353			4
2025.02.11	01:04:06.413		0.83354			4
2025.02.11	01:04:06.747		0.83353			4
2025.02.11	01:04:07.607	0.83317	0.83341			6
2025.02.11	01:04:07.952	0.83316				2
2025.02.11	01:04:08.277	0.83320	0.83344			6
2025.02.11	01:04:08.591	0.83318				2
2025.02.11	01:04:08.892	0.83317				2
2025.02.11	01:04:09.222	0.83320				2
2025.02.11	01:04:09.527	0.83318				2
2025.02.11	01:04:09.834	0.83319				2
2025.02.11	01:04:10.154	0.83317				2
2025.02.11	01:04:10.467	0.83324	0.83345			6
2025.02.11	01:04:10.817	0.83325				2
2025.02.11	01:04:11.619	0.83322				2
2025.02.11	01:04:11.998	0.83321				2
2025.02.11	01:04:14.335	0.83322				2
2025.02.11	01:04:20.857	0.83328	0.83349			6
2025.02.11	01:04:22.665	0.83322	0.83345			6
2025.02.11	01:04:24.513	0.83323				2
2025.02.11	01:04:25.199	0.83324				2
2025.02.11	01:04:26.403	0.83325				2
2025.02.11	01:04:27.196	0.83326				2
2025.02.11	01:04:32.375	0.83325				2
2025.02.11	01:04:33.910	0.83324				2
2025.02.11	01:04:34.407	0.83325				2
2025.02.11	01:04:36.389	0.83327				2
2025.02.11	01:04:37.567	0.83326				2
2025.02.11	01:04:42.682	0.83325				2
2025.02.11	01:04:44.073	0.83323	0.83344			6
2025.02.11	01:04:44.384	0.83311				2
2025.02.11	01:04:46.627	0.83312	0.83343			6
2025.02.11	01:04:48.044	0.83314	0.83345			6
2025.02.11	01:04:49.058	0.83312				2
2025.02.11	01:04:50.181	0.83315				2
2025.02.11	01:04:50.510	0.83313				2
2025.02.11	01:04:51.200	0.83314				2
2025.02.11	01:04:53.534	0.83313				2
2025.02.11	01:04:55.200	0.83314				2
2025.02.11	01:04:56.468	0.83313				2
2025.02.11	01:04:58.866	0.83328	0.83347			6
2025.02.11	01:04:59.219	0.83327	0.83350			6
2025.02.11	01:05:00.298	0.83328	0.83346			6
2025.02.11	01:05:00.603	0.83316	0.83347			6
2025.02.11	01:05:02.101	0.83319				2
2025.02.11	01:05:02.999	0.83321				2
2025.02.11	01:05:03.743		0.83340			4
2025.02.11	01:05:05.162		0.83347			4
2025.02.11	01:05:06.407		0.83340			4
2025.02.11	01:05:07.211		0.83347			4
2025.02.11	01:05:08.406		0.83340			4
2025.02.11	01:05:08.745	0.83315				2
2025.02.11	01:05:09.207	0.83304				2
2025.02.11	01:05:09.553	0.83306	0.83345			6
2025.02.11	01:05:09.862	0.83315	0.83346			6
2025.02.11	01:05:10.179	0.83311	0.83340			6
2025.02.11	01:05:10.485	0.83315	0.83347			6
2025.02.11	01:05:10.791	0.83312	0.83340			6
2025.02.11	01:05:11.114	0.83315				2
2025.02.11	01:05:11.507		0.83348			4
2025.02.11	01:05:12.558	0.83321	0.83350			6
2025.02.11	01:05:14.037	0.83319				2
2025.02.11	01:05:14.870	0.83320				2
2025.02.11	01:05:18.556	0.83322				2
2025.02.11	01:05:20.057	0.83324				2
2025.02.11	01:05:20.457	0.83325				2
2025.02.11	01:05:21.556	0.83327	0.83349			6
2025.02.11	01:05:21.995	0.83326	0.83350			6
2025.02.11	01:05:22.986	0.83325	0.83351			6
2025.02.11	01:05:23.558	0.83326				2
2025.02.11	01:05:28.557	0.83325	0.83349			6
2025.02.11	01:05:28.863	0.83315	0.83351			6
2025.02.11	01:05:29.200	0.83314	0.83350			6
2025.02.11	01:05:29.507	0.83316				2
2025.02.11	01:05:29.847	0.83315				2
2025.02.11	01:05:30.147		0.83349			4
2025.02.11	01:05:30.558	0.83314	0.83350			6
2025.02.11	01:05:30.869	0.83317	0.83351			6
2025.02.11	01:05:31.171	0.83314				2
2025.02.11	01:05:31.492	0.83316				2
2025.02.11	01:05:31.803	0.83318				2
2025.02.11	01:05:32.142	0.83311				2
2025.02.11	01:05:32.442	0.83318				2
2025.02.11	01:05:32.850	0.83316				2
2025.02.11	01:05:33.151	0.83319				2
2025.02.11	01:05:33.483	0.83320				2
2025.02.11	01:05:33.785	0.83318	0.83350			6
2025.02.11	01:05:41.752	0.83314				2
2025.02.11	01:05:42.055	0.83318				2
2025.02.11	01:05:42.387	0.83313				2
2025.02.11	01:05:42.699	0.83316				2
2025.02.11	01:05:43.061	0.83314	0.83340			6
2025.02.11	01:05:43.363	0.83317				2
2025.02.11	01:05:44.191	0.83315				2
2025.02.11	01:05:44.502	0.83318				2
2025.02.11	01:05:44.825	0.83316				2
2025.02.11	01:05:45.194	0.83314	0.83350			6
2025.02.11	01:05:45.501	0.83317				2
2025.02.11	01:05:45.866	0.83312				2
2025.02.11	01:05:46.186	0.83316	0.83340			6
2025.02.11	01:05:46.502	0.83314				2
2025.02.11	01:05:47.860		0.83348			4
2025.02.11	01:05:48.768	0.83315				2
2025.02.11	01:05:52.500	0.83313				2
2025.02.11	01:05:52.803	0.83311	0.83349			6
2025.02.11	01:05:53.122	0.83313				2
2025.02.11	01:05:53.561	0.83311	0.83340			6
2025.02.11	01:05:53.886	0.83313				2
2025.02.11	01:05:54.203	0.83316				2
2025.02.11	01:05:54.610	0.83315				2
2025.02.11	01:05:54.956	0.83317	0.83347			6
2025.02.11	01:05:55.459	0.83315				2
2025.02.11	01:05:56.213		0.83340			4
2025.02.11	01:05:56.616	0.83316				2
2025.02.11	01:05:57.761	0.83314	0.83347			6
2025.02.11	01:05:58.701	0.83316	0.83345			6
2025.02.11	01:05:59.012	0.83315	0.83340			6
2025.02.11	01:05:59.321	0.83314				2
2025.02.11	01:05:59.817		0.83344			4
2025.02.11	01:06:00.305	0.83314				2
2025.02.11	01:06:03.119	0.83315				2
2025.02.11	01:06:08.182	0.83334	0.83336			6
2025.02.11	01:06:10.310	0.83315	0.83344			6
2025.02.11	01:06:10.808	0.83312				2
2025.02.11	01:06:11.110	0.83311	0.83343			6
2025.02.11	01:06:11.446	0.83310	0.83342			6
2025.02.11	01:06:12.811	0.83311				2
2025.02.11	01:06:15.810		0.83343			4
2025.02.11	01:06:22.308	0.83313				2
2025.02.11	01:06:27.123	0.83319	0.83345			6
2025.02.11	01:06:27.806		0.83344			4
2025.02.11	01:06:28.309	0.83323				2
2025.02.11	01:06:29.152	0.83322				2
2025.02.11	01:06:29.651	0.83315				2
2025.02.11	01:06:29.968	0.83311	0.83343			6
2025.02.11	01:06:30.578	0.83308				2
2025.02.11	01:06:30.882	0.83311	0.83344			6
2025.02.11	01:06:31.187	0.83317	0.83345			6
2025.02.11	01:06:32.698	0.83318	0.83344			6
2025.02.11	01:06:33.305	0.83321				2
2025.02.11	01:06:35.811		0.83345			4
2025.02.11	01:06:36.628	0.83319	0.83344			6
2025.02.11	01:06:36.948	0.83317				2
2025.02.11	01:06:39.796	0.83320	0.83341			6
2025.02.11	01:06:41.224	0.83319	0.83342			6
2025.02.11	01:06:46.307	0.83317				2
2025.02.11	01:06:48.306	0.83316				2
2025.02.11	01:06:48.806		0.83343			4
2025.02.11	01:06:51.797		0.83339			4
2025.02.11	01:06:52.792	0.83315				2
2025.02.11	01:06:53.801		0.83344			4
2025.02.11	01:06:58.296		0.83345			4
2025.02.11	01:06:58.808	0.83324	0.83347			6
2025.02.11	01:06:59.116	0.83323	0.83348			6
2025.02.11	01:06:59.449	0.83326				2
2025.02.11	01:07:00.303	0.83309	0.83347			6
2025.02.11	01:07:00.612	0.83311				2
2025.02.11	01:07:00.934	0.83314	0.83346			6
2025.02.11	01:07:01.307	0.83312	0.83347			6
2025.02.11	01:07:01.620	0.83314				2
2025.02.11	01:07:01.939	0.83315	0.83348			6
2025.02.11	01:07:02.278	0.83304	0.83347			6
2025.02.11	01:07:02.588	0.83311	0.83344			6
2025.02.11	01:07:02.908	0.83304	0.83339			6
2025.02.11	01:07:03.239	0.83307				2
2025.02.11	01:07:03.600	0.83302	0.83338			6
2025.02.11	01:07:03.945	0.83304	0.83341			6
2025.02.11	01:07:04.252	0.83308	0.83340			6
2025.02.11	01:07:04.946	0.83304	0.83344			6
2025.02.11	01:07:05.255	0.83299				2
2025.02.11	01:07:05.703	0.83303	0.83345			6
2025.02.11	01:07:06.665	0.83300	0.83344			6
2025.02.11	01:07:07.156	0.83304	0.83345			6
2025.02.11	01:07:07.463	0.83305				2
2025.02.11	01:07:07.790	0.83309	0.83339			6
2025.02.11	01:07:08.136	0.83311				2
2025.02.11	01:07:08.447		0.83343			4
2025.02.11	01:07:10.307	0.83305	0.83342			6
2025.02.11	01:07:10.607	0.83308	0.83338			6
2025.02.11	01:07:10.947		0.83345			4
2025.02.11	01:07:11.697	0.83306				2
2025.02.11	01:07:12.026	0.83310	0.83338			6
2025.02.11	01:07:12.452		0.83345			4
2025.02.11	01:07:14.129	0.83311				2
2025.02.11	01:07:16.243	0.83312				2
2025.02.11	01:07:17.306	0.83310				2
2025.02.11	01:07:19.246	0.83320	0.83342			6
2025.02.11	01:07:20.307	0.83319				2
2025.02.11	01:07:23.702	0.83318	0.83343			6
2025.02.11	01:07:24.021	0.83319	0.83341			6
2025.02.11	01:07:24.389		0.83342			4
2025.02.11	01:07:24.707	0.83316	0.83343			6
2025.02.11	01:07:26.281	0.83317				2
2025.02.11	01:07:27.280	0.83318				2
2025.02.11	01:07:29.309	0.83319				2
2025.02.11	01:07:31.223	0.83320	0.83342			6
2025.02.11	01:07:32.292	0.83322				2
2025.02.11	01:07:32.697	0.83328	0.83344			6
2025.02.11	01:07:33.308	0.83323	0.83340			6
2025.02.11	01:07:33.650		0.83341			4
2025.02.11	01:07:35.280	0.83322	0.83340			6
2025.02.11	01:07:35.710	0.83319				2
2025.02.11	01:07:39.644	0.83325	0.83341			6
2025.02.11	01:07:39.949	0.83326	0.83342			6
2025.02.11	01:07:45.675		0.83341			4
2025.02.11	01:07:46.016		0.83340			4
2025.02.11	01:07:46.386		0.83341			4
2025.02.11	01:07:52.199		0.83342			4
2025.02.11	01:07:56.454		0.83343			4
2025.02.11	01:07:59.306	0.83327	0.83341			6
2025.02.11	01:08:00.306	0.83327				2
2025.02.11	01:08:01.210		0.83344			4
2025.02.11	01:08:01.522		0.83345			4
2025.02.11	01:08:06.306		0.83344			4
2025.02.11	01:08:09.732		0.83345			4
2025.02.11	01:08:10.806		0.83344			4
2025.02.11	01:08:12.786	0.83328	0.83345			6
2025.02.11	01:08:13.099		0.83341			4
2025.02.11	01:08:13.446	0.83325	0.83345			6
2025.02.11	01:08:14.698	0.83323				2
2025.02.11	01:08:15.215	0.83322	0.83346			6
2025.02.11	01:08:15.523	0.83321	0.83341			6
2025.02.11	01:08:15.887	0.83309	0.83346			6
2025.02.11	01:08:16.205	0.83311	0.83342			6
2025.02.11	01:08:16.562		0.83340			4
2025.02.11	01:08:18.732	0.83310	0.83341			6
2025.02.11	01:08:20.308	0.83308	0.83340			6
2025.02.11	01:08:21.306	0.83307	0.83341			6
2025.02.11	01:08:22.185	0.83310				2
2025.02.11	01:08:27.307	0.83311				2
2025.02.11	01:08:27.808	0.83315	0.83339			6
2025.02.11	01:08:34.306		0.83340			4
2025.02.11	01:08:40.797	0.83316				2
2025.02.11	01:08:42.305	0.83315				2
2025.02.11	01:08:42.679	0.83314				2
2025.02.11	01:08:42.990	0.83313				2
2025.02.11	01:08:44.806	0.83314				2
2025.02.11	01:08:45.186	0.83310				2
2025.02.11	01:08:49.310	0.83311	0.83341			6
2025.02.11	01:08:50.699	0.83309				2
2025.02.11	01:08:58.620	0.83310	0.83338			6
2025.02.11	01:08:58.951		0.83341			4
2025.02.11	01:08:59.697	0.83312				2
2025.02.11	01:09:00.056	0.83310				2
2025.02.11	01:09:01.632	0.83311				2
2025.02.11	01:09:01.947		0.83340			4
2025.02.11	01:09:05.312	0.83314	0.83341			6
2025.02.11	01:09:07.806	0.83315	0.83340			6
2025.02.11	01:09:08.144	0.83318	0.83339			6
2025.02.11	01:09:08.446	0.83315				2
2025.02.11	01:09:08.764	0.83322	0.83342			6
2025.02.11	01:09:09.077	0.83323	0.83341			6
2025.02.11	01:09:09.383	0.83318	0.83340			6
2025.02.11	01:09:09.781		0.83341			4
2025.02.11	01:09:10.087	0.83321				2
2025.02.11	01:09:10.441	0.83323				2
2025.02.11	01:09:10.791	0.83318				2
2025.02.11	01:09:11.096	0.83324	0.83339			6
2025.02.11	01:09:11.402	0.83321	0.83340			6
2025.02.11	01:09:11.727	0.83322				2
2025.02.11	01:09:12.057	0.83310	0.83338			6
2025.02.11	01:09:12.361	0.83311	0.83339			6
2025.02.11	01:09:12.770	0.83314				2
2025.02.11	01:09:14.131	0.83313	0.83340			6
2025.02.11	01:09:15.297	0.83312	0.83339			6
2025.02.11	01:09:15.605	0.83311	0.83340			6
2025.02.11	01:09:16.306	0.83316				2
2025.02.11	01:09:16.607	0.83319				2
2025.02.11	01:09:18.297	0.83318	0.83339			6
2025.02.11	01:09:18.766	0.83322	0.83340			6
2025.02.11	01:09:19.199	0.83318	0.83344			6
2025.02.11	01:09:19.505	0.83324	0.83339			6
2025.02.11	01:09:19.854	0.83322	0.83338			6
2025.02.11	01:09:20.252	0.83318	0.83339			6
2025.02.11	01:09:20.563	0.83315	0.83338			6
2025.02.11	01:09:20.887		0.83339			4
2025.02.11	01:09:21.263	0.83320	0.83340			6
2025.02.11	01:09:22.308	0.83322				2
2025.02.11	01:09:23.306	0.83321	0.83341			6
2025.02.11	01:09:24.296	0.83322	0.83340			6
2025.02.11	01:09:25.164	0.83329	0.83347			6
2025.02.11	01:09:25.470	0.83330	0.83345			6
2025.02.11	01:09:26.085		0.83344			4
2025.02.11	01:09:26.403	0.83327	0.83341			6
2025.02.11	01:09:27.221	0.83330	0.83344			6
2025.02.11	01:09:27.522	0.83331	0.83345			6
2025.02.11	01:09:28.468		0.83346			4
2025.02.11	01:09:28.776	0.83329	0.83347			6
2025.02.11	01:09:29.306	0.83330	0.83351			6
2025.02.11	01:09:29.611	0.83331	0.83360			6
2025.02.11	01:09:29.950	0.83332	0.83359			6
2025.02.11	01:09:30.296	0.83334	0.83354			6
2025.02.11	01:09:30.596		0.83355			4
2025.02.11	01:09:31.306		0.83357			4
2025.02.11	01:09:31.737	0.83335	0.83352			6
2025.02.11	01:09:32.212	0.83334	0.83355			6
2025.02.11	01:09:32.522		0.83354			4
2025.02.11	01:09:33.294	0.83335				2
2025.02.11	01:09:33.796	0.83334				2
2025.02.11	01:09:34.442		0.83352			4
2025.02.11	01:09:34.776	0.83335				2
2025.02.11	01:09:35.082	0.83334	0.83354			6
2025.02.11	01:09:35.383	0.83335	0.83353			6
2025.02.11	01:09:35.728	0.83332	0.83352			6
2025.02.11	01:09:36.043	0.83333				2
2025.02.11	01:09:36.451	0.83338				2
2025.02.11	01:09:36.784		0.83354			4
2025.02.11	01:09:37.103		0.83353			4
2025.02.11	01:09:37.451	0.83337	0.83356			6
2025.02.11	01:09:37.796	0.83338	0.83350			6
2025.02.11	01:09:38.103	0.83337	0.83356			6
2025.02.11	01:09:38.439	0.83339	0.83354			6
2025.02.11	01:09:38.802	0.83338	0.83355			6
2025.02.11	01:09:39.306	0.83336	0.83356			6
2025.02.11	01:09:40.306		0.83354			4
2025.02.11	01:09:41.194	0.83337	0.83358			6
2025.02.11	01:09:41.503	0.83339	0.83361			6
2025.02.11	01:09:41.805	0.83340	0.83356			6
2025.02.11	01:09:42.645	0.83339	0.83357			6
2025.02.11	01:09:42.998		0.83358			4
2025.02.11	01:09:43.300		0.83361			4
2025.02.11	01:09:43.689	0.83338	0.83358			6
2025.02.11	01:09:44.419	0.83339	0.83362			6
2025.02.11	01:09:44.756	0.83338	0.83363			6
2025.02.11	01:09:45.301		0.83364			4
2025.02.11	01:09:46.297		0.83343			4
2025.02.11	01:09:47.287	0.83339	0.83366			6
2025.02.11	01:09:47.621		0.83359			4
2025.02.11	01:09:48.381	0.83341	0.83360			6
2025.02.11	01:09:49.265		0.83354			4
2025.02.11	01:09:49.621	0.83342	0.83362			6
2025.02.11	01:09:49.990	0.83324	0.83341			6
2025.02.11	01:09:50.304	0.83329	0.83344			6
2025.02.11	01:09:50.647	0.83321				2
2025.02.11	01:09:50.960		0.83343			4
2025.02.11	01:09:51.263	0.83318	0.83347			6
2025.02.11	01:09:52.011	0.83320	0.83345			6
2025.02.11	01:09:52.411	0.83319	0.83341			6
2025.02.11	01:09:52.793		0.83346			4
2025.02.11	01:09:53.628	0.83327	0.83347			6
2025.02.11	01:09:53.963	0.83328				2
2025.02.11	01:09:54.898	0.83333	0.83345			6
2025.02.11	01:09:55.378		0.83346			4
2025.02.11	01:09:57.491	0.83324	0.83345			6
2025.02.11	01:09:57.813	0.83322	0.83346			6
2025.02.11	01:09:58.116	0.83323	0.83345			6
2025.02.11	01:09:59.015	0.83322	0.83346			6
2025.02.11	01:09:59.707	0.83320				2
2025.02.11	01:10:00.076	0.83329	0.83348			6
2025.02.11	01:10:00.384	0.83339	0.83356			6
2025.02.11	01:10:00.723	0.83335	0.83352			6
2025.02.11	01:10:01.390		0.83342			4
2025.02.11	01:10:02.087		0.83352			4
2025.02.11	01:10:02.411		0.83350			4
2025.02.11	01:10:02.790	0.83332	0.83344			6
2025.02.11	01:10:03.215	0.83330				2
2025.02.11	01:10:03.645	0.83331				2
2025.02.11	01:10:04.235	0.83329				2
2025.02.11	01:10:04.923	0.83330	0.83343			6
2025.02.11	01:10:05.697	0.83329	0.83342			6
2025.02.11	01:10:06.003		0.83341			4
2025.02.11	01:10:07.273	0.83330	0.83344			6
2025.02.11	01:10:07.665	0.83331	0.83343			6
2025.02.11	01:10:09.301	0.83330	0.83342			6
2025.02.11	01:10:10.349	0.83331	0.83343			6
2025.02.11	01:10:10.800	0.83329	0.83341			6
2025.02.11	01:10:11.293	0.83330	0.83344			6
2025.02.11	01:10:12.073		0.83343			4
2025.02.11	01:10:12.874	0.83331	0.83344			6
2025.02.11	01:10:14.699	0.83333				2
2025.02.11	01:10:16.761	0.83332				2
2025.02.11	01:10:19.048	0.83331				2
2025.02.11	01:10:19.393		0.83341			4
2025.02.11	01:10:19.757		0.83344			4
2025.02.11	01:10:20.660	0.83330	0.83342			6
2025.02.11	01:10:20.970	0.83324	0.83339			6
2025.02.11	01:10:21.445	0.83329	0.83341			6
2025.02.11	01:10:21.749	0.83323	0.83338			6
2025.02.11	01:10:22.189	0.83327	0.83341			6
2025.02.11	01:10:22.641	0.83326	0.83342			6
2025.02.11	01:10:23.013	0.83328				2
2025.02.11	01:10:23.421	0.83327	0.83343			6
2025.02.11	01:10:25.407	0.83330	0.83344			6
2025.02.11	01:10:25.726	0.83331				2
2025.02.11	01:10:26.046	0.83332				2
2025.02.11	01:10:27.297	0.83335				2
2025.02.11	01:10:28.218	0.83333	0.83345			6
2025.02.11	01:10:28.536	0.83331	0.83343			6
2025.02.11	01:10:28.844		0.83344			4
2025.02.11	01:10:29.827	0.83335	0.83345			6
2025.02.11	01:10:31.906	0.83336				2
2025.02.11	01:10:32.381	0.83335				2
2025.02.11	01:10:32.748	0.83333				2
2025.02.11	01:10:35.376	0.83332				2
2025.02.11	01:10:37.407	0.83333				2
2025.02.11	01:10:40.280	0.83332				2
2025.02.11	01:10:43.912	0.83334				2
2025.02.11	01:10:47.401	0.83330				2
2025.02.11	01:10:47.714	0.83332				2
2025.02.11	01:10:48.733	0.83331				2
2025.02.11	01:10:49.047	0.83333				2
2025.02.11	01:10:49.847	0.83332				2
2025.02.11	01:10:50.391	0.83331	0.83342			6
2025.02.11	01:10:50.704	0.83324	0.83338			6
2025.02.11	01:10:51.022	0.83323	0.83341			6
2025.02.11	01:10:51.782	0.83320				2
2025.02.11	01:10:52.090	0.83327	0.83338			6
2025.02.11	01:10:52.401	0.83332	0.83342			6
2025.02.11	01:10:53.047	0.83331				2
2025.02.11	01:10:54.906	0.83330	0.83341			6
2025.02.11	01:10:57.406		0.83340			4
2025.02.11	01:11:00.406	0.83330				2
2025.02.11	01:11:00.826	0.83329				2
2025.02.11	01:11:01.386		0.83342			4
2025.02.11	01:11:02.397	0.83326	0.83344			6
2025.02.11	01:11:02.705	0.83328	0.83343			6
2025.02.11	01:11:03.009		0.83344			4
2025.02.11	01:11:06.222	0.83330				2
2025.02.11	01:11:06.546	0.83335	0.83345			6
2025.02.11	01:11:06.906	0.83332				2
2025.02.11	01:11:07.208		0.83343			4
2025.02.11	01:11:07.906	0.83329				2
2025.02.11	01:11:08.231	0.83319	0.83339			6
2025.02.11	01:11:08.547	0.83322	0.83338			6
2025.02.11	01:11:09.906	0.83326	0.83339			6
2025.02.11	01:11:10.246	0.83325	0.83340			6
2025.02.11	01:11:11.208		0.83341			4
2025.02.11	01:11:11.546	0.83329				2
2025.02.11	01:11:12.906	0.83328				2
2025.02.11	01:11:15.406		0.83342			4
2025.02.11	01:11:15.710	0.83330				2
2025.02.11	01:11:16.370	0.83332				2
2025.02.11	01:11:17.412	0.83331				2
2025.02.11	01:11:19.406	0.83330				2
2025.02.11	01:11:20.906		0.83341			4
2025.02.11	01:11:21.211	0.83331				2
2025.02.11	01:11:21.547	0.83330	0.83342			6
2025.02.11	01:11:24.356	0.83312	0.83345			6
2025.02.11	01:11:24.667	0.83323	0.83347			6
2025.02.11	01:11:24.983	0.83329	0.83350			6
2025.02.11	01:11:25.285	0.83333	0.83344			6
2025.02.11	01:11:25.602	0.83323	0.83339			6
2025.02.11	01:11:25.923	0.83319				2
2025.02.11	01:11:26.357	0.83320				2
2025.02.11	01:11:26.667	0.83322	0.83342			6
2025.02.11	01:11:27.093	0.83320	0.83343			6
2025.02.11	01:11:27.457	0.83321	0.83345			6
2025.02.11	01:11:27.766	0.83322				2
2025.02.11	01:11:28.086	0.83325	0.83342			6
2025.02.11	01:11:29.513	0.83326	0.83341			6
2025.02.11	01:11:29.824	0.83325	0.83340			6
2025.02.11	01:11:30.128		0.83339			4
2025.02.11	01:11:30.491	0.83328	0.83338			6
2025.02.11	01:11:30.809	0.83325	0.83340			6
2025.02.11	01:11:31.161	0.83327	0.83341			6
2025.02.11	01:11:31.467	0.83326	0.83340			6
2025.02.11	01:11:32.098		0.83342			4
2025.02.11	01:11:32.422	0.83325				2
2025.02.11	01:11:32.758	0.83324	0.83343			6
2025.02.11	01:11:34.650		0.83342			4
2025.02.11	01:11:35.113	0.83326				2
2025.02.11	01:11:35.441	0.83325	0.83343			6
2025.02.11	01:11:36.298	0.83326				2
2025.02.11	01:11:37.800	0.83328	0.83344			6
2025.02.11	01:11:38.326	0.83326	0.83346			6
2025.02.11	01:11:40.456		0.83345			4
2025.02.11	01:11:41.764	0.83328	0.83343			6
2025.02.11	01:11:43.852	0.83329				2
2025.02.11	01:11:45.637	0.83331	0.83345			6
2025.02.11	01:11:45.944	0.83337	0.83360			6
2025.02.11	01:11:46.245	0.83338	0.83357			6
2025.02.11	01:11:46.582	0.83340	0.83355			6
2025.02.11	01:11:46.883	0.83333	0.83345			6
2025.02.11	01:11:47.185	0.83334	0.83346			6
2025.02.11	01:11:47.917	0.83329				2
2025.02.11	01:11:48.803	0.83330				2
2025.02.11	01:11:49.450	0.83331	0.83345			6
2025.02.11	01:11:50.389	0.83322	0.83344			6
2025.02.11	01:11:50.700		0.83343			4
2025.02.11	01:11:51.049	0.83321	0.83344			6
2025.02.11	01:11:52.250		0.83343			4
2025.02.11	01:11:53.102		0.83344			4
2025.02.11	01:11:53.836		0.83343			4
2025.02.11	01:11:54.845		0.83342			4
2025.02.11	01:11:55.957	0.83329	0.83347			6
2025.02.11	01:11:57.312		0.83346			4
2025.02.11	01:11:57.713		0.83345			4
2025.02.11	01:12:00.298	0.83329				2
2025.02.11	01:12:16.257		0.83365			4
2025.02.11	01:12:16.563	0.83311	0.83344			6
2025.02.11	01:12:16.885	0.83313	0.83339			6
2025.02.11	01:12:17.193	0.83320	0.83338			6
2025.02.11	01:12:17.506	0.83319	0.83355			6
2025.02.11	01:12:17.823	0.83312	0.83351			6
2025.02.11	01:12:18.129	0.83315	0.83350			6
2025.02.11	01:12:18.444	0.83319	0.83345			6
2025.02.11	01:12:18.750	0.83314	0.83346			6
2025.02.11	01:12:19.075	0.83320	0.83345			6
2025.02.11	01:12:19.401		0.83344			4
2025.02.11	01:12:20.555	0.83322	0.83348			6
2025.02.11	01:12:20.876	0.83323	0.83345			6
2025.02.11	01:12:21.185	0.83316	0.83356			6
2025.02.11	01:12:21.514	0.83315				2
2025.02.11	01:12:21.897	0.83313	0.83355			6
2025.02.11	01:12:22.352		0.83354			4
2025.02.11	01:12:22.673	0.83309	0.83351			6
2025.02.11	01:12:23.022	0.83310				2
2025.02.11	01:12:23.727	0.83311				2
2025.02.11	01:12:24.898	0.83312	0.83350			6
2025.02.11	01:12:25.745	0.83318	0.83345			6
2025.02.11	01:12:26.077	0.83325				2
2025.02.11	01:12:27.597		0.83344			4
2025.02.11	01:12:28.146	0.83326				2
2025.02.11	01:12:28.450	0.83321				2
2025.02.11	01:12:29.160	0.83325	0.83346			6
2025.02.11	01:12:29.463	0.83326	0.83342			6
2025.02.11	01:12:29.774	0.83325	0.83339			6
2025.02.11	01:12:31.633	0.83324	0.83338			6
2025.02.11	01:12:31.943	0.83323				2
2025.02.11	01:12:32.254	0.83324	0.83339			6
2025.02.11	01:12:32.606		0.83338			4
2025.02.11	01:12:32.939	0.83319				2
2025.02.11	01:12:33.313		0.83337			4
2025.02.11	01:12:34.746	0.83324	0.83336			6
2025.02.11	01:12:35.055		0.83339			4
2025.02.11	01:12:35.510		0.83338			4
2025.02.11	01:12:35.999		0.83339			4
2025.02.11	01:12:36.347	0.83325				2
2025.02.11	01:12:37.193		0.83340			4
2025.02.11	01:12:37.749		0.83339			4
2025.02.11	01:12:38.298	0.83318	0.83336			6
2025.02.11	01:12:38.628	0.83316	0.83335			6
2025.02.11	01:12:38.946	0.83317	0.83334			6
2025.02.11	01:12:39.399	0.83316				2
2025.02.11	01:12:40.301	0.83313				2
2025.02.11	01:12:40.994	0.83312				2
2025.02.11	01:12:42.371		0.83333			4
2025.02.11	01:12:42.679	0.83311	0.83334			6
2025.02.11	01:12:44.351	0.83312				2
2025.02.11	01:12:45.049		0.83335			4
2025.02.11	01:12:46.799	0.83313				2
2025.02.11	01:12:48.362	0.83310	0.83330			6
2025.02.11	01:12:48.684		0.83329			4
2025.02.11	01:12:49.005	0.83309	0.83335			6
2025.02.11	01:12:49.345	0.83313				2
2025.02.11	01:12:49.663	0.83323	0.83337			6
2025.02.11	01:12:50.142		0.83338			4
2025.02.11	01:12:50.659	0.83322	0.83337			6
2025.02.11	01:12:50.962	0.83320	0.83333			6
2025.02.11	01:12:51.901	0.83319				2
2025.02.11	01:12:52.331	0.83317	0.83332			6
2025.02.11	01:12:52.663	0.83318				2
2025.02.11	01:12:53.075	0.83319				2
2025.02.11	01:12:53.541	0.83327	0.83341			6
2025.02.11	01:12:53.949	0.83326	0.83342			6
2025.02.11	01:12:54.262	0.83327				2
2025.02.11	01:12:54.950	0.83323	0.83346			6
2025.02.11	01:12:55.262	0.83324	0.83340			6
2025.02.11	01:12:55.577	0.83323	0.83337			6
2025.02.11	01:12:55.883		0.83336			4
2025.02.11	01:12:56.239		0.83337			4
2025.02.11	01:12:57.000		0.83336			4
2025.02.11	01:12:57.766	0.83322	0.83337			6
2025.02.11	01:12:58.068	0.83321	0.83336			6
2025.02.11	01:12:58.449	0.83322	0.83335			6
2025.02.11	01:13:00.132	0.83319				2
2025.02.11	01:13:01.441	0.83317	0.83336			6
2025.02.11	01:13:01.743	0.83313	0.83337			6
2025.02.11	01:13:02.061	0.83314	0.83336			6
2025.02.11	01:13:02.400	0.83313				2
2025.02.11	01:13:03.001	0.83315				2
2025.02.11	01:13:06.434	0.83316				2
2025.02.11	01:13:06.950	0.83317				2
2025.02.11	01:13:07.797	0.83318				2
2025.02.11	01:13:09.326	0.83317	0.83335			6
2025.02.11	01:13:10.202	0.83315				2
2025.02.11	01:13:10.643	0.83314				2
2025.02.11	01:13:12.011	0.83315				2
2025.02.11	01:13:13.022	0.83319	0.83332			6
2025.02.11	01:13:13.325	0.83312	0.83333			6
2025.02.11	01:13:15.598	0.83310				2
2025.02.11	01:13:15.901	0.83305	0.83341			6
2025.02.11	01:13:16.233		0.83336			4
2025.02.11	01:13:16.542	0.83311	0.83330			6
2025.02.11	01:13:17.501	0.83310	0.83331			6
2025.02.11	01:13:17.871	0.83307				2
2025.02.11	01:13:18.458	0.83310	0.83328			6
2025.02.11	01:13:18.772	0.83308	0.83329			6
2025.02.11	01:13:20.316	0.83313				2
2025.02.11	01:13:20.622	0.83315				2
2025.02.11	01:13:20.955	0.83317	0.83330			6
2025.02.11	01:13:21.931	0.83316				2
2025.02.11	01:13:22.391	0.83313				2
2025.02.11	01:13:22.695		0.83331			4
2025.02.11	01:13:24.346	0.83312				2
2025.02.11	01:13:24.714	0.83314				2
2025.02.11	01:13:25.028	0.83318				2
2025.02.11	01:13:25.376	0.83315				2
2025.02.11	01:13:27.248		0.83332			4
2025.02.11	01:13:28.169	0.83313	0.83333			6
2025.02.11	01:13:28.931	0.83318	0.83332			6
2025.02.11	01:13:29.232	0.83314	0.83330			6
2025.02.11	01:13:29.669	0.83310	0.83332			6
2025.02.11	01:13:31.387		0.83331			4
2025.02.11	01:13:31.767	0.83308	0.83330			6
2025.02.11	01:13:32.101	0.83309				2
2025.02.11	01:13:32.411	0.83310				2
2025.02.11	01:13:33.536	0.83311	0.83334			6
2025.02.11	01:13:33.995	0.83310				2
2025.02.11	01:13:35.241	0.83311				2
2025.02.11	01:13:35.700	0.83313	0.83331			6
2025.02.11	01:13:36.240	0.83311	0.83332			6
2025.02.11	01:13:38.115	0.83320	0.83337			6
2025.02.11	01:13:40.320	0.83321				2
2025.02.11	01:13:41.606	0.83323	0.83336			6
2025.02.11	01:13:45.126	0.83324	0.83337			6
2025.02.11	01:13:46.487	0.83323	0.83338			6
2025.02.11	01:13:47.153	0.83321				2
2025.02.11	01:13:47.750	0.83322				2
2025.02.11	01:13:49.060	0.83323	0.83337			6
2025.02.11	01:13:49.541	0.83322				2
2025.02.11	01:13:49.863	0.83321				2
2025.02.11	01:13:51.324	0.83322				2
2025.02.11	01:13:52.050	0.83320	0.83338			6
2025.02.11	01:13:52.366	0.83323				2
2025.02.11	01:13:53.574	0.83322				2
2025.02.11	01:13:54.017	0.83323	0.83337			6
2025.02.11	01:13:55.024		0.83336			4
2025.02.11	01:13:55.758	0.83322	0.83337			6
2025.02.11	01:13:56.067	0.83321	0.83338			6
2025.02.11	01:13:56.999	0.83320	0.83339			6
2025.02.11	01:13:57.303	0.83323	0.83337			6
2025.02.11	01:13:57.618	0.83321	0.83338			6
2025.02.11	01:13:58.363	0.83323				2
2025.02.11	01:13:59.046		0.83339			4
2025.02.11	01:13:59.768		0.83338			4
2025.02.11	01:14:00.376	0.83323	0.83340			6
2025.02.11	01:14:01.000	0.83325	0.83338			6
2025.02.11	01:14:01.373	0.83327	0.83339			6
2025.02.11	01:14:02.072		0.83340			4
2025.02.11	01:14:03.066	0.83326	0.83341			6
2025.02.11	01:14:03.398	0.83325	0.83338			6
2025.02.11	01:14:03.700	0.83326				2
2025.02.11	01:14:04.809	0.83327	0.83339			6
2025.02.11	01:14:06.917	0.83326				2
2025.02.11	01:14:10.360	0.83325	0.83341			6
2025.02.11	01:14:10.684	0.83328	0.83340			6
2025.02.11	01:14:11.370	0.83327	0.83342			6
2025.02.11	01:14:11.920	0.83328	0.83341			6
2025.02.11	01:14:18.416	0.83329	0.83342			6
2025.02.11	01:14:18.798	0.83328				2
2025.02.11	01:14:19.955		0.83344			4
2025.02.11	01:14:20.361	0.83326				2
2025.02.11	01:14:20.662		0.83345			4
2025.02.11	01:14:21.231		0.83347			4
2025.02.11	01:14:22.042	0.83327	0.83343			6
2025.02.11	01:14:24.248	0.83326	0.83344			6
2025.02.11	01:14:24.562		0.83345			4
2025.02.11	01:14:25.243	0.83324				2
2025.02.11	01:14:25.549	0.83326	0.83341			6
2025.02.11	01:14:26.787	0.83327	0.83340			6
2025.02.11	01:14:29.518		0.83341			4
2025.02.11	01:14:29.926	0.83326	0.83342			6
2025.02.11	01:14:31.759	0.83325	0.83344			6
2025.02.11	01:14:32.497	0.83326				2
2025.02.11	01:14:33.042	0.83325				2
2025.02.11	01:14:33.877	0.83326	0.83343			6
2025.02.11	01:14:35.299	0.83327	0.83344			6
2025.02.11	01:14:38.564	0.83329	0.83342			6
2025.02.11	01:14:39.898	0.83330				2
2025.02.11	01:14:46.451	0.83329	0.83341			6
2025.02.11	01:14:46.797		0.83342			4
2025.02.11	01:14:48.141	0.83330				2
2025.02.11	01:14:49.119	0.83329				2
2025.02.11	01:14:50.394	0.83330				2
2025.02.11	01:14:51.108	0.83329	0.83341			6
2025.02.11	01:14:52.209	0.83331				2
2025.02.11	01:14:53.608	0.83330				2
2025.02.11	01:14:54.358	0.83328				2
2025.02.11	01:14:54.736	0.83326	0.83342			6
2025.02.11	01:14:59.841		0.83341			4
2025.02.11	01:15:00.240	0.83329	0.83340			6
2025.02.11	01:15:00.543	0.83324	0.83341			6
2025.02.11	01:15:00.954		0.83342			4
2025.02.11	01:15:01.353	0.83330	0.83343			6
2025.02.11	01:15:01.663	0.83329				2
2025.02.11	01:15:01.986	0.83330	0.83342			6
2025.02.11	01:15:02.287	0.83332	0.83344			6
2025.02.11	01:15:03.949	0.83331	0.83343			6
2025.02.11	01:15:06.208	0.83330				2
2025.02.11	01:15:08.243	0.83332	0.83344			6
2025.02.11	01:15:08.545	0.83331	0.83342			6
2025.02.11	01:15:10.346		0.83343			4
2025.02.11	01:15:11.183		0.83342			4
2025.02.11	01:15:11.529	0.83332	0.83344			6
2025.02.11	01:15:12.590	0.83331	0.83343			6
2025.02.11	01:15:13.936	0.83329	0.83342			6
2025.02.11	01:15:18.018	0.83330				2
2025.02.11	01:15:19.065	0.83331				2
2025.02.11	01:15:20.106	0.83330	0.83341			6
2025.02.11	01:15:21.150	0.83331	0.83342			6
2025.02.11	01:15:22.194	0.83330	0.83341			6
2025.02.11	01:15:22.761	0.83331	0.83342			6
2025.02.11	01:15:23.760	0.83330	0.83341			6
2025.02.11	01:15:24.602		0.83342			4
2025.02.11	01:15:26.351		0.83341			4
2025.02.11	01:15:28.357	0.83331	0.83342			6
2025.02.11	01:15:30.368	0.83329	0.83340			6
2025.02.11	01:15:33.771		0.83339			4
2025.02.11	01:15:35.997		0.83338			4
2025.02.11	01:15:36.982		0.83339			4
2025.02.11	01:15:37.284		0.83338			4
2025.02.11	01:15:37.618		0.83339			4
2025.02.11	01:15:37.935		0.83338			4
2025.02.11	01:15:38.293		0.83339			4
2025.02.11	01:15:43.959	0.83331	0.83343			6
2025.02.11	01:15:44.265	0.83332	0.83341			6
2025.02.11	01:15:44.584		0.83338			4
2025.02.11	01:16:00.285	0.83332				2
2025.02.11	01:16:03.439	0.83327	0.83334			6
2025.02.11	01:16:04.778		0.83333			4
2025.02.11	01:16:12.456	0.83328	0.83335			6
2025.02.11	01:16:14.447		0.83336			4
2025.02.11	01:16:16.229		0.83335			4
2025.02.11	01:16:17.609		0.83336			4
2025.02.11	01:16:17.975		0.83335			4
2025.02.11	01:16:18.599	0.83329	0.83337			6
2025.02.11	01:16:33.301	0.83330				2
2025.02.11	01:16:35.049	0.83337	0.83346			6
2025.02.11	01:16:35.364	0.83344	0.83351			6
2025.02.11	01:16:35.668		0.83350			4
2025.02.11	01:16:35.984	0.83343				2
2025.02.11	01:16:36.356	0.83342	0.83349			6
2025.02.11	01:16:36.663		0.83348			4
2025.02.11	01:16:37.145	0.83341				2
2025.02.11	01:16:38.231	0.83340				2
2025.02.11	01:16:41.901		0.83347			4
2025.02.11	01:16:45.116		0.83348			4
2025.02.11	01:16:46.076		0.83347			4
