<DATE>	<TIME>	<BID>	<ASK>	<LAST>	<VOLUME>	<FLAGS>
2025.02.18	00:00:00.032	0.83022	0.83065			6
2025.02.18	00:00:00.343	0.83016	0.83086			6
2025.02.18	00:00:00.787	0.83000	0.83108			6
2025.02.18	00:00:01.397	0.82970	0.83128			6
2025.02.18	00:00:30.523	0.82963	0.83133			6
2025.02.18	00:01:15.855	0.82963	0.83129			6
2025.02.18	00:01:32.636		0.83130			4
2025.02.18	00:01:53.601		0.83125			4
2025.02.18	00:02:01.323	0.82968				2
2025.02.18	00:02:04.490		0.83090			4
2025.02.18	00:02:11.497	0.82995				2
2025.02.18	00:02:16.332		0.83082			4
2025.02.18	00:02:55.767		0.83081			4
2025.02.18	00:03:09.376	0.82995	0.83121			6
2025.02.18	00:03:14.529	0.82973	0.83125			6
2025.02.18	00:03:52.142		0.83098			4
2025.02.18	00:04:11.870	0.82973	0.83106			6
2025.02.18	00:04:19.560	0.82983				2
2025.02.18	00:05:00.566	0.83004				2
2025.02.18	00:05:12.370		0.83106			4
2025.02.18	00:05:15.709	0.83024	0.83094			6
2025.02.18	00:05:21.209	0.83004	0.83106			6
2025.02.18	00:05:21.533	0.83024	0.83094			6
2025.02.18	00:06:00.644	0.83024				2
2025.02.18	00:06:26.364		0.83094			4
2025.02.18	00:07:00.963	0.83024				2
2025.02.18	00:07:21.284	0.83023				2
2025.02.18	00:07:30.361		0.83094			4
2025.02.18	00:08:05.938	0.83023				2
2025.02.18	00:08:30.968		0.83094			4
2025.02.18	00:09:00.940	0.83023				2
2025.02.18	00:09:34.825		0.83094			4
2025.02.18	00:10:00.342	0.83023				2
2025.02.18	00:10:06.564	0.83020				2
2025.02.18	00:10:11.066	0.83015	0.83075			6
2025.02.18	00:10:53.229	0.83019	0.83095			6
2025.02.18	00:10:53.555	0.83020	0.83094			6
2025.02.18	00:10:54.238	0.83015	0.83075			6
2025.02.18	00:10:55.147	0.83020	0.83094			6
2025.02.18	00:10:59.121	0.83015	0.83075			6
2025.02.18	00:11:00.056	0.83020	0.83094			6
2025.02.18	00:11:04.001	0.83015	0.83075			6
2025.02.18	00:11:04.957	0.83020	0.83094			6
2025.02.18	00:11:08.769	0.83015	0.83075			6
2025.02.18	00:11:09.705	0.83020	0.83094			6
2025.02.18	00:11:13.844	0.83015	0.83075			6
2025.02.18	00:11:14.761	0.83020	0.83094			6
2025.02.18	00:12:00.408	0.83020				2
2025.02.18	00:12:15.959		0.83094			4
2025.02.18	00:13:00.369	0.83020				2
2025.02.18	00:13:16.890		0.83094			4
2025.02.18	00:14:00.407	0.83020				2
2025.02.18	00:14:06.564	0.83021				2
2025.02.18	00:14:17.473		0.83094			4
2025.02.18	00:14:49.308		0.83086			4
2025.02.18	00:14:50.066		0.83090			4
2025.02.18	00:14:55.246		0.83087			4
2025.02.18	00:15:00.369	0.83021				2
2025.02.18	00:15:14.364		0.83080			4
2025.02.18	00:15:17.340	0.83008	0.83058			6
2025.02.18	00:16:26.650	0.83008	0.83051			6
2025.02.18	00:16:39.079	0.83007				2
2025.02.18	00:16:41.666		0.83050			4
2025.02.18	00:16:58.180		0.83047			4
2025.02.18	00:17:00.461	0.83007				2
2025.02.18	00:17:40.842		0.83061			4
2025.02.18	00:17:59.040		0.83092			4
2025.02.18	00:17:59.384		0.83077			4
2025.02.18	00:18:00.432	0.83007				2
2025.02.18	00:18:10.875	0.83017	0.83072			6
2025.02.18	00:19:03.114	0.83017				2
2025.02.18	00:19:13.195		0.83072			4
2025.02.18	00:20:00.374	0.83017				2
2025.02.18	00:20:03.418	0.83015				2
2025.02.18	00:20:14.044		0.83072			4
2025.02.18	00:21:01.307	0.83014				2
2025.02.18	00:21:16.692		0.83072			4
2025.02.18	00:21:26.232		0.83074			4
2025.02.18	00:21:35.007		0.83073			4
2025.02.18	00:22:00.966	0.83014				2
2025.02.18	00:22:06.813		0.83083			4
2025.02.18	00:22:20.524	0.83013				2
2025.02.18	00:22:29.948		0.83075			4
2025.02.18	00:22:53.225		0.83074			4
2025.02.18	00:23:03.364	0.83014				2
2025.02.18	00:23:11.681	0.83017				2
2025.02.18	00:23:12.624		0.83079			4
2025.02.18	00:23:25.904	0.83016				2
2025.02.18	00:23:29.022		0.83080			4
2025.02.18	00:23:50.260	0.83008	0.83068			6
2025.02.18	00:23:52.109	0.83016	0.83080			6
2025.02.18	00:24:04.151	0.83016				2
2025.02.18	00:24:54.838		0.83080			4
2025.02.18	00:25:00.319	0.83016				2
2025.02.18	00:25:16.475		0.83090			4
2025.02.18	00:25:21.098		0.83093			4
2025.02.18	00:25:35.567		0.83098			4
2025.02.18	00:25:38.101		0.83090			4
2025.02.18	00:25:43.259		0.83098			4
2025.02.18	00:25:46.353		0.83093			4
2025.02.18	00:25:59.421		0.83090			4
2025.02.18	00:26:00.972	0.83016				2
2025.02.18	00:26:04.622		0.83098			4
2025.02.18	00:26:19.999		0.83090			4
2025.02.18	00:26:25.416		0.83098			4
2025.02.18	00:26:39.043		0.83093			4
2025.02.18	00:26:41.055		0.83090			4
2025.02.18	00:26:46.598		0.83093			4
2025.02.18	00:26:56.787		0.83098			4
2025.02.18	00:27:01.339	0.83016				2
2025.02.18	00:27:02.951		0.83090			4
2025.02.18	00:27:08.712		0.83098			4
2025.02.18	00:27:25.269		0.83090			4
2025.02.18	00:27:31.139		0.83098			4
2025.02.18	00:27:47.524		0.83090			4
2025.02.18	00:27:52.831		0.83098			4
2025.02.18	00:28:00.317	0.83016				2
2025.02.18	00:28:09.046		0.83090			4
2025.02.18	00:28:14.053		0.83098			4
2025.02.18	00:28:29.085		0.83090			4
2025.02.18	00:28:34.817		0.83098			4
2025.02.18	00:28:51.377		0.83090			4
2025.02.18	00:28:57.102		0.83098			4
2025.02.18	00:29:00.381	0.83016				2
2025.02.18	00:29:13.605		0.83090			4
2025.02.18	00:29:19.132		0.83098			4
2025.02.18	00:29:35.544		0.83090			4
2025.02.18	00:29:41.117		0.83098			4
2025.02.18	00:29:52.074	0.83017				2
2025.02.18	00:29:56.768		0.83093			4
2025.02.18	00:30:00.301	0.83017	0.83090			6
2025.02.18	00:30:52.829		0.83084			4
2025.02.18	00:31:00.441	0.83017				2
2025.02.18	00:31:02.161		0.83091			4
2025.02.18	00:31:02.466		0.83086			4
2025.02.18	00:31:19.026		0.83093			4
2025.02.18	00:31:41.007		0.83087			4
2025.02.18	00:32:01.868	0.83017				2
2025.02.18	00:32:04.119	0.83018				2
2025.02.18	00:32:41.476		0.83087			4
2025.02.18	00:32:42.593		0.83091			4
2025.02.18	00:32:43.662	0.83023				2
2025.02.18	00:32:47.308	0.83021	0.83093			6
2025.02.18	00:32:47.807	0.83018	0.83089			6
2025.02.18	00:33:05.738	0.83018				2
2025.02.18	00:33:42.360	0.83019				2
2025.02.18	00:33:42.836		0.83093			4
2025.02.18	00:33:44.710	0.83022	0.83092			6
2025.02.18	00:34:00.060	0.83022				2
2025.02.18	00:34:12.663	0.83023	0.83091			6
2025.02.18	00:34:37.276		0.83093			4
2025.02.18	00:34:41.069		0.83095			4
2025.02.18	00:34:44.753	0.83025				2
2025.02.18	00:34:55.299	0.83026				2
2025.02.18	00:34:56.881		0.83093			4
2025.02.18	00:35:00.079	0.83025				2
2025.02.18	00:35:02.548		0.83095			4
2025.02.18	00:35:18.353		0.83093			4
2025.02.18	00:35:24.215		0.83095			4
2025.02.18	00:35:32.779		0.83097			4
2025.02.18	00:35:36.767	0.83027				2
2025.02.18	00:35:40.800		0.83093			4
2025.02.18	00:35:45.971		0.83097			4
2025.02.18	00:36:01.114	0.83027	0.83093			6
2025.02.18	00:36:06.303	0.83029	0.83097			6
2025.02.18	00:36:10.570	0.83030				2
2025.02.18	00:36:15.672		0.83095			4
2025.02.18	00:36:16.221	0.83032	0.83093			6
2025.02.18	00:36:17.723		0.83092			4
2025.02.18	00:36:24.398	0.83033				2
2025.02.18	00:36:26.765		0.83091			4
2025.02.18	00:36:35.469		0.83092			4
2025.02.18	00:36:38.167		0.83091			4
2025.02.18	00:36:40.867		0.83092			4
2025.02.18	00:36:42.963		0.83091			4
2025.02.18	00:36:47.217		0.83092			4
2025.02.18	00:37:01.879	0.83033				2
2025.02.18	00:37:16.383	0.83031	0.83094			6
2025.02.18	00:37:18.368	0.83030	0.83095			6
2025.02.18	00:37:19.257		0.83096			4
2025.02.18	00:37:20.396		0.83095			4
2025.02.18	00:37:21.371		0.83098			4
2025.02.18	00:37:28.936		0.83093			4
2025.02.18	00:37:34.376		0.83098			4
2025.02.18	00:37:49.572	0.83031				2
2025.02.18	00:37:50.336		0.83093			4
2025.02.18	00:37:55.256	0.83030				2
2025.02.18	00:37:55.809		0.83098			4
2025.02.18	00:38:00.372	0.83031				2
2025.02.18	00:38:11.894		0.83093			4
2025.02.18	00:38:17.091		0.83097			4
2025.02.18	00:38:30.097	0.83030	0.83101			6
2025.02.18	00:38:32.535		0.83093			4
2025.02.18	00:38:37.820	0.83031				2
2025.02.18	00:38:38.379		0.83101			4
2025.02.18	00:38:39.668	0.83030				2
2025.02.18	00:38:41.096		0.83103			4
2025.02.18	00:38:47.771	0.83031				2
2025.02.18	00:38:50.175	0.83030				2
2025.02.18	00:38:54.095		0.83093			4
2025.02.18	00:38:59.717		0.83103			4
2025.02.18	00:39:00.668	0.83030				2
2025.02.18	00:39:08.471	0.83031				2
2025.02.18	00:39:09.304		0.83096			4
2025.02.18	00:39:15.761		0.83093			4
2025.02.18	00:39:21.249		0.83096			4
2025.02.18	00:39:28.073	0.83032				2
2025.02.18	00:39:28.874	0.83029				2
2025.02.18	00:39:29.325	0.83027	0.83094			6
2025.02.18	00:39:37.520		0.83093			4
2025.02.18	00:39:38.467	0.83028				2
2025.02.18	00:39:43.270		0.83094			4
2025.02.18	00:39:45.070	0.83029				2
2025.02.18	00:39:48.574	0.83032	0.83095			6
2025.02.18	00:39:49.408	0.83029	0.83091			6
2025.02.18	00:39:49.849	0.83028				2
2025.02.18	00:39:51.102	0.83030	0.83095			6
2025.02.18	00:39:52.268	0.83029				2
2025.02.18	00:39:52.588	0.83027				2
2025.02.18	00:39:53.792	0.83028				2
2025.02.18	00:39:57.475	0.83029				2
2025.02.18	00:39:59.138		0.83093			4
2025.02.18	00:40:00.066	0.83029				2
2025.02.18	00:40:00.773	0.83028	0.83074			6
2025.02.18	00:40:02.699	0.83020	0.83071			6
2025.02.18	00:40:09.900	0.83021	0.83070			6
2025.02.18	00:40:15.667	0.83020	0.83071			6
2025.02.18	00:40:17.472	0.83021	0.83070			6
2025.02.18	00:40:58.039	0.83022	0.83069			6
2025.02.18	00:41:00.342	0.83022				2
2025.02.18	00:41:21.413	0.83023				2
2025.02.18	00:41:22.317	0.83022	0.83070			6
2025.02.18	00:41:48.420	0.83021	0.83071			6
2025.02.18	00:41:59.338	0.83022	0.83070			6
2025.02.18	00:42:00.306	0.83022				2
2025.02.18	00:42:10.567	0.83023				2
2025.02.18	00:42:21.771		0.83069			4
2025.02.18	00:42:53.158	0.83022	0.83070			6
2025.02.18	00:42:58.041	0.83027	0.83086			6
2025.02.18	00:42:58.588	0.83028	0.83085			6
2025.02.18	00:43:00.095	0.83029	0.83084			6
2025.02.18	00:43:01.261	0.83028	0.83085			6
2025.02.18	00:43:10.459	0.83029	0.83084			6
2025.02.18	00:43:43.871		0.83083			4
2025.02.18	00:43:58.047		0.83087			4
2025.02.18	00:44:00.042	0.83029	0.83096			6
2025.02.18	00:44:00.363	0.83032				2
2025.02.18	00:44:01.116		0.83095			4
2025.02.18	00:44:02.473	0.83033	0.83094			6
2025.02.18	00:44:03.001	0.83032	0.83095			6
2025.02.18	00:44:03.310		0.83096			4
2025.02.18	00:44:06.937		0.83089			4
2025.02.18	00:44:10.358	0.83031	0.83090			6
2025.02.18	00:44:13.084	0.83033	0.83094			6
2025.02.18	00:44:13.386	0.83031	0.83095			6
2025.02.18	00:44:14.442		0.83092			4
2025.02.18	00:44:15.326	0.83032				2
2025.02.18	00:44:16.585	0.83031				2
2025.02.18	00:44:20.244		0.83094			4
2025.02.18	00:44:22.785		0.83093			4
2025.02.18	00:44:24.638	0.83032	0.83092			6
2025.02.18	00:44:26.152	0.83031	0.83094			6
2025.02.18	00:44:31.163	0.83032	0.83093			6
2025.02.18	00:44:32.471		0.83092			4
2025.02.18	00:44:34.127	0.83031	0.83093			6
2025.02.18	00:44:36.075	0.83032				2
2025.02.18	00:44:36.402		0.83092			4
2025.02.18	00:44:51.510	0.83033				2
2025.02.18	00:44:52.141	0.83034				2
2025.02.18	00:44:52.516		0.83091			4
2025.02.18	00:44:54.243		0.83092			4
2025.02.18	00:44:56.470	0.83036	0.83089			6
2025.02.18	00:44:57.374	0.83035	0.83090			6
2025.02.18	00:44:58.768	0.83036	0.83089			6
2025.02.18	00:44:59.242	0.83034	0.83060			6
2025.02.18	00:44:59.912	0.83036	0.83089			6
2025.02.18	00:45:00.486	0.83036				2
2025.02.18	00:45:02.144	0.83028	0.83088			6
2025.02.18	00:45:03.996	0.83036	0.83089			6
2025.02.18	00:45:08.579	0.83044	0.83081			6
2025.02.18	00:45:20.682		0.83080			4
2025.02.18	00:45:23.167	0.83043				2
2025.02.18	00:45:26.382		0.83082			4
2025.02.18	00:45:26.775	0.83044				2
2025.02.18	00:45:29.263		0.83081			4
2025.02.18	00:45:31.869		0.83082			4
2025.02.18	00:45:41.201		0.83081			4
2025.02.18	00:45:42.841		0.83080			4
2025.02.18	00:45:43.799	0.83045				2
2025.02.18	00:45:44.943	0.83044				2
2025.02.18	00:45:48.303		0.83081			4
2025.02.18	00:45:48.949	0.83045	0.83080			6
2025.02.18	00:45:51.057	0.83044	0.83081			6
2025.02.18	00:45:53.309	0.83045				2
2025.02.18	00:45:55.221		0.83080			4
2025.02.18	00:46:03.635	0.83045	0.83082			6
2025.02.18	00:46:05.127		0.83080			4
2025.02.18	00:46:10.863		0.83082			4
2025.02.18	00:46:21.037		0.83084			4
2025.02.18	00:46:27.567		0.83080			4
2025.02.18	00:46:33.441		0.83084			4
2025.02.18	00:46:35.553	0.83046	0.83085			6
2025.02.18	00:46:39.692	0.83045	0.83083			6
2025.02.18	00:46:40.976		0.83080			4
2025.02.18	00:46:56.079	0.83044				2
2025.02.18	00:47:00.235	0.83044				2
2025.02.18	00:47:01.959	0.83032	0.83068			6
2025.02.18	00:47:03.790	0.83044	0.83080			6
2025.02.18	00:47:44.423		0.83081			4
2025.02.18	00:47:54.158		0.83080			4
2025.02.18	00:48:00.040	0.83044	0.83081			6
2025.02.18	00:48:15.599		0.83080			4
2025.02.18	00:48:21.609		0.83081			4
2025.02.18	00:48:37.626		0.83080			4
2025.02.18	00:48:42.634		0.83081			4
2025.02.18	00:48:56.340	0.83022				2
2025.02.18	00:48:58.704		0.83080			4
2025.02.18	00:49:00.970	0.83022				2
2025.02.18	00:49:04.249		0.83081			4
2025.02.18	00:49:04.926	0.83045	0.83087			6
2025.02.18	00:49:05.699	0.83046	0.83091			6
2025.02.18	00:49:06.455	0.83047				2
2025.02.18	00:49:07.721	0.83049				2
2025.02.18	00:49:08.362	0.83050	0.83090			6
2025.02.18	00:49:09.761		0.83091			4
2025.02.18	00:49:10.103	0.83051	0.83090			6
2025.02.18	00:49:10.430	0.83052	0.83088			6
2025.02.18	00:49:12.209	0.83053				2
2025.02.18	00:49:12.562		0.83087			4
2025.02.18	00:49:13.004		0.83083			4
2025.02.18	00:49:15.413	0.83052	0.83084			6
2025.02.18	00:49:18.073	0.83053	0.83083			6
2025.02.18	00:49:19.553	0.83052	0.83084			6
2025.02.18	00:49:20.005		0.83080			4
2025.02.18	00:49:20.737	0.83051				2
2025.02.18	00:49:21.379	0.83050				2
2025.02.18	00:49:24.317	0.83051				2
2025.02.18	00:49:25.324		0.83085			4
2025.02.18	00:49:26.159	0.83049	0.83087			6
2025.02.18	00:49:30.073		0.83080			4
2025.02.18	00:49:32.122	0.83048	0.83075			6
2025.02.18	00:49:35.836	0.83049	0.83077			6
2025.02.18	00:49:38.448	0.83050				2
2025.02.18	00:49:52.951	0.83048	0.83078			6
2025.02.18	00:49:54.556	0.83047	0.83079			6
2025.02.18	00:49:55.251		0.83080			4
2025.02.18	00:49:56.000	0.83046				2
2025.02.18	00:49:59.590	0.83047				2
2025.02.18	00:50:00.324	0.83047				2
2025.02.18	00:50:01.653	0.83046	0.83078			6
2025.02.18	00:50:06.469		0.83076			4
2025.02.18	00:50:09.073	0.83047				2
2025.02.18	00:50:21.975		0.83075			4
2025.02.18	00:50:24.074	0.83048				2
2025.02.18	00:50:25.589	0.83047	0.83073			6
2025.02.18	00:50:29.477		0.83074			4
2025.02.18	00:50:30.953	0.83046	0.83072			6
2025.02.18	00:50:31.798	0.83045	0.83073			6
2025.02.18	00:50:35.075		0.83074			4
2025.02.18	00:50:40.079		0.83073			4
2025.02.18	00:50:41.679	0.83044	0.83074			6
2025.02.18	00:50:49.980	0.83045	0.83073			6
2025.02.18	00:50:52.227	0.83041				2
2025.02.18	00:50:58.701	0.83042	0.83076			6
2025.02.18	00:50:59.455	0.83043	0.83075			6
2025.02.18	00:51:00.281	0.83043	0.83068			6
2025.02.18	00:51:00.819		0.83081			4
2025.02.18	00:51:01.327	0.83044	0.83080			6
2025.02.18	00:51:05.770	0.83045	0.83079			6
2025.02.18	00:51:08.347	0.83046	0.83078			6
2025.02.18	00:51:14.781	0.83047				2
2025.02.18	00:51:15.083		0.83077			4
2025.02.18	00:51:19.569	0.83048	0.83076			6
2025.02.18	00:51:27.563	0.83047	0.83077			6
2025.02.18	00:51:30.097	0.83048	0.83076			6
2025.02.18	00:51:32.472		0.83075			4
2025.02.18	00:51:44.168		0.83076			4
2025.02.18	00:51:45.730	0.83047				2
2025.02.18	00:51:48.129	0.83046	0.83080			6
2025.02.18	00:51:52.653	0.83047	0.83079			6
2025.02.18	00:51:55.313	0.83048				2
2025.02.18	00:51:58.360		0.83080			4
2025.02.18	00:51:59.457	0.83049	0.83079			6
2025.02.18	00:52:00.914	0.83049				2
2025.02.18	00:52:01.916	0.83047				2
2025.02.18	00:52:04.224		0.83080			4
2025.02.18	00:52:06.979	0.83046	0.83081			6
2025.02.18	00:52:08.450	0.83047	0.83080			6
2025.02.18	00:52:10.357	0.83048	0.83079			6
2025.02.18	00:52:13.308		0.83078			4
2025.02.18	00:52:14.908	0.83049	0.83074			6
2025.02.18	00:52:15.958	0.83050	0.83073			6
2025.02.18	00:52:29.172		0.83074			4
2025.02.18	00:52:48.951	0.83052	0.83088			6
2025.02.18	00:52:49.387	0.83053	0.83087			6
2025.02.18	00:52:51.250	0.83054	0.83086			6
2025.02.18	00:52:54.968	0.83057	0.83083			6
2025.02.18	00:52:55.351	0.83058	0.83082			6
2025.02.18	00:52:57.576	0.83056	0.83089			6
2025.02.18	00:52:57.971	0.83061	0.83087			6
2025.02.18	00:52:58.286	0.83059	0.83089			6
2025.02.18	00:52:58.685	0.83058				2
2025.02.18	00:53:00.070	0.83058				2
2025.02.18	00:53:03.036	0.83057	0.83086			6
2025.02.18	00:53:04.348	0.83055				2
2025.02.18	00:53:05.426	0.83053	0.83077			6
2025.02.18	00:53:06.179	0.83052	0.83078			6
2025.02.18	00:53:08.340	0.83053	0.83077			6
2025.02.18	00:53:10.964		0.83078			4
2025.02.18	00:53:13.410	0.83052				2
2025.02.18	00:53:14.096	0.83043	0.83070			6
2025.02.18	00:53:14.742	0.83044	0.83069			6
2025.02.18	00:53:15.316	0.83046				2
2025.02.18	00:53:15.623	0.83043	0.83067			6
2025.02.18	00:53:16.475	0.83042	0.83065			6
2025.02.18	00:53:19.058	0.83043	0.83066			6
2025.02.18	00:53:19.391	0.83045	0.83078			6
2025.02.18	00:53:21.578	0.83046	0.83077			6
2025.02.18	00:53:26.768		0.83076			4
2025.02.18	00:53:30.966	0.83045	0.83073			6
2025.02.18	00:53:31.277		0.83074			4
2025.02.18	00:53:35.393	0.83041	0.83065			6
2025.02.18	00:53:38.774	0.83040	0.83066			6
2025.02.18	00:53:39.514	0.83039	0.83067			6
2025.02.18	00:53:40.692		0.83070			4
2025.02.18	00:53:42.342	0.83040	0.83069			6
2025.02.18	00:53:42.730	0.83041	0.83068			6
2025.02.18	00:53:49.472	0.83042				2
2025.02.18	00:53:56.459	0.83038	0.83062			6
2025.02.18	00:54:02.906	0.83038				2
2025.02.18	00:54:13.869		0.83063			4
2025.02.18	00:54:16.046	0.83035	0.83062			6
2025.02.18	00:54:25.808	0.83034	0.83060			6
2025.02.18	00:54:26.304	0.83033				2
2025.02.18	00:54:30.363	0.83031				2
2025.02.18	00:54:31.268		0.83064			4
2025.02.18	00:54:32.037		0.83068			4
2025.02.18	00:54:32.347	0.83033				2
2025.02.18	00:54:32.769	0.83034	0.83066			6
2025.02.18	00:54:34.359	0.83035				2
2025.02.18	00:54:35.168	0.83033	0.83060			6
2025.02.18	00:54:35.488	0.83032				2
2025.02.18	00:54:36.353	0.83033				2
2025.02.18	00:54:38.014	0.83032	0.83061			6
2025.02.18	00:54:40.679	0.83031				2
2025.02.18	00:54:47.660	0.83032				2
2025.02.18	00:54:50.967	0.83031				2
2025.02.18	00:55:00.077	0.83031				2
2025.02.18	00:55:05.745		0.83060			4
2025.02.18	00:55:12.370	0.83032				2
2025.02.18	00:55:15.892		0.83059			4
2025.02.18	00:55:21.936	0.83033	0.83058			6
2025.02.18	00:55:23.376		0.83057			4
2025.02.18	00:55:24.313	0.83034				2
2025.02.18	00:55:27.372	0.83033				2
2025.02.18	00:55:31.976	0.83032	0.83058			6
2025.02.18	00:55:32.898	0.83036	0.83062			6
2025.02.18	00:55:33.305		0.83061			4
2025.02.18	00:55:36.654		0.83062			4
2025.02.18	00:55:38.169	0.83037				2
2025.02.18	00:55:38.940	0.83038	0.83060			6
2025.02.18	00:55:48.380	0.83041	0.83063			6
2025.02.18	00:56:00.966	0.83040	0.83064			6
2025.02.18	00:56:02.818	0.83041	0.83063			6
2025.02.18	00:56:24.148	0.83040				2
2025.02.18	00:56:26.797	0.83041				2
2025.02.18	00:56:31.363	0.83038				2
2025.02.18	00:56:32.446		0.83062			4
2025.02.18	00:56:34.189	0.83039	0.83061			6
2025.02.18	00:56:53.958		0.83062			4
2025.02.18	00:56:56.769		0.83061			4
2025.02.18	00:56:58.998		0.83062			4
2025.02.18	00:57:00.654	0.83039				2
2025.02.18	00:57:03.605		0.83061			4
2025.02.18	00:57:22.269	0.83040				2
2025.02.18	00:57:25.854	0.83039				2
2025.02.18	00:57:28.317	0.83040				2
2025.02.18	00:58:00.965	0.83040				2
2025.02.18	00:58:02.175	0.83041				2
2025.02.18	00:58:02.486		0.83062			4
2025.02.18	00:58:05.243	0.83039	0.83060			6
2025.02.18	00:58:05.731	0.83036	0.83063			6
2025.02.18	00:58:06.871	0.83034	0.83064			6
2025.02.18	00:58:07.817	0.83032				2
2025.02.18	00:58:09.544	0.83030	0.83063			6
2025.02.18	00:58:14.190	0.83029				2
2025.02.18	00:58:15.211	0.83028				2
2025.02.18	00:58:15.573	0.83029				2
2025.02.18	00:58:18.334	0.83030				2
2025.02.18	00:58:21.500	0.83029				2
2025.02.18	00:58:38.956	0.83028				2
2025.02.18	00:58:39.283	0.83029				2
2025.02.18	00:58:39.887	0.83028				2
2025.02.18	00:58:40.739	0.83027				2
2025.02.18	00:58:41.101	0.83028				2
2025.02.18	00:58:42.363	0.83027				2
2025.02.18	00:58:43.653	0.83028				2
2025.02.18	00:58:44.338	0.83027				2
2025.02.18	00:58:45.377	0.83019				2
2025.02.18	00:58:45.878	0.83018				2
2025.02.18	00:58:46.385	0.83020				2
2025.02.18	00:58:48.265	0.83021				2
2025.02.18	00:58:50.167	0.83019				2
2025.02.18	00:58:51.755	0.83022				2
2025.02.18	00:58:52.525	0.83021				2
2025.02.18	00:58:56.388	0.83023				2
2025.02.18	00:59:00.022	0.83023				2
2025.02.18	00:59:01.869	0.83024				2
2025.02.18	00:59:02.768	0.83026				2
2025.02.18	00:59:03.649	0.83025				2
2025.02.18	00:59:06.069	0.83026				2
2025.02.18	00:59:09.370	0.83029				2
2025.02.18	00:59:09.683	0.83030	0.83065			6
2025.02.18	00:59:10.794		0.83066			4
2025.02.18	00:59:13.271	0.83031				2
2025.02.18	00:59:16.524	0.83032				2
2025.02.18	00:59:18.543	0.83034	0.83067			6
2025.02.18	00:59:18.856	0.83035	0.83061			6
2025.02.18	00:59:22.532	0.83034	0.83063			6
2025.02.18	00:59:23.561	0.83031	0.83062			6
2025.02.18	00:59:23.983	0.83030	0.83063			6
2025.02.18	00:59:45.103	0.83029				2
2025.02.18	00:59:55.327	0.83030				2
2025.02.18	00:59:59.914	0.83031	0.83062			6
2025.02.18	01:00:00.304	0.83038	0.83074			6
2025.02.18	01:00:00.620	0.83042	0.83070			6
2025.02.18	01:00:01.747	0.83040	0.83072			6
2025.02.18	01:00:02.049	0.83042	0.83070			6
2025.02.18	01:00:02.379	0.83038	0.83066			6
2025.02.18	01:00:02.683	0.83040	0.83068			6
2025.02.18	01:00:03.028		0.83064			4
2025.02.18	01:00:03.333		0.83065			4
2025.02.18	01:00:03.635		0.83067			4
2025.02.18	01:00:04.241		0.83068			4
2025.02.18	01:00:04.544	0.83034	0.83073			6
2025.02.18	01:00:04.890		0.83080			4
2025.02.18	01:00:05.222	0.83033				2
2025.02.18	01:00:05.563	0.83032				2
2025.02.18	01:00:06.725	0.83031				2
2025.02.18	01:00:08.746		0.83077			4
2025.02.18	01:00:09.063	0.83029	0.83068			6
2025.02.18	01:00:10.132	0.83031	0.83070			6
2025.02.18	01:00:10.531	0.83027	0.83073			6
2025.02.18	01:00:10.845	0.83028				2
2025.02.18	01:00:11.251		0.83067			4
2025.02.18	01:00:11.601		0.83071			4
2025.02.18	01:00:12.396	0.83034	0.83061			6
2025.02.18	01:00:12.748	0.83026	0.83069			6
2025.02.18	01:00:13.514	0.83031				2
2025.02.18	01:00:13.837	0.83027	0.83072			6
2025.02.18	01:00:14.165	0.83028				2
2025.02.18	01:00:14.641	0.83029	0.83069			6
2025.02.18	01:00:15.002	0.83030	0.83068			6
2025.02.18	01:00:15.334	0.83029				2
2025.02.18	01:00:15.642	0.83027	0.83071			6
2025.02.18	01:00:17.506		0.83070			4
2025.02.18	01:00:17.810	0.83024	0.83073			6
2025.02.18	01:00:18.124	0.83022				2
2025.02.18	01:00:19.423	0.83021				2
2025.02.18	01:00:20.901	0.83024	0.83059			6
2025.02.18	01:00:21.204	0.83026	0.83065			6
2025.02.18	01:00:21.968		0.83063			4
2025.02.18	01:00:22.328		0.83065			4
2025.02.18	01:00:24.189	0.83027				2
2025.02.18	01:00:26.126		0.83073			4
2025.02.18	01:00:27.599	0.83026	0.83065			6
2025.02.18	01:00:30.068	0.83027	0.83064			6
2025.02.18	01:00:31.465		0.83065			4
2025.02.18	01:00:31.810	0.83032	0.83068			6
2025.02.18	01:00:32.125	0.83031	0.83073			6
2025.02.18	01:00:34.364	0.83030				2
2025.02.18	01:00:34.669	0.83029				2
2025.02.18	01:00:35.518	0.83031				2
2025.02.18	01:00:36.565	0.83030				2
2025.02.18	01:00:37.616	0.83031	0.83057			6
2025.02.18	01:00:37.940	0.83029	0.83055			6
2025.02.18	01:00:39.199	0.83028				2
2025.02.18	01:00:40.255	0.83025	0.83047			6
2025.02.18	01:00:40.565	0.83023				2
2025.02.18	01:00:41.454	0.83025	0.83050			6
2025.02.18	01:00:41.929	0.83023	0.83046			6
2025.02.18	01:00:47.480	0.83025	0.83045			6
2025.02.18	01:00:48.384	0.83024	0.83044			6
2025.02.18	01:00:48.781	0.83029	0.83049			6
2025.02.18	01:00:52.616	0.83030	0.83052			6
2025.02.18	01:00:53.122	0.83027	0.83055			6
2025.02.18	01:00:53.453	0.83026	0.83053			6
2025.02.18	01:00:53.970		0.83054			4
2025.02.18	01:00:54.652		0.83055			4
2025.02.18	01:00:54.971	0.83028	0.83054			6
2025.02.18	01:00:55.844		0.83055			4
2025.02.18	01:00:56.401		0.83054			4
2025.02.18	01:00:57.091		0.83055			4
2025.02.18	01:00:57.851	0.83029	0.83056			6
2025.02.18	01:01:00.227	0.83029	0.83051			6
2025.02.18	01:01:00.548	0.83028	0.83050			6
2025.02.18	01:01:02.038		0.83049			4
2025.02.18	01:01:04.358	0.83029				2
2025.02.18	01:01:05.294	0.83028	0.83047			6
2025.02.18	01:01:09.037		0.83045			4
2025.02.18	01:01:09.942	0.83030	0.83048			6
2025.02.18	01:01:10.291	0.83036	0.83054			6
2025.02.18	01:01:10.595	0.83037	0.83049			6
2025.02.18	01:01:10.921	0.83032				2
2025.02.18	01:01:12.821	0.83031				2
2025.02.18	01:01:15.441	0.83037	0.83055			6
2025.02.18	01:01:16.388		0.83054			4
2025.02.18	01:01:18.740	0.83035	0.83055			6
2025.02.18	01:01:19.586	0.83038	0.83056			6
2025.02.18	01:01:20.221		0.83055			4
2025.02.18	01:01:20.769	0.83043	0.83060			6
2025.02.18	01:01:22.149	0.83044				2
2025.02.18	01:01:26.168	0.83046	0.83061			6
2025.02.18	01:01:26.909	0.83047				2
2025.02.18	01:01:28.581	0.83048				2
2025.02.18	01:01:31.507		0.83066			4
2025.02.18	01:01:33.137	0.83047	0.83061			6
2025.02.18	01:01:35.618	0.83042	0.83056			6
2025.02.18	01:01:36.286	0.83043				2
2025.02.18	01:01:38.555		0.83058			4
2025.02.18	01:01:40.397	0.83041	0.83056			6
2025.02.18	01:01:50.166	0.83038				2
2025.02.18	01:01:50.484	0.83045	0.83061			6
2025.02.18	01:01:50.826	0.83046				2
2025.02.18	01:01:51.145	0.83049				2
2025.02.18	01:01:57.978	0.83051				2
2025.02.18	01:01:58.626	0.83049				2
2025.02.18	01:02:00.371	0.83049				2
2025.02.18	01:02:08.058	0.83051	0.83057			6
2025.02.18	01:02:13.415	0.83049	0.83055			6
2025.02.18	01:02:20.226	0.83047	0.83057			6
2025.02.18	01:02:30.221	0.83050	0.83061			6
2025.02.18	01:02:30.798	0.83049	0.83060			6
2025.02.18	01:02:31.998		0.83058			4
2025.02.18	01:02:35.078	0.83048				2
2025.02.18	01:02:45.088	0.83047	0.83056			6
2025.02.18	01:02:45.404	0.83046				2
2025.02.18	01:02:46.998		0.83055			4
2025.02.18	01:02:47.328	0.83047	0.83056			6
2025.02.18	01:02:48.180	0.83050	0.83057			6
2025.02.18	01:02:48.487		0.83059			4
2025.02.18	01:02:52.341		0.83063			4
2025.02.18	01:02:53.845	0.83048	0.83061			6
2025.02.18	01:02:54.228		0.83060			4
2025.02.18	01:02:56.313		0.83059			4
2025.02.18	01:03:00.398	0.83047				2
2025.02.18	01:03:03.375		0.83060			4
2025.02.18	01:03:06.825	0.83048	0.83061			6
2025.02.18	01:03:07.829		0.83060			4
2025.02.18	01:03:08.235	0.83049	0.83062			6
2025.02.18	01:03:09.009	0.83047	0.83060			6
2025.02.18	01:03:09.371		0.83059			4
2025.02.18	01:03:11.665		0.83060			4
2025.02.18	01:03:13.268		0.83059			4
2025.02.18	01:03:13.853	0.83046				2
2025.02.18	01:03:17.961		0.83058			4
2025.02.18	01:03:22.320		0.83057			4
2025.02.18	01:03:23.598		0.83056			4
2025.02.18	01:03:26.388		0.83055			4
2025.02.18	01:03:28.197		0.83056			4
2025.02.18	01:03:36.340		0.83055			4
2025.02.18	01:03:39.943	0.83045	0.83058			6
2025.02.18	01:03:42.765		0.83057			4
2025.02.18	01:03:46.269		0.83056			4
2025.02.18	01:03:47.640		0.83057			4
2025.02.18	01:03:48.670		0.83058			4
2025.02.18	01:03:57.729		0.83056			4
2025.02.18	01:04:00.466	0.83045	0.83055			6
2025.02.18	01:04:02.448		0.83057			4
2025.02.18	01:04:03.037	0.83044				2
2025.02.18	01:04:07.653	0.83045	0.83058			6
2025.02.18	01:04:10.015	0.83046	0.83056			6
2025.02.18	01:04:12.163		0.83054			4
2025.02.18	01:04:13.406	0.83047	0.83056			6
2025.02.18	01:04:15.644		0.83055			4
2025.02.18	01:04:17.603		0.83056			4
2025.02.18	01:04:20.261	0.83046				2
2025.02.18	01:04:20.569	0.83044				2
2025.02.18	01:04:21.274	0.83045				2
2025.02.18	01:04:22.269		0.83057			4
2025.02.18	01:04:22.576	0.83044				2
2025.02.18	01:04:25.934	0.83052	0.83054			6
2025.02.18	01:04:27.759	0.83044	0.83057			6
2025.02.18	01:04:28.095		0.83056			4
2025.02.18	01:04:29.891	0.83045				2
2025.02.18	01:04:31.820	0.83047	0.83058			6
2025.02.18	01:04:32.432	0.83048	0.83059			6
2025.02.18	01:04:34.826	0.83046	0.83056			6
2025.02.18	01:04:36.384		0.83057			4
2025.02.18	01:04:40.550	0.83047	0.83060			6
2025.02.18	01:04:41.469		0.83059			4
2025.02.18	01:04:43.192		0.83060			4
2025.02.18	01:04:47.375	0.83046	0.83056			6
2025.02.18	01:04:49.569		0.83057			4
2025.02.18	01:04:53.637	0.83051	0.83053			6
2025.02.18	01:04:53.967	0.83052	0.83054			6
2025.02.18	01:04:55.479	0.83046	0.83057			6
2025.02.18	01:04:57.485		0.83056			4
2025.02.18	01:05:00.670	0.83046				2
2025.02.18	01:05:02.580	0.83048	0.83059			6
2025.02.18	01:05:03.877		0.83058			4
2025.02.18	01:05:12.068	0.83046				2
2025.02.18	01:05:12.382		0.83056			4
2025.02.18	01:05:16.748		0.83057			4
2025.02.18	01:05:22.059		0.83058			4
2025.02.18	01:05:22.682	0.83045				2
2025.02.18	01:05:28.235	0.83047	0.83059			6
2025.02.18	01:05:34.123	0.83044	0.83056			6
2025.02.18	01:05:34.451	0.83039	0.83053			6
2025.02.18	01:05:36.346		0.83054			4
2025.02.18	01:05:36.669		0.83055			4
2025.02.18	01:05:38.345		0.83054			4
2025.02.18	01:05:48.344		0.83053			4
2025.02.18	01:05:54.486	0.83041				2
2025.02.18	01:05:56.484		0.83054			4
2025.02.18	01:06:00.588	0.83042				2
2025.02.18	01:06:01.369		0.83055			4
2025.02.18	01:06:01.965	0.83040	0.83053			6
2025.02.18	01:06:02.979	0.83039	0.83052			6
2025.02.18	01:06:03.366	0.83040	0.83053			6
2025.02.18	01:06:04.519	0.83042				2
2025.02.18	01:06:05.201	0.83049				2
2025.02.18	01:06:06.505		0.83052			4
2025.02.18	01:06:11.631	0.83051	0.83054			6
2025.02.18	01:06:12.069		0.83056			4
2025.02.18	01:06:18.345		0.83055			4
2025.02.18	01:06:20.322		0.83054			4
2025.02.18	01:06:21.254		0.83055			4
2025.02.18	01:06:26.364		0.83053			4
2025.02.18	01:06:31.616		0.83055			4
2025.02.18	01:06:33.375	0.83050	0.83054			6
2025.02.18	01:06:34.042	0.83049				2
2025.02.18	01:06:35.155	0.83052	0.83057			6
2025.02.18	01:06:35.692		0.83056			4
2025.02.18	01:06:35.995		0.83057			4
2025.02.18	01:06:36.675		0.83055			4
2025.02.18	01:06:44.142		0.83056			4
2025.02.18	01:06:44.707	0.83053				2
2025.02.18	01:06:45.680	0.83052	0.83055			6
2025.02.18	01:06:46.614		0.83057			4
2025.02.18	01:06:47.990	0.83049	0.83053			6
2025.02.18	01:06:48.626	0.83048				2
2025.02.18	01:06:54.352		0.83052			4
2025.02.18	01:06:56.347		0.83053			4
2025.02.18	01:06:57.048	0.83049				2
2025.02.18	01:06:58.305	0.83048				2
2025.02.18	01:06:59.920	0.83049				2
2025.02.18	01:07:00.963	0.83049				2
2025.02.18	01:07:01.910		0.83051			4
2025.02.18	01:07:02.371	0.83048				2
2025.02.18	01:07:04.437	0.83049				2
2025.02.18	01:07:05.438	0.83048	0.83052			6
2025.02.18	01:07:05.983	0.83049				2
2025.02.18	01:07:06.465		0.83053			4
2025.02.18	01:07:13.488	0.83048				2
2025.02.18	01:07:18.182	0.83054	0.83059			6
2025.02.18	01:07:18.959		0.83062			4
2025.02.18	01:07:19.423	0.83053				2
2025.02.18	01:07:23.001		0.83061			4
2025.02.18	01:07:25.382	0.83054				2
2025.02.18	01:07:25.923	0.83053				2
2025.02.18	01:07:28.015		0.83055			4
2025.02.18	01:07:28.681		0.83061			4
2025.02.18	01:07:39.369		0.83062			4
2025.02.18	01:07:42.300		0.83061			4
2025.02.18	01:07:52.736	0.83052				2
2025.02.18	01:07:59.945	0.83057	0.83064			6
2025.02.18	01:08:00.360	0.83057				2
2025.02.18	01:08:00.774		0.83065			4
2025.02.18	01:08:01.767	0.83056	0.83063			6
2025.02.18	01:08:02.382	0.83055				2
2025.02.18	01:08:06.022	0.83056	0.83064			6
2025.02.18	01:08:06.343	0.83055				2
2025.02.18	01:08:07.904		0.83062			4
2025.02.18	01:08:13.063		0.83063			4
2025.02.18	01:08:17.844		0.83061			4
2025.02.18	01:08:22.693		0.83062			4
2025.02.18	01:08:27.400		0.83061			4
2025.02.18	01:08:32.151		0.83063			4
2025.02.18	01:08:35.636	0.83051	0.83060			6
2025.02.18	01:08:45.619	0.83052	0.83061			6
2025.02.18	01:08:47.742	0.83053				2
2025.02.18	01:08:48.585	0.83054	0.83062			6
2025.02.18	01:08:48.894	0.83053				2
2025.02.18	01:08:49.352	0.83054				2
2025.02.18	01:08:53.770		0.83063			4
2025.02.18	01:09:01.841	0.83052	0.83061			6
2025.02.18	01:09:15.069		0.83060			4
2025.02.18	01:09:21.408	0.83051				2
2025.02.18	01:09:24.369	0.83052	0.83061			6
2025.02.18	01:09:27.907	0.83053				2
2025.02.18	01:09:39.779		0.83062			4
2025.02.18	01:09:40.898		0.83063			4
2025.02.18	01:09:42.973		0.83062			4
2025.02.18	01:09:44.562		0.83060			4
2025.02.18	01:09:50.667	0.83055	0.83062			6
2025.02.18	01:09:52.403	0.83056				2
2025.02.18	01:09:54.068	0.83060	0.83064			6
2025.02.18	01:09:54.370	0.83058	0.83066			6
2025.02.18	01:09:54.947		0.83065			4
2025.02.18	01:09:56.001	0.83057				2
2025.02.18	01:09:59.512	0.83058				2
2025.02.18	01:10:00.359	0.83058				2
2025.02.18	01:10:01.075	0.83057				2
2025.02.18	01:10:01.576		0.83066			4
2025.02.18	01:10:06.574	0.83058	0.83064			6
2025.02.18	01:10:10.959	0.83057				2
2025.02.18	01:10:13.477		0.83065			4
2025.02.18	01:10:13.903	0.83060	0.83066			6
2025.02.18	01:10:14.315	0.83061	0.83068			6
2025.02.18	01:10:15.351	0.83062				2
2025.02.18	01:10:19.886	0.83060	0.83067			6
2025.02.18	01:10:22.121		0.83065			4
2025.02.18	01:10:28.737		0.83066			4
2025.02.18	01:10:34.022	0.83059				2
2025.02.18	01:10:36.379	0.83060				2
2025.02.18	01:10:37.638	0.83059	0.83065			6
2025.02.18	01:10:40.780	0.83060				2
2025.02.18	01:10:47.494	0.83059				2
2025.02.18	01:10:48.964	0.83060				2
2025.02.18	01:10:52.548	0.83059				2
2025.02.18	01:10:52.850	0.83060				2
2025.02.18	01:10:59.377	0.83059				2
2025.02.18	01:10:59.770	0.83060				2
2025.02.18	01:11:01.433	0.83060	0.83066			6
2025.02.18	01:11:06.171	0.83061				2
2025.02.18	01:11:08.291	0.83062	0.83065			6
2025.02.18	01:11:08.952		0.83066			4
2025.02.18	01:11:13.921	0.83063	0.83068			6
2025.02.18	01:11:14.576		0.83067			4
2025.02.18	01:11:23.064	0.83061				2
2025.02.18	01:11:23.396	0.83062				2
2025.02.18	01:11:24.068	0.83061	0.83066			6
2025.02.18	01:11:26.398	0.83063				2
2025.02.18	01:11:40.966	0.83061				2
2025.02.18	01:11:47.816	0.83060	0.83065			6
2025.02.18	01:11:48.214	0.83061				2
2025.02.18	01:12:02.783	0.83061				2
2025.02.18	01:12:07.280	0.83054	0.83061			6
2025.02.18	01:12:07.582		0.83060			4
2025.02.18	01:12:08.349		0.83059			4
2025.02.18	01:12:10.360		0.83060			4
2025.02.18	01:12:11.242	0.83055				2
2025.02.18	01:12:15.843	0.83054	0.83059			6
2025.02.18	01:12:16.405	0.83055				2
2025.02.18	01:12:17.112		0.83061			4
2025.02.18	01:12:23.326	0.83056				2
2025.02.18	01:12:23.658		0.83062			4
2025.02.18	01:13:03.369	0.83056				2
2025.02.18	01:13:24.970	0.83058	0.83064			6
2025.02.18	01:13:26.375	0.83059				2
2025.02.18	01:13:27.798	0.83058				2
2025.02.18	01:13:28.270	0.83059				2
2025.02.18	01:13:30.970	0.83058				2
2025.02.18	01:13:33.274	0.83056	0.83062			6
2025.02.18	01:13:44.494	0.83057	0.83063			6
2025.02.18	01:13:45.373	0.83058	0.83065			6
2025.02.18	01:13:51.007	0.83059				2
2025.02.18	01:13:51.372	0.83058				2
2025.02.18	01:13:53.126		0.83064			4
2025.02.18	01:13:57.575	0.83057	0.83063			6
2025.02.18	01:13:59.987		0.83061			4
2025.02.18	01:14:01.990	0.83057	0.83063			6
2025.02.18	01:14:17.725	0.83058	0.83064			6
2025.02.18	01:14:19.264	0.83059				2
2025.02.18	01:14:20.141		0.83065			4
2025.02.18	01:14:21.355	0.83058				2
2025.02.18	01:14:30.061	0.83059				2
2025.02.18	01:14:30.591		0.83064			4
2025.02.18	01:14:31.682	0.83058				2
2025.02.18	01:14:34.429		0.83063			4
2025.02.18	01:14:38.849	0.83060	0.83064			6
2025.02.18	01:14:43.246	0.83059				2
2025.02.18	01:14:43.585	0.83058				2
2025.02.18	01:14:44.334	0.83060				2
2025.02.18	01:14:54.783	0.83057	0.83062			6
2025.02.18	01:14:57.373		0.83063			4
2025.02.18	01:15:00.155	0.83059	0.83064			6
2025.02.18	01:15:00.544	0.83060	0.83066			6
2025.02.18	01:15:02.332		0.83065			4
2025.02.18	01:15:02.813		0.83066			4
2025.02.18	01:15:04.869		0.83065			4
2025.02.18	01:15:12.266	0.83059				2
2025.02.18	01:15:16.916	0.83060				2
2025.02.18	01:15:27.622		0.83063			4
2025.02.18	01:15:29.407		0.83064			4
2025.02.18	01:15:38.195		0.83063			4
2025.02.18	01:15:40.212	0.83059				2
2025.02.18	01:15:43.274	0.83057				2
2025.02.18	01:15:46.018		0.83062			4
2025.02.18	01:15:46.723		0.83061			4
2025.02.18	01:15:51.849		0.83060			4
2025.02.18	01:15:52.347	0.83056				2
2025.02.18	01:16:00.548	0.83056				2
2025.02.18	01:16:08.346	0.83057				2
2025.02.18	01:16:09.372	0.83056				2
2025.02.18	01:16:26.313		0.83059			4
2025.02.18	01:16:27.369	0.83057				2
2025.02.18	01:16:28.393	0.83056				2
2025.02.18	01:17:02.312	0.83056				2
2025.02.18	01:17:28.636		0.83059			4
2025.02.18	01:17:43.197		0.83058			4
2025.02.18	01:17:43.562	0.83055				2
2025.02.18	01:17:54.371	0.83056				2
2025.02.18	01:18:00.474	0.83057	0.83059			6
2025.02.18	01:18:05.438		0.83058			4
2025.02.18	01:18:13.596	0.83054	0.83057			6
2025.02.18	01:18:14.144		0.83056			4
2025.02.18	01:18:19.228	0.83055	0.83057			6
2025.02.18	01:18:40.485	0.83056				2
2025.02.18	01:18:40.807	0.83055	0.83056			6
2025.02.18	01:19:00.517	0.83055				2
2025.02.18	01:19:36.414	0.83052	0.83053			6
2025.02.18	01:19:40.717	0.83051	0.83052			6
2025.02.18	01:19:41.658	0.83050	0.83051			6
2025.02.18	01:19:48.314	0.83051	0.83052			6
2025.02.18	01:20:00.458	0.83051				2
2025.02.18	01:20:01.287	0.83053	0.83055			6
2025.02.18	01:20:06.656	0.83054	0.83056			6
2025.02.18	01:20:07.870	0.83053	0.83055			6
2025.02.18	01:20:16.872	0.83054				2
2025.02.18	01:20:21.904	0.83057	0.83058			6
2025.02.18	01:20:22.209	0.83053	0.83055			6
2025.02.18	01:20:28.054	0.83054				2
2025.02.18	01:20:39.076	0.83053	0.83054			6
2025.02.18	01:21:00.112	0.83053				2
2025.02.18	01:21:21.001	0.83052				2
2025.02.18	01:21:22.270		0.83053			4
2025.02.18	01:21:23.577	0.83053	0.83054			6
2025.02.18	01:21:37.476	0.83052				2
2025.02.18	01:21:38.769	0.83053				2
2025.02.18	01:22:00.073	0.83053				2
2025.02.18	01:22:08.452	0.83054	0.83055			6
2025.02.18	01:22:36.862	0.83052	0.83053			6
2025.02.18	01:22:37.180	0.83054	0.83055			6
2025.02.18	01:22:52.642	0.83053				2
2025.02.18	01:23:00.263	0.83053				2
2025.02.18	01:23:05.198	0.83052	0.83053			6
2025.02.18	01:23:05.501	0.83053	0.83054			6
2025.02.18	01:23:16.370	0.83052	0.83053			6
2025.02.18	01:23:41.951	0.83054	0.83055			6
2025.02.18	01:23:42.262	0.83053	0.83054			6
2025.02.18	01:24:08.169	0.83053				2
2025.02.18	01:24:13.841	0.83052	0.83053			6
2025.02.18	01:24:32.099	0.83051				2
2025.02.18	01:24:34.551		0.83052			4
2025.02.18	01:25:00.388	0.83051				2
2025.02.18	01:25:09.983	0.83052	0.83053			6
2025.02.18	01:25:11.128		0.83054			4
2025.02.18	01:25:11.443	0.83053				2
2025.02.18	01:25:26.779	0.83052	0.83053			6
2025.02.18	01:25:28.312	0.83051	0.83052			6
2025.02.18	01:25:32.865		0.83053			4
2025.02.18	01:25:34.731		0.83052			4
2025.02.18	01:25:44.237	0.83050	0.83051			6
2025.02.18	01:26:00.964	0.83050				2
2025.02.18	01:26:33.170	0.83048	0.83050			6
2025.02.18	01:27:00.068	0.83048				2
2025.02.18	01:27:12.147		0.83049			4
2025.02.18	01:27:25.332	0.83047	0.83048			6
2025.02.18	01:27:31.748		0.83049			4
2025.02.18	01:27:58.576	0.83048				2
2025.02.18	01:28:02.585	0.83048				2
2025.02.18	01:28:11.541	0.83047				2
2025.02.18	01:28:34.315		0.83049			4
2025.02.18	01:28:42.433	0.83038	0.83039			6
2025.02.18	01:28:43.127	0.83037	0.83038			6
2025.02.18	01:28:45.486	0.83038	0.83039			6
2025.02.18	01:28:52.354	0.83044	0.83046			6
2025.02.18	01:28:52.845	0.83043	0.83044			6
2025.02.18	01:28:54.682		0.83045			4
2025.02.18	01:28:58.688		0.83044			4
2025.02.18	01:29:00.377	0.83043				2
2025.02.18	01:29:05.790	0.83041	0.83042			6
2025.02.18	01:29:06.347	0.83040				2
2025.02.18	01:29:08.436	0.83037	0.83039			6
2025.02.18	01:29:08.780		0.83038			4
2025.02.18	01:29:10.356	0.83038	0.83039			6
2025.02.18	01:29:10.696	0.83039	0.83040			6
2025.02.18	01:29:11.003	0.83040	0.83041			6
2025.02.18	01:29:13.547	0.83041	0.83042			6
2025.02.18	01:29:19.515	0.83040	0.83041			6
2025.02.18	01:29:20.688	0.83043	0.83044			6
2025.02.18	01:29:21.944	0.83044	0.83045			6
2025.02.18	01:29:25.823	0.83048	0.83049			6
2025.02.18	01:29:27.987	0.83049	0.83050			6
2025.02.18	01:29:33.607	0.83050	0.83051			6
2025.02.18	01:29:34.778	0.83049	0.83050			6
2025.02.18	01:29:36.576		0.83051			4
2025.02.18	01:29:43.771		0.83050			4
2025.02.18	01:30:00.308	0.83050	0.83051			6
2025.02.18	01:30:00.609	0.83051	0.83052			6
2025.02.18	01:30:02.180	0.83049				2
2025.02.18	01:30:02.492	0.83048	0.83051			6
2025.02.18	01:30:03.399	0.83049	0.83052			6
2025.02.18	01:30:04.006	0.83051				2
2025.02.18	01:30:45.715	0.83052	0.83053			6
2025.02.18	01:30:46.446	0.83053	0.83054			6
2025.02.18	01:30:46.763	0.83054	0.83055			6
2025.02.18	01:30:50.986	0.83053	0.83054			6
2025.02.18	01:31:00.078	0.83053				2
2025.02.18	01:31:03.607	0.83054	0.83055			6
2025.02.18	01:31:09.163	0.83058	0.83059			6
2025.02.18	01:31:09.688	0.83059	0.83060			6
2025.02.18	01:31:11.136	0.83060	0.83061			6
2025.02.18	01:31:13.748	0.83061	0.83062			6
2025.02.18	01:31:33.019	0.83060	0.83061			6
2025.02.18	01:32:00.745	0.83060				2
2025.02.18	01:32:03.796	0.83056	0.83057			6
2025.02.18	01:32:04.881		0.83058			4
2025.02.18	01:32:07.409	0.83054	0.83056			6
2025.02.18	01:32:07.712	0.83055				2
2025.02.18	01:32:09.534	0.83057	0.83058			6
2025.02.18	01:32:34.754	0.83056	0.83057			6
2025.02.18	01:32:36.354	0.83057	0.83058			6
2025.02.18	01:32:38.675	0.83058	0.83059			6
2025.02.18	01:32:52.960	0.83057	0.83058			6
2025.02.18	01:33:00.500	0.83058	0.83059			6
2025.02.18	01:33:03.094	0.83059	0.83060			6
2025.02.18	01:33:04.847	0.83054	0.83055			6
2025.02.18	01:33:11.964	0.83056	0.83057			6
2025.02.18	01:33:15.566	0.83057	0.83058			6
2025.02.18	01:33:25.694	0.83056	0.83057			6
2025.02.18	01:33:28.869	0.83055	0.83056			6
2025.02.18	01:33:29.436	0.83056	0.83057			6
2025.02.18	01:33:45.552	0.83055	0.83056			6
2025.02.18	01:33:51.089	0.83052	0.83053			6
2025.02.18	01:33:51.911	0.83051	0.83052			6
2025.02.18	01:33:56.640	0.83050	0.83051			6
2025.02.18	01:33:57.575	0.83051	0.83052			6
2025.02.18	01:34:00.356	0.83051				2
2025.02.18	01:34:17.207	0.83050	0.83051			6
2025.02.18	01:34:22.170	0.83049	0.83050			6
2025.02.18	01:34:56.052	0.83050	0.83051			6
2025.02.18	01:34:56.741	0.83052	0.83053			6
2025.02.18	01:34:58.775	0.83053	0.83054			6
2025.02.18	01:35:00.043	0.83053				2
2025.02.18	01:35:49.227	0.83055	0.83056			6
2025.02.18	01:35:56.387	0.83054	0.83055			6
2025.02.18	01:35:59.442	0.83059	0.83060			6
2025.02.18	01:36:00.220	0.83059				2
2025.02.18	01:36:08.691	0.83060	0.83061			6
2025.02.18	01:36:35.516	0.83062	0.83063			6
2025.02.18	01:36:36.150	0.83064	0.83065			6
2025.02.18	01:36:43.987	0.83066	0.83067			6
2025.02.18	01:36:50.263	0.83065	0.83066			6
2025.02.18	01:36:51.621	0.83064	0.83065			6
2025.02.18	01:36:55.383	0.83063	0.83064			6
2025.02.18	01:37:00.082	0.83064	0.83065			6
2025.02.18	01:37:00.475	0.83061	0.83062			6
2025.02.18	01:37:01.543	0.83063	0.83064			6
2025.02.18	01:37:02.794	0.83064	0.83065			6
2025.02.18	01:37:10.632	0.83063	0.83064			6
2025.02.18	01:37:17.833	0.83062	0.83063			6
2025.02.18	01:37:35.757	0.83060	0.83061			6
2025.02.18	01:38:00.040	0.83060				2
2025.02.18	01:38:22.053	0.83059	0.83060			6
2025.02.18	01:38:22.382	0.83060	0.83061			6
2025.02.18	01:38:25.334	0.83059	0.83060			6
2025.02.18	01:38:36.146	0.83058	0.83059			6
2025.02.18	01:39:00.792	0.83058				2
2025.02.18	01:39:08.988	0.83057				2
2025.02.18	01:39:09.384		0.83058			4
2025.02.18	01:39:16.652	0.83056				2
2025.02.18	01:39:20.414	0.83060	0.83061			6
2025.02.18	01:39:26.307	0.83061	0.83062			6
2025.02.18	01:39:35.630	0.83062	0.83063			6
2025.02.18	01:39:50.418	0.83061	0.83062			6
2025.02.18	01:40:00.964	0.83062	0.83063			6
2025.02.18	01:40:08.947	0.83063	0.83064			6
2025.02.18	01:40:19.174	0.83064	0.83065			6
2025.02.18	01:40:22.191	0.83063	0.83064			6
2025.02.18	01:40:23.318	0.83067	0.83068			6
2025.02.18	01:40:23.876	0.83066	0.83067			6
2025.02.18	01:40:25.400	0.83064	0.83065			6
2025.02.18	01:40:27.967	0.83065	0.83066			6
2025.02.18	01:40:35.603	0.83066	0.83067			6
2025.02.18	01:40:36.259	0.83065	0.83066			6
2025.02.18	01:40:48.731	0.83066	0.83067			6
2025.02.18	01:40:59.396	0.83065	0.83066			6
2025.02.18	01:41:00.068	0.83065				2
2025.02.18	01:41:05.440	0.83066	0.83067			6
2025.02.18	01:41:05.743	0.83065	0.83066			6
2025.02.18	01:41:11.938	0.83064	0.83065			6
2025.02.18	01:41:14.006	0.83065	0.83066			6
2025.02.18	01:41:15.609	0.83067	0.83068			6
2025.02.18	01:41:37.990	0.83068	0.83069			6
2025.02.18	01:41:46.979	0.83070	0.83071			6
2025.02.18	01:42:00.463	0.83071	0.83072			6
2025.02.18	01:42:00.926	0.83070	0.83071			6
2025.02.18	01:42:03.452	0.83071	0.83072			6
2025.02.18	01:42:09.974	0.83072	0.83073			6
2025.02.18	01:42:20.984	0.83074	0.83075			6
2025.02.18	01:42:24.906	0.83072	0.83073			6
2025.02.18	01:42:27.676	0.83073	0.83074			6
2025.02.18	01:42:29.578	0.83072	0.83073			6
2025.02.18	01:42:30.353	0.83071	0.83072			6
2025.02.18	01:42:44.638	0.83072	0.83073			6
2025.02.18	01:42:49.387	0.83073	0.83074			6
2025.02.18	01:42:52.608	0.83072	0.83073			6
2025.02.18	01:43:00.314	0.83072				2
2025.02.18	01:43:06.033	0.83070	0.83071			6
2025.02.18	01:43:11.504	0.83071	0.83072			6
2025.02.18	01:43:13.283	0.83069	0.83070			6
2025.02.18	01:43:18.651	0.83070	0.83071			6
2025.02.18	01:43:20.348	0.83069	0.83070			6
2025.02.18	01:43:23.813	0.83070	0.83071			6
2025.02.18	01:43:33.357	0.83071	0.83072			6
2025.02.18	01:44:01.202	0.83071				2
2025.02.18	01:44:13.751	0.83070	0.83071			6
2025.02.18	01:44:16.030	0.83069	0.83070			6
2025.02.18	01:44:21.246	0.83067	0.83068			6
2025.02.18	01:44:21.550	0.83065	0.83066			6
2025.02.18	01:44:23.566	0.83066	0.83067			6
2025.02.18	01:45:01.149	0.83066				2
2025.02.18	01:45:02.111	0.83067	0.83068			6
2025.02.18	01:45:06.145	0.83066	0.83067			6
2025.02.18	01:45:25.194	0.83064	0.83065			6
2025.02.18	01:45:25.496	0.83066	0.83067			6
2025.02.18	01:45:34.971	0.83067	0.83068			6
2025.02.18	01:45:41.794	0.83068	0.83069			6
2025.02.18	01:45:44.201	0.83069	0.83070			6
2025.02.18	01:45:53.478	0.83068	0.83069			6
2025.02.18	01:46:00.353	0.83068				2
2025.02.18	01:46:02.344	0.83067	0.83068			6
2025.02.18	01:46:20.361	0.83064	0.83065			6
2025.02.18	01:46:28.648	0.83062	0.83063			6
2025.02.18	01:46:29.195	0.83063	0.83064			6
2025.02.18	01:46:31.112	0.83062	0.83063			6
2025.02.18	01:46:36.235	0.83063	0.83064			6
2025.02.18	01:46:38.286	0.83062	0.83063			6
2025.02.18	01:46:41.446	0.83061	0.83062			6
2025.02.18	01:46:47.212	0.83062	0.83063			6
2025.02.18	01:47:00.176	0.83062				2
2025.02.18	01:47:05.471	0.83063	0.83064			6
2025.02.18	01:47:14.146	0.83062	0.83063			6
2025.02.18	01:47:14.484	0.83063	0.83064			6
2025.02.18	01:47:14.807	0.83066	0.83067			6
2025.02.18	01:47:30.964	0.83065	0.83066			6
2025.02.18	01:47:52.386	0.83064	0.83065			6
2025.02.18	01:48:02.169	0.83064				2
2025.02.18	01:48:09.747	0.83066	0.83067			6
2025.02.18	01:48:11.120	0.83065	0.83066			6
2025.02.18	01:48:12.121	0.83066	0.83067			6
2025.02.18	01:48:17.740	0.83064	0.83065			6
2025.02.18	01:48:18.119	0.83066	0.83067			6
2025.02.18	01:48:24.117	0.83064	0.83065			6
2025.02.18	01:48:46.240		0.83066			4
2025.02.18	01:48:46.986	0.83068	0.83069			6
2025.02.18	01:48:58.386	0.83071	0.83072			6
2025.02.18	01:48:58.711	0.83070				2
2025.02.18	01:48:59.406		0.83071			4
2025.02.18	01:49:00.497	0.83070				2
2025.02.18	01:49:05.068	0.83071	0.83072			6
2025.02.18	01:49:06.558	0.83070	0.83071			6
2025.02.18	01:49:12.568	0.83069	0.83070			6
2025.02.18	01:50:00.823	0.83069				2
2025.02.18	01:50:03.445	0.83070	0.83071			6
2025.02.18	01:50:06.657	0.83069	0.83070			6
2025.02.18	01:50:33.993	0.83070	0.83071			6
2025.02.18	01:50:40.149	0.83069	0.83070			6
2025.02.18	01:51:00.469	0.83069				2
2025.02.18	01:51:00.784	0.83068	0.83069			6
2025.02.18	01:51:02.350	0.83069	0.83070			6
2025.02.18	01:51:13.525	0.83071	0.83072			6
2025.02.18	01:51:14.264	0.83072	0.83073			6
2025.02.18	01:51:15.815	0.83073	0.83074			6
2025.02.18	01:52:00.646	0.83073				2
2025.02.18	01:52:14.501	0.83070	0.83071			6
2025.02.18	01:52:17.294		0.83072			4
2025.02.18	01:52:18.415	0.83073	0.83074			6
2025.02.18	01:52:25.229	0.83072	0.83073			6
2025.02.18	01:53:00.159	0.83072				2
2025.02.18	01:53:30.327		0.83073			4
2025.02.18	01:54:00.171	0.83072				2
2025.02.18	01:54:30.553		0.83073			4
2025.02.18	01:55:01.397	0.83072				2
2025.02.18	01:55:30.730		0.83073			4
2025.02.18	01:55:38.361	0.83070	0.83071			6
2025.02.18	01:55:51.670	0.83068	0.83069			6
2025.02.18	01:55:52.387	0.83069	0.83070			6
2025.02.18	01:55:53.325	0.83071	0.83072			6
2025.02.18	01:56:00.471	0.83071				2
2025.02.18	01:56:05.434	0.83072	0.83073			6
2025.02.18	01:56:13.381	0.83071	0.83072			6
2025.02.18	01:56:49.928	0.83069	0.83070			6
2025.02.18	01:57:02.846	0.83069				2
2025.02.18	01:57:05.346	0.83071	0.83072			6
2025.02.18	01:57:14.509	0.83070	0.83071			6
2025.02.18	01:57:15.973	0.83071	0.83072			6
2025.02.18	01:57:24.138	0.83070	0.83071			6
2025.02.18	01:57:30.422	0.83071	0.83072			6
2025.02.18	01:57:31.374	0.83072	0.83073			6
2025.02.18	01:57:33.634	0.83073	0.83074			6
2025.02.18	01:57:35.731	0.83074	0.83075			6
2025.02.18	01:57:36.383	0.83073	0.83074			6
2025.02.18	01:57:51.261	0.83074	0.83075			6
2025.02.18	01:58:00.469	0.83075	0.83076			6
2025.02.18	01:58:04.284	0.83076	0.83077			6
2025.02.18	01:58:04.941	0.83075	0.83076			6
2025.02.18	01:58:08.584	0.83074	0.83075			6
2025.02.18	01:58:09.117	0.83073	0.83074			6
2025.02.18	01:58:11.155	0.83074	0.83075			6
2025.02.18	01:58:11.564	0.83076	0.83077			6
2025.02.18	01:58:44.990	0.83075	0.83076			6
2025.02.18	01:58:51.402	0.83077	0.83078			6
2025.02.18	01:58:54.521	0.83076	0.83077			6
2025.02.18	01:59:00.390	0.83076				2
2025.02.18	01:59:00.756	0.83075	0.83076			6
2025.02.18	01:59:23.662	0.83076	0.83077			6
2025.02.18	01:59:27.712	0.83075	0.83076			6
2025.02.18	01:59:28.032		0.83077			4
2025.02.18	01:59:28.357		0.83076			4
2025.02.18	01:59:29.384	0.83076	0.83077			6
2025.02.18	01:59:30.373	0.83075	0.83076			6
2025.02.18	01:59:35.439	0.83076	0.83077			6
2025.02.18	01:59:37.231	0.83075	0.83076			6
2025.02.18	01:59:48.602	0.83074				2
2025.02.18	01:59:49.943	0.83076	0.83077			6
2025.02.18	01:59:54.417	0.83075	0.83076			6
2025.02.18	02:00:00.380	0.83076	0.83077			6
2025.02.18	02:00:06.817	0.83073	0.83074			6
2025.02.18	02:00:08.304	0.83072	0.83073			6
2025.02.18	02:00:08.739	0.83071	0.83072			6
2025.02.18	02:00:10.118	0.83072	0.83073			6
2025.02.18	02:00:10.462	0.83071	0.83072			6
2025.02.18	02:00:13.097	0.83072	0.83073			6
2025.02.18	02:00:13.858	0.83071	0.83072			6
2025.02.18	02:00:14.589	0.83072	0.83073			6
2025.02.18	02:00:16.357	0.83073	0.83074			6
2025.02.18	02:00:17.078	0.83074	0.83075			6
2025.02.18	02:00:17.432	0.83073	0.83074			6
2025.02.18	02:00:18.290	0.83074	0.83075			6
2025.02.18	02:00:18.690	0.83073	0.83074			6
2025.02.18	02:00:22.930	0.83074	0.83075			6
2025.02.18	02:00:23.729	0.83073	0.83074			6
2025.02.18	02:00:24.289	0.83074	0.83075			6
2025.02.18	02:00:29.914	0.83075	0.83076			6
2025.02.18	02:00:30.223	0.83074	0.83075			6
2025.02.18	02:00:31.066	0.83075	0.83076			6
2025.02.18	02:00:32.738	0.83073	0.83075			6
2025.02.18	02:00:33.271		0.83074			4
2025.02.18	02:00:35.425	0.83072	0.83073			6
2025.02.18	02:00:45.515	0.83071	0.83072			6
2025.02.18	02:00:49.706	0.83072	0.83073			6
2025.02.18	02:00:58.622	0.83071	0.83072			6
2025.02.18	02:01:00.272	0.83071				2
2025.02.18	02:01:04.106	0.83072	0.83073			6
2025.02.18	02:01:05.278	0.83071	0.83072			6
2025.02.18	02:01:06.823	0.83073	0.83074			6
2025.02.18	02:01:07.579	0.83072	0.83073			6
2025.02.18	02:01:12.741	0.83071	0.83072			6
2025.02.18	02:01:15.879	0.83073	0.83074			6
2025.02.18	02:01:16.428	0.83071	0.83072			6
2025.02.18	02:01:16.825	0.83072	0.83073			6
2025.02.18	02:01:19.783	0.83071	0.83072			6
2025.02.18	02:01:26.124	0.83072	0.83073			6
2025.02.18	02:01:27.229	0.83071	0.83072			6
2025.02.18	02:01:32.795	0.83070	0.83071			6
2025.02.18	02:01:36.917	0.83071	0.83072			6
2025.02.18	02:01:39.595	0.83070	0.83071			6
2025.02.18	02:01:40.478	0.83069	0.83070			6
2025.02.18	02:01:43.119	0.83070	0.83071			6
2025.02.18	02:01:44.250	0.83069	0.83070			6
2025.02.18	02:01:45.847	0.83070	0.83071			6
2025.02.18	02:01:47.578	0.83069	0.83070			6
2025.02.18	02:01:50.628	0.83071	0.83072			6
2025.02.18	02:01:52.128	0.83072	0.83073			6
2025.02.18	02:01:52.694	0.83071	0.83072			6
2025.02.18	02:01:58.313	0.83070	0.83071			6
2025.02.18	02:01:59.026	0.83071	0.83072			6
2025.02.18	02:02:00.421	0.83070	0.83071			6
2025.02.18	02:02:04.278	0.83069	0.83070			6
2025.02.18	02:02:10.226	0.83070	0.83071			6
2025.02.18	02:02:13.128	0.83071	0.83072			6
2025.02.18	02:02:13.476	0.83070	0.83071			6
2025.02.18	02:02:14.594	0.83071	0.83072			6
2025.02.18	02:02:15.978	0.83070	0.83071			6
2025.02.18	02:02:19.375	0.83071	0.83072			6
2025.02.18	02:03:00.499	0.83071				2
2025.02.18	02:03:20.611		0.83072			4
2025.02.18	02:03:25.805	0.83073	0.83074			6
2025.02.18	02:03:28.058	0.83074	0.83075			6
2025.02.18	02:03:32.128	0.83075	0.83076			6
2025.02.18	02:03:34.785	0.83074	0.83075			6
2025.02.18	02:03:45.206	0.83076	0.83077			6
2025.02.18	02:03:45.508	0.83075	0.83076			6
2025.02.18	02:03:46.250	0.83077	0.83078			6
2025.02.18	02:03:59.502	0.83076	0.83077			6
2025.02.18	02:04:00.486	0.83075	0.83076			6
2025.02.18	02:04:10.729	0.83076	0.83077			6
2025.02.18	02:04:13.179	0.83077	0.83078			6
2025.02.18	02:04:13.520	0.83079	0.83080			6
2025.02.18	02:04:15.316	0.83078	0.83079			6
2025.02.18	02:04:17.678	0.83079	0.83080			6
2025.02.18	02:04:20.353	0.83078	0.83079			6
2025.02.18	02:04:22.342	0.83077	0.83078			6
2025.02.18	02:04:22.827	0.83078	0.83079			6
2025.02.18	02:04:23.358	0.83077	0.83078			6
2025.02.18	02:04:23.797	0.83078	0.83079			6
2025.02.18	02:04:25.116		0.83080			4
2025.02.18	02:04:26.954	0.83077	0.83078			6
2025.02.18	02:04:27.699	0.83078	0.83079			6
2025.02.18	02:04:35.408	0.83077	0.83078			6
2025.02.18	02:04:37.629	0.83076	0.83077			6
2025.02.18	02:04:38.565	0.83077	0.83078			6
2025.02.18	02:04:45.655	0.83076	0.83077			6
2025.02.18	02:04:46.278	0.83075	0.83076			6
2025.02.18	02:04:47.680	0.83076	0.83077			6
2025.02.18	02:05:00.676	0.83075	0.83076			6
2025.02.18	02:05:07.234	0.83079	0.83080			6
2025.02.18	02:05:20.316	0.83081	0.83082			6
2025.02.18	02:05:24.749	0.83082	0.83083			6
2025.02.18	02:05:34.293	0.83081	0.83082			6
2025.02.18	02:05:40.195	0.83082	0.83083			6
2025.02.18	02:05:40.535	0.83081	0.83082			6
2025.02.18	02:05:41.463	0.83082	0.83083			6
2025.02.18	02:05:46.942	0.83081	0.83082			6
2025.02.18	02:05:48.106	0.83082	0.83083			6
2025.02.18	02:05:49.663	0.83081	0.83082			6
2025.02.18	02:05:50.594	0.83080	0.83081			6
2025.02.18	02:05:58.788	0.83081	0.83082			6
2025.02.18	02:06:00.478	0.83083	0.83084			6
2025.02.18	02:06:00.929	0.83082	0.83083			6
2025.02.18	02:06:02.804	0.83083	0.83084			6
2025.02.18	02:06:10.166	0.83084	0.83085			6
2025.02.18	02:06:20.124	0.83085	0.83086			6
2025.02.18	02:06:20.456	0.83086	0.83087			6
2025.02.18	02:06:20.854	0.83085				2
2025.02.18	02:06:42.725		0.83086			4
2025.02.18	02:06:48.059	0.83084	0.83085			6
2025.02.18	02:06:50.724	0.83085	0.83086			6
2025.02.18	02:06:51.068	0.83082	0.83083			6
2025.02.18	02:06:51.707	0.83083	0.83084			6
2025.02.18	02:06:52.161	0.83081	0.83083			6
2025.02.18	02:06:53.509		0.83082			4
2025.02.18	02:06:54.364	0.83082	0.83083			6
2025.02.18	02:06:55.960	0.83081	0.83082			6
2025.02.18	02:06:58.352	0.83082	0.83083			6
2025.02.18	02:07:00.328	0.83082				2
2025.02.18	02:07:04.238	0.83083	0.83084			6
2025.02.18	02:07:08.347	0.83082	0.83083			6
2025.02.18	02:07:09.178	0.83083	0.83084			6
2025.02.18	02:07:13.271	0.83081	0.83082			6
2025.02.18	02:07:15.224	0.83082	0.83083			6
2025.02.18	02:07:15.756	0.83081	0.83082			6
2025.02.18	02:07:17.829	0.83082	0.83083			6
2025.02.18	02:07:20.129	0.83083	0.83084			6
2025.02.18	02:07:20.448	0.83082	0.83083			6
2025.02.18	02:07:22.234	0.83083	0.83084			6
2025.02.18	02:07:29.378	0.83082	0.83083			6
2025.02.18	02:07:30.190	0.83083	0.83084			6
2025.02.18	02:07:31.873	0.83084	0.83085			6
2025.02.18	02:07:32.178	0.83082	0.83083			6
2025.02.18	02:07:36.296	0.83081	0.83082			6
2025.02.18	02:07:36.839	0.83080	0.83081			6
2025.02.18	02:07:39.102	0.83079	0.83080			6
2025.02.18	02:07:39.415	0.83080	0.83081			6
2025.02.18	02:07:51.979	0.83081	0.83082			6
2025.02.18	02:07:52.316	0.83080	0.83081			6
2025.02.18	02:07:53.967	0.83081	0.83082			6
2025.02.18	02:08:00.999	0.83081				2
2025.02.18	02:08:01.999	0.83082	0.83083			6
2025.02.18	02:08:03.035	0.83083	0.83084			6
2025.02.18	02:08:03.341	0.83082	0.83083			6
2025.02.18	02:08:07.201	0.83083	0.83084			6
2025.02.18	02:08:08.831	0.83082	0.83083			6
2025.02.18	02:08:15.589	0.83084	0.83085			6
2025.02.18	02:08:16.156	0.83085	0.83086			6
2025.02.18	02:08:16.532	0.83084	0.83085			6
2025.02.18	02:08:18.669	0.83083	0.83084			6
2025.02.18	02:08:28.866	0.83084	0.83085			6
2025.02.18	02:08:31.293	0.83083	0.83084			6
2025.02.18	02:08:37.478	0.83084	0.83085			6
2025.02.18	02:08:38.233	0.83083	0.83084			6
2025.02.18	02:08:38.546	0.83085	0.83086			6
2025.02.18	02:08:38.853	0.83084	0.83085			6
2025.02.18	02:08:40.499	0.83083	0.83084			6
2025.02.18	02:08:41.298	0.83084	0.83085			6
2025.02.18	02:08:42.282	0.83083	0.83084			6
2025.02.18	02:08:44.814	0.83086	0.83087			6
2025.02.18	02:08:45.977	0.83085	0.83086			6
2025.02.18	02:08:53.488	0.83086	0.83087			6
2025.02.18	02:09:00.432	0.83086				2
2025.02.18	02:09:00.743	0.83085	0.83086			6
2025.02.18	02:09:02.966	0.83086	0.83087			6
2025.02.18	02:09:07.494	0.83085	0.83086			6
2025.02.18	02:09:13.095	0.83087	0.83088			6
2025.02.18	02:09:13.406	0.83088	0.83089			6
2025.02.18	02:09:21.218	0.83087	0.83088			6
2025.02.18	02:09:21.828	0.83086	0.83087			6
2025.02.18	02:09:31.006	0.83085	0.83086			6
2025.02.18	02:09:32.859	0.83086	0.83087			6
2025.02.18	02:09:46.465	0.83084	0.83085			6
2025.02.18	02:09:46.812	0.83085	0.83086			6
2025.02.18	02:10:00.363	0.83085				2
2025.02.18	02:10:02.997	0.83087	0.83088			6
2025.02.18	02:10:03.306	0.83086	0.83087			6
2025.02.18	02:10:03.647	0.83087	0.83088			6
2025.02.18	02:10:04.540		0.83089			4
2025.02.18	02:10:04.880	0.83088				2
2025.02.18	02:10:10.144	0.83089	0.83090			6
2025.02.18	02:10:10.549	0.83088	0.83089			6
2025.02.18	02:10:11.200	0.83087	0.83088			6
2025.02.18	02:10:12.429	0.83088	0.83089			6
2025.02.18	02:10:13.462		0.83090			4
2025.02.18	02:10:19.807	0.83087	0.83088			6
2025.02.18	02:10:21.531	0.83086	0.83087			6
2025.02.18	02:10:26.132	0.83085	0.83086			6
2025.02.18	02:10:28.404	0.83088	0.83089			6
2025.02.18	02:10:29.028	0.83087	0.83088			6
2025.02.18	02:10:29.338	0.83086	0.83087			6
2025.02.18	02:10:29.664	0.83087	0.83088			6
2025.02.18	02:10:30.146	0.83086	0.83087			6
2025.02.18	02:10:33.166	0.83085	0.83086			6
2025.02.18	02:10:33.784	0.83086	0.83087			6
2025.02.18	02:10:36.136	0.83087	0.83088			6
2025.02.18	02:10:36.447	0.83086	0.83087			6
2025.02.18	02:10:41.454	0.83087	0.83088			6
2025.02.18	02:10:43.403	0.83085	0.83086			6
2025.02.18	02:10:44.928	0.83086	0.83087			6
2025.02.18	02:10:45.379	0.83085	0.83086			6
2025.02.18	02:10:46.028	0.83086	0.83087			6
2025.02.18	02:10:46.427	0.83085	0.83086			6
2025.02.18	02:10:47.628	0.83086	0.83087			6
2025.02.18	02:10:48.078	0.83085	0.83086			6
2025.02.18	02:10:48.729	0.83086	0.83087			6
2025.02.18	02:10:53.061	0.83085	0.83086			6
2025.02.18	02:10:53.830	0.83086	0.83087			6
2025.02.18	02:10:55.635	0.83087	0.83088			6
2025.02.18	02:10:59.061	0.83086	0.83087			6
2025.02.18	02:11:00.440	0.83086				2
2025.02.18	02:11:04.082	0.83089	0.83090			6
2025.02.18	02:11:05.677	0.83088	0.83089			6
2025.02.18	02:11:07.738	0.83089	0.83090			6
2025.02.18	02:11:09.817	0.83088	0.83089			6
2025.02.18	02:11:11.627	0.83089	0.83090			6
2025.02.18	02:11:15.668	0.83090	0.83091			6
2025.02.18	02:11:16.631	0.83087	0.83088			6
2025.02.18	02:11:17.836	0.83084	0.83085			6
2025.02.18	02:11:18.893	0.83085	0.83086			6
2025.02.18	02:11:20.531	0.83084	0.83085			6
2025.02.18	02:11:21.770		0.83086			4
2025.02.18	02:11:23.808		0.83085			4
2025.02.18	02:11:25.452	0.83085	0.83086			6
2025.02.18	02:11:28.406	0.83086	0.83087			6
2025.02.18	02:11:31.047	0.83085	0.83086			6
2025.02.18	02:11:40.348	0.83084	0.83085			6
2025.02.18	02:11:41.538	0.83085	0.83086			6
2025.02.18	02:11:48.833	0.83084	0.83085			6
2025.02.18	02:11:54.116	0.83085	0.83086			6
2025.02.18	02:12:00.020	0.83085				2
2025.02.18	02:12:01.105	0.83084	0.83085			6
2025.02.18	02:12:17.772	0.83083	0.83084			6
2025.02.18	02:12:19.307	0.83085	0.83086			6
2025.02.18	02:12:34.532	0.83086	0.83087			6
2025.02.18	02:12:36.373	0.83084	0.83085			6
2025.02.18	02:12:36.678	0.83083	0.83084			6
2025.02.18	02:12:40.265	0.83084	0.83085			6
2025.02.18	02:13:00.601	0.83084				2
2025.02.18	02:13:02.417	0.83085	0.83086			6
2025.02.18	02:13:03.443	0.83084	0.83085			6
2025.02.18	02:13:06.624	0.83085	0.83086			6
2025.02.18	02:13:11.812	0.83084	0.83085			6
2025.02.18	02:13:16.696	0.83085	0.83086			6
2025.02.18	02:13:20.507	0.83084	0.83085			6
2025.02.18	02:13:21.881	0.83085	0.83086			6
2025.02.18	02:13:24.654	0.83084	0.83085			6
2025.02.18	02:13:33.531	0.83085	0.83086			6
2025.02.18	02:13:37.522	0.83086	0.83087			6
2025.02.18	02:13:38.197	0.83085	0.83086			6
2025.02.18	02:13:38.541	0.83086	0.83087			6
2025.02.18	02:13:39.820	0.83087	0.83088			6
2025.02.18	02:13:42.912	0.83089	0.83090			6
2025.02.18	02:13:44.182	0.83090	0.83091			6
2025.02.18	02:13:47.130	0.83091	0.83092			6
2025.02.18	02:13:47.442	0.83092	0.83093			6
2025.02.18	02:13:48.772	0.83090	0.83091			6
2025.02.18	02:13:49.096	0.83091	0.83092			6
2025.02.18	02:13:53.072	0.83090	0.83091			6
2025.02.18	02:13:55.017	0.83092	0.83093			6
2025.02.18	02:13:55.709	0.83091	0.83092			6
2025.02.18	02:13:56.323		0.83093			4
2025.02.18	02:13:57.301	0.83090	0.83091			6
2025.02.18	02:13:59.460	0.83091	0.83092			6
2025.02.18	02:13:59.854	0.83090	0.83091			6
2025.02.18	02:14:00.342	0.83091	0.83092			6
2025.02.18	02:14:08.420	0.83090	0.83091			6
2025.02.18	02:14:14.521	0.83091	0.83092			6
2025.02.18	02:14:19.446	0.83090	0.83091			6
2025.02.18	02:14:33.510	0.83091	0.83092			6
2025.02.18	02:14:38.167	0.83090	0.83091			6
2025.02.18	02:14:45.888	0.83088	0.83089			6
2025.02.18	02:14:47.132	0.83087	0.83088			6
2025.02.18	02:14:52.549	0.83088	0.83089			6
2025.02.18	02:14:53.378	0.83087	0.83088			6
2025.02.18	02:15:01.554	0.83086	0.83087			6
2025.02.18	02:15:01.881	0.83087	0.83088			6
2025.02.18	02:15:02.216	0.83088	0.83089			6
2025.02.18	02:15:18.037	0.83086	0.83088			6
2025.02.18	02:15:19.302	0.83088	0.83089			6
2025.02.18	02:15:24.509	0.83086	0.83088			6
2025.02.18	02:15:31.089		0.83087			4
2025.02.18	02:15:31.406	0.83085	0.83086			6
2025.02.18	02:15:33.972	0.83084	0.83085			6
2025.02.18	02:15:36.421	0.83083	0.83084			6
2025.02.18	02:15:44.002	0.83080	0.83081			6
2025.02.18	02:15:44.306	0.83079	0.83080			6
2025.02.18	02:15:45.411	0.83078				2
2025.02.18	02:15:47.486		0.83079			4
2025.02.18	02:15:48.402	0.83079	0.83080			6
2025.02.18	02:15:48.711	0.83080	0.83081			6
2025.02.18	02:15:57.636	0.83081	0.83082			6
2025.02.18	02:16:00.164	0.83081				2
2025.02.18	02:16:01.898	0.83082	0.83083			6
2025.02.18	02:16:03.121	0.83084	0.83085			6
2025.02.18	02:16:03.433	0.83083	0.83084			6
2025.02.18	02:16:12.851	0.83084	0.83085			6
2025.02.18	02:16:14.498	0.83081	0.83082			6
2025.02.18	02:16:14.870	0.83082	0.83083			6
2025.02.18	02:16:15.185	0.83087	0.83088			6
2025.02.18	02:16:19.017	0.83084	0.83085			6
2025.02.18	02:16:20.413	0.83085	0.83086			6
2025.02.18	02:16:47.386	0.83087	0.83088			6
2025.02.18	02:16:51.385	0.83086	0.83087			6
2025.02.18	02:16:51.779	0.83085	0.83086			6
2025.02.18	02:16:54.150	0.83084				2
2025.02.18	02:16:56.579		0.83085			4
2025.02.18	02:17:00.452	0.83084				2
2025.02.18	02:17:02.733	0.83083				2
2025.02.18	02:17:04.874	0.83084				2
2025.02.18	02:17:05.198	0.83083				2
2025.02.18	02:17:08.930	0.83082	0.83083			6
2025.02.18	02:17:11.901	0.83081	0.83082			6
2025.02.18	02:17:12.278	0.83080				2
2025.02.18	02:17:18.661		0.83081			4
2025.02.18	02:17:21.803	0.83081	0.83082			6
2025.02.18	02:17:22.347	0.83080	0.83081			6
2025.02.18	02:17:32.370	0.83079	0.83080			6
2025.02.18	02:17:32.905	0.83080	0.83081			6
2025.02.18	02:17:33.371	0.83081	0.83082			6
2025.02.18	02:17:37.647	0.83082	0.83083			6
2025.02.18	02:17:38.650	0.83081	0.83082			6
2025.02.18	02:17:40.260	0.83082	0.83083			6
2025.02.18	02:17:41.571	0.83081	0.83082			6
2025.02.18	02:17:42.255	0.83082	0.83083			6
2025.02.18	02:17:46.481	0.83081	0.83082			6
2025.02.18	02:18:01.313	0.83081				2
2025.02.18	02:18:18.308	0.83083	0.83084			6
2025.02.18	02:18:18.737	0.83085	0.83086			6
2025.02.18	02:18:19.828	0.83084	0.83085			6
2025.02.18	02:18:20.349	0.83083	0.83084			6
2025.02.18	02:18:26.343	0.83084	0.83085			6
2025.02.18	02:18:26.699	0.83082	0.83083			6
2025.02.18	02:18:27.191	0.83083	0.83084			6
2025.02.18	02:18:28.879	0.83082	0.83083			6
2025.02.18	02:18:46.079	0.83083	0.83084			6
2025.02.18	02:18:56.240	0.83084	0.83085			6
2025.02.18	02:18:58.726	0.83081	0.83082			6
2025.02.18	02:18:59.916	0.83085	0.83086			6
2025.02.18	02:19:00.445	0.83084	0.83085			6
2025.02.18	02:19:05.599	0.83083	0.83084			6
2025.02.18	02:19:12.225	0.83082	0.83083			6
2025.02.18	02:19:15.301	0.83083	0.83084			6
2025.02.18	02:19:18.628	0.83084	0.83085			6
2025.02.18	02:19:19.678	0.83083	0.83084			6
2025.02.18	02:19:23.186	0.83084	0.83085			6
2025.02.18	02:19:26.346	0.83083	0.83084			6
2025.02.18	02:19:27.932	0.83084	0.83085			6
2025.02.18	02:19:30.906	0.83085	0.83086			6
2025.02.18	02:19:32.068	0.83084	0.83085			6
2025.02.18	02:19:50.402		0.83086			4
2025.02.18	02:19:50.704	0.83083	0.83084			6
2025.02.18	02:20:00.516	0.83085	0.83086			6
2025.02.18	02:20:07.960		0.83087			4
2025.02.18	02:20:10.771		0.83086			4
2025.02.18	02:20:12.737	0.83084	0.83085			6
2025.02.18	02:20:20.933	0.83085	0.83086			6
2025.02.18	02:20:24.685	0.83086	0.83087			6
2025.02.18	02:20:25.370	0.83085	0.83086			6
2025.02.18	02:20:27.309		0.83087			4
2025.02.18	02:20:31.400		0.83086			4
2025.02.18	02:20:33.412		0.83087			4
2025.02.18	02:20:35.261	0.83086				2
2025.02.18	02:20:35.917	0.83087	0.83088			6
2025.02.18	02:20:37.044	0.83088	0.83089			6
2025.02.18	02:20:37.598	0.83087	0.83088			6
2025.02.18	02:20:46.366	0.83088	0.83089			6
2025.02.18	02:20:49.390	0.83087	0.83088			6
2025.02.18	02:20:50.471	0.83086				2
2025.02.18	02:20:54.169		0.83087			4
2025.02.18	02:20:54.485		0.83088			4
2025.02.18	02:20:56.096		0.83087			4
2025.02.18	02:21:00.524	0.83086				2
2025.02.18	02:21:07.123	0.83085				2
2025.02.18	02:21:07.616		0.83086			4
2025.02.18	02:21:16.831	0.83084	0.83085			6
2025.02.18	02:21:17.185	0.83083	0.83084			6
2025.02.18	02:21:17.825	0.83080	0.83081			6
2025.02.18	02:21:18.152	0.83079				2
2025.02.18	02:21:18.604		0.83080			4
2025.02.18	02:21:23.761	0.83078				2
2025.02.18	02:21:27.660	0.83081	0.83082			6
2025.02.18	02:21:55.158	0.83082	0.83083			6
2025.02.18	02:22:05.190	0.83081	0.83082			6
2025.02.18	02:22:18.778	0.83083	0.83084			6
2025.02.18	02:22:21.006	0.83082	0.83083			6
2025.02.18	02:22:21.508	0.83081				2
2025.02.18	02:22:22.028		0.83082			4
2025.02.18	02:22:23.896	0.83082	0.83083			6
2025.02.18	02:22:29.317	0.83081				2
2025.02.18	02:22:32.927	0.83082				2
2025.02.18	02:22:36.636	0.83083	0.83084			6
2025.02.18	02:22:37.271	0.83084	0.83085			6
2025.02.18	02:22:50.733	0.83083	0.83084			6
2025.02.18	02:23:02.278	0.83084	0.83085			6
2025.02.18	02:23:03.241	0.83083	0.83084			6
2025.02.18	02:23:04.137		0.83085			4
2025.02.18	02:23:04.994	0.83084				2
2025.02.18	02:23:06.276		0.83086			4
2025.02.18	02:23:17.136		0.83085			4
2025.02.18	02:23:21.628	0.83081	0.83082			6
2025.02.18	02:23:27.332		0.83083			4
2025.02.18	02:23:29.007		0.83082			4
2025.02.18	02:23:31.908		0.83083			4
2025.02.18	02:23:37.845		0.83082			4
2025.02.18	02:23:51.854	0.83080	0.83081			6
2025.02.18	02:24:00.544	0.83080				2
2025.02.18	02:24:07.714	0.83079	0.83080			6
2025.02.18	02:24:08.893	0.83080	0.83081			6
2025.02.18	02:24:10.008	0.83079	0.83080			6
2025.02.18	02:24:11.745	0.83080	0.83082			6
2025.02.18	02:24:14.130		0.83081			4
2025.02.18	02:24:17.296	0.83079	0.83080			6
2025.02.18	02:24:18.049	0.83078	0.83079			6
2025.02.18	02:24:19.508	0.83077				2
2025.02.18	02:24:20.976		0.83078			4
2025.02.18	02:24:37.822	0.83075	0.83077			6
2025.02.18	02:24:39.430		0.83076			4
2025.02.18	02:24:49.492	0.83076	0.83077			6
2025.02.18	02:24:58.545		0.83078			4
2025.02.18	02:24:59.181	0.83077				2
2025.02.18	02:25:00.575	0.83076				2
2025.02.18	02:25:02.046		0.83077			4
2025.02.18	02:25:13.046	0.83075				2
2025.02.18	02:25:15.801		0.83076			4
2025.02.18	02:25:21.720	0.83076	0.83077			6
2025.02.18	02:25:25.303	0.83075				2
2025.02.18	02:25:28.350	0.83079	0.83080			6
2025.02.18	02:25:28.875	0.83075	0.83076			6
2025.02.18	02:25:29.487	0.83076	0.83077			6
2025.02.18	02:25:30.322	0.83075				2
2025.02.18	02:25:31.537	0.83076				2
2025.02.18	02:25:38.851	0.83075	0.83076			6
2025.02.18	02:25:41.601	0.83074	0.83075			6
2025.02.18	02:25:43.464	0.83073				2
2025.02.18	02:26:00.497	0.83073				2
2025.02.18	02:26:01.645		0.83074			4
2025.02.18	02:26:02.134	0.83072				2
2025.02.18	02:26:08.700	0.83073				2
2025.02.18	02:26:20.898	0.83071	0.83072			6
2025.02.18	02:26:21.579	0.83070	0.83071			6
2025.02.18	02:26:22.353		0.83072			4
2025.02.18	02:26:25.765	0.83069	0.83071			6
2025.02.18	02:26:26.116	0.83068	0.83069			6
2025.02.18	02:26:27.276		0.83070			4
2025.02.18	02:26:27.600	0.83069				2
2025.02.18	02:26:31.781	0.83066	0.83067			6
2025.02.18	02:27:00.571	0.83066				2
2025.02.18	02:27:10.315	0.83067	0.83068			6
2025.02.18	02:28:01.459	0.83067				2
2025.02.18	02:28:02.328	0.83066	0.83067			6
2025.02.18	02:28:03.529		0.83068			4
2025.02.18	02:28:05.215	0.83067				2
2025.02.18	02:28:06.677	0.83066				2
2025.02.18	02:28:07.783	0.83064	0.83065			6
2025.02.18	02:28:10.514	0.83066	0.83067			6
2025.02.18	02:28:11.474	0.83067	0.83068			6
2025.02.18	02:28:23.389	0.83068	0.83069			6
2025.02.18	02:28:27.432	0.83069	0.83070			6
2025.02.18	02:28:30.149	0.83070	0.83071			6
2025.02.18	02:28:49.145		0.83072			4
2025.02.18	02:28:51.300		0.83071			4
2025.02.18	02:28:55.297	0.83069	0.83070			6
2025.02.18	02:29:00.635	0.83069				2
2025.02.18	02:29:02.195	0.83068	0.83069			6
2025.02.18	02:29:13.388	0.83069	0.83070			6
2025.02.18	02:29:16.226	0.83071	0.83072			6
2025.02.18	02:29:51.742	0.83072	0.83073			6
2025.02.18	02:30:00.411	0.83073	0.83074			6
2025.02.18	02:30:28.204	0.83072	0.83073			6
2025.02.18	02:30:29.477	0.83073	0.83074			6
2025.02.18	02:31:00.279	0.83073				2
2025.02.18	02:31:32.202		0.83074			4
2025.02.18	02:31:42.951		0.83075			4
2025.02.18	02:31:43.738		0.83074			4
2025.02.18	02:31:44.251	0.83072				2
2025.02.18	02:32:00.005	0.83072				2
2025.02.18	02:32:02.346	0.83073				2
2025.02.18	02:32:08.652	0.83072				2
2025.02.18	02:32:10.129		0.83073			4
2025.02.18	02:32:11.791	0.83073	0.83074			6
2025.02.18	02:32:15.035	0.83074	0.83075			6
2025.02.18	02:32:16.286	0.83075	0.83076			6
2025.02.18	02:32:16.889	0.83074				2
2025.02.18	02:32:17.262	0.83075				2
2025.02.18	02:32:21.440	0.83073	0.83075			6
2025.02.18	02:32:21.943		0.83074			4
2025.02.18	02:32:23.006		0.83075			4
2025.02.18	02:32:26.712		0.83074			4
2025.02.18	02:32:33.073	0.83074	0.83075			6
2025.02.18	02:32:35.216	0.83073	0.83074			6
2025.02.18	02:32:46.706	0.83074	0.83075			6
2025.02.18	02:32:47.086	0.83073				2
2025.02.18	02:32:47.898		0.83074			4
2025.02.18	02:32:51.902	0.83072	0.83073			6
2025.02.18	02:32:52.877		0.83074			4
2025.02.18	02:32:53.507	0.83073				2
2025.02.18	02:32:55.716	0.83072	0.83073			6
2025.02.18	02:33:00.699	0.83072				2
2025.02.18	02:33:02.327	0.83073	0.83074			6
2025.02.18	02:33:02.961	0.83072				2
2025.02.18	02:33:08.658	0.83073				2
2025.02.18	02:33:22.738	0.83072				2
2025.02.18	02:33:33.169	0.83073				2
2025.02.18	02:34:01.278	0.83073				2
2025.02.18	02:34:07.441		0.83074			4
2025.02.18	02:34:46.482	0.83072	0.83073			6
2025.02.18	02:34:49.190	0.83073	0.83074			6
2025.02.18	02:34:49.969	0.83072	0.83073			6
2025.02.18	02:35:00.129	0.83072				2
2025.02.18	02:35:01.148	0.83071	0.83072			6
2025.02.18	02:35:03.923	0.83070				2
2025.02.18	02:35:07.447		0.83071			4
2025.02.18	02:35:20.193	0.83072	0.83073			6
2025.02.18	02:35:20.793	0.83071	0.83072			6
2025.02.18	02:35:24.239		0.83073			4
2025.02.18	02:35:24.900	0.83072				2
2025.02.18	02:35:42.284	0.83071	0.83072			6
2025.02.18	02:35:43.486	0.83072	0.83073			6
2025.02.18	02:35:46.056	0.83071	0.83072			6
2025.02.18	02:35:46.747	0.83072	0.83073			6
2025.02.18	02:35:48.006	0.83071				2
2025.02.18	02:35:50.331		0.83072			4
2025.02.18	02:35:52.062		0.83073			4
2025.02.18	02:35:52.926	0.83069	0.83072			6
2025.02.18	02:35:59.357	0.83067	0.83070			6
2025.02.18	02:35:59.664	0.83066	0.83069			6
2025.02.18	02:36:00.016	0.83066				2
2025.02.18	02:36:00.395	0.83067	0.83068			6
2025.02.18	02:36:00.703	0.83070	0.83071			6
2025.02.18	02:36:01.262	0.83071	0.83072			6
2025.02.18	02:36:01.573		0.83073			4
2025.02.18	02:36:02.205	0.83070				2
2025.02.18	02:36:03.196	0.83071				2
2025.02.18	02:36:09.398	0.83070				2
2025.02.18	02:36:09.829	0.83071				2
2025.02.18	02:36:11.448	0.83070				2
2025.02.18	02:36:12.660		0.83072			4
2025.02.18	02:36:18.484	0.83071	0.83074			6
2025.02.18	02:36:20.664	0.83070	0.83073			6
2025.02.18	02:36:21.847	0.83069				2
2025.02.18	02:36:24.100	0.83070				2
2025.02.18	02:36:27.232		0.83072			4
2025.02.18	02:36:28.034	0.83069				2
2025.02.18	02:36:30.414		0.83071			4
2025.02.18	02:36:35.556	0.83068				2
2025.02.18	02:36:59.759	0.83066	0.83069			6
2025.02.18	02:37:00.113	0.83066				2
2025.02.18	02:37:00.588	0.83067				2
2025.02.18	02:37:02.168	0.83066				2
2025.02.18	02:37:07.965	0.83067				2
2025.02.18	02:37:10.296	0.83066				2
2025.02.18	02:37:14.838	0.83067				2
2025.02.18	02:37:17.271	0.83066				2
2025.02.18	02:37:22.216	0.83067	0.83070			6
2025.02.18	02:37:26.324	0.83068				2
2025.02.18	02:37:27.422	0.83067				2
2025.02.18	02:37:28.680		0.83071			4
2025.02.18	02:37:30.654	0.83068				2
2025.02.18	02:37:33.080	0.83069				2
2025.02.18	02:37:33.399	0.83068	0.83069			6
2025.02.18	02:37:34.354	0.83066				2
2025.02.18	02:37:34.807	0.83067	0.83070			6
2025.02.18	02:37:39.710	0.83069				2
2025.02.18	02:37:40.878	0.83068	0.83071			6
2025.02.18	02:37:42.798		0.83070			4
2025.02.18	02:37:43.253		0.83069			4
2025.02.18	02:37:52.469	0.83067	0.83068			6
2025.02.18	02:38:00.279	0.83067				2
2025.02.18	02:38:01.995	0.83068	0.83069			6
2025.02.18	02:38:06.724	0.83067	0.83068			6
2025.02.18	02:38:11.510	0.83066	0.83070			6
2025.02.18	02:38:12.211	0.83067				2
2025.02.18	02:38:16.564	0.83068				2
2025.02.18	02:38:17.609		0.83071			4
2025.02.18	02:38:28.507	0.83070				2
2025.02.18	02:38:31.840	0.83068				2
2025.02.18	02:38:38.360	0.83069				2
2025.02.18	02:38:44.910	0.83071	0.83073			6
2025.02.18	02:38:45.977	0.83073	0.83074			6
2025.02.18	02:38:47.468	0.83071	0.83073			6
2025.02.18	02:38:51.629	0.83072				2
2025.02.18	02:38:54.264	0.83070	0.83072			6
2025.02.18	02:38:55.365	0.83069	0.83071			6
2025.02.18	02:39:00.166	0.83069				2
2025.02.18	02:39:02.765	0.83070	0.83072			6
2025.02.18	02:39:16.588	0.83069				2
2025.02.18	02:39:16.909	0.83070				2
2025.02.18	02:39:17.473	0.83069				2
2025.02.18	02:39:20.978	0.83070				2
2025.02.18	02:39:21.378	0.83069				2
2025.02.18	02:39:22.593		0.83071			4
2025.02.18	02:39:32.405	0.83070				2
2025.02.18	02:39:33.224	0.83069				2
2025.02.18	02:39:38.143	0.83070				2
2025.02.18	02:39:38.817	0.83069				2
2025.02.18	02:39:39.169	0.83068				2
2025.02.18	02:39:40.821	0.83069				2
2025.02.18	02:39:41.308	0.83068				2
2025.02.18	02:39:41.734	0.83069				2
2025.02.18	02:39:42.723	0.83068				2
2025.02.18	02:39:43.178	0.83069				2
2025.02.18	02:39:45.025	0.83068	0.83070			6
2025.02.18	02:39:48.747	0.83067				2
2025.02.18	02:39:49.352	0.83066	0.83068			6
2025.02.18	02:39:53.628	0.83067				2
2025.02.18	02:39:54.024	0.83066				2
2025.02.18	02:39:55.256	0.83064				2
2025.02.18	02:39:56.087		0.83067			4
2025.02.18	02:40:01.232	0.83064				2
2025.02.18	02:40:02.119	0.83065				2
2025.02.18	02:40:02.867	0.83064				2
2025.02.18	02:40:06.030	0.83068	0.83069			6
2025.02.18	02:40:06.351	0.83069	0.83070			6
2025.02.18	02:40:06.658	0.83067	0.83069			6
2025.02.18	02:40:08.752	0.83068	0.83070			6
2025.02.18	02:40:12.343	0.83069				2
2025.02.18	02:40:18.220		0.83071			4
2025.02.18	02:40:47.185	0.83072	0.83073			6
2025.02.18	02:40:47.508	0.83070	0.83072			6
2025.02.18	02:40:50.215		0.83071			4
2025.02.18	02:40:53.063	0.83068	0.83070			6
2025.02.18	02:40:53.787	0.83070	0.83071			6
2025.02.18	02:40:54.091	0.83071	0.83072			6
2025.02.18	02:40:55.648	0.83070	0.83071			6
2025.02.18	02:40:56.345	0.83071	0.83072			6
2025.02.18	02:40:56.654	0.83070				2
2025.02.18	02:41:00.095	0.83070				2
2025.02.18	02:41:02.896	0.83072	0.83073			6
2025.02.18	02:41:05.093	0.83071	0.83072			6
2025.02.18	02:41:21.328	0.83070	0.83071			6
2025.02.18	02:41:21.643	0.83069				2
2025.02.18	02:41:22.096		0.83070			4
2025.02.18	02:41:22.420	0.83068				2
2025.02.18	02:41:24.328	0.83070	0.83071			6
2025.02.18	02:41:24.645	0.83069	0.83070			6
2025.02.18	02:41:25.234	0.83068				2
2025.02.18	02:41:25.973	0.83069				2
2025.02.18	02:41:27.777	0.83072	0.83073			6
2025.02.18	02:41:28.377	0.83071	0.83072			6
2025.02.18	02:41:28.786	0.83072	0.83073			6
2025.02.18	02:41:29.104	0.83071	0.83072			6
2025.02.18	02:41:36.665	0.83072	0.83073			6
2025.02.18	02:41:37.732	0.83071	0.83072			6
2025.02.18	02:41:43.514	0.83069	0.83071			6
2025.02.18	02:41:46.460	0.83070				2
2025.02.18	02:41:48.180	0.83069				2
2025.02.18	02:41:49.541	0.83070				2
2025.02.18	02:41:49.848	0.83068	0.83069			6
2025.02.18	02:41:50.166	0.83067	0.83068			6
2025.02.18	02:41:52.091		0.83069			4
2025.02.18	02:41:56.721	0.83066				2
2025.02.18	02:41:58.768	0.83067				2
2025.02.18	02:41:59.407	0.83066				2
2025.02.18	02:42:00.362	0.83066				2
2025.02.18	02:42:01.317	0.83067				2
2025.02.18	02:42:01.875	0.83066				2
2025.02.18	02:42:03.668		0.83068			4
2025.02.18	02:42:07.270		0.83069			4
2025.02.18	02:42:07.843		0.83068			4
2025.02.18	02:42:08.330	0.83067				2
2025.02.18	02:42:08.753		0.83069			4
2025.02.18	02:42:09.087		0.83068			4
2025.02.18	02:42:09.479	0.83066				2
2025.02.18	02:42:12.081	0.83067				2
2025.02.18	02:42:12.795		0.83069			4
2025.02.18	02:42:23.459		0.83068			4
2025.02.18	02:42:29.628	0.83066	0.83067			6
2025.02.18	02:42:29.945		0.83068			4
2025.02.18	02:42:42.192	0.83064	0.83067			6
2025.02.18	02:42:42.521	0.83065				2
2025.02.18	02:42:42.832		0.83066			4
2025.02.18	02:42:43.184		0.83067			4
2025.02.18	02:42:45.815	0.83064	0.83066			6
2025.02.18	02:42:48.489	0.83063	0.83065			6
2025.02.18	02:42:48.792	0.83062	0.83064			6
2025.02.18	02:42:49.927	0.83061				2
2025.02.18	02:42:50.828	0.83062				2
2025.02.18	02:42:56.481	0.83063				2
2025.02.18	02:42:57.457	0.83062				2
2025.02.18	02:42:58.278	0.83060	0.83062			6
2025.02.18	02:42:59.033	0.83062	0.83063			6
2025.02.18	02:42:59.792	0.83066	0.83067			6
2025.02.18	02:43:00.150	0.83066				2
2025.02.18	02:43:01.534	0.83065	0.83066			6
2025.02.18	02:43:01.845	0.83061	0.83063			6
2025.02.18	02:43:06.262		0.83064			4
2025.02.18	02:43:07.953	0.83063	0.83066			6
2025.02.18	02:43:09.410	0.83067	0.83068			6
2025.02.18	02:43:16.435	0.83065	0.83067			6
2025.02.18	02:43:18.067		0.83066			4
2025.02.18	02:43:20.682	0.83063	0.83065			6
2025.02.18	02:43:21.685	0.83064				2
2025.02.18	02:43:22.256		0.83066			4
2025.02.18	02:43:22.898		0.83067			4
2025.02.18	02:43:23.848		0.83066			4
2025.02.18	02:43:40.775	0.83065				2
2025.02.18	02:43:42.245	0.83066	0.83067			6
2025.02.18	02:43:48.924	0.83064				2
2025.02.18	02:43:50.440		0.83066			4
2025.02.18	02:43:57.083	0.83065				2
2025.02.18	02:43:58.178	0.83064				2
2025.02.18	02:44:00.365	0.83064				2
2025.02.18	02:44:01.138	0.83065				2
2025.02.18	02:44:01.443	0.83066	0.83067			6
2025.02.18	02:44:06.436	0.83067	0.83068			6
2025.02.18	02:44:19.684	0.83071	0.83072			6
2025.02.18	02:44:21.291	0.83070	0.83071			6
2025.02.18	02:44:24.284	0.83068	0.83070			6
2025.02.18	02:44:24.640		0.83069			4
2025.02.18	02:44:25.545		0.83070			4
2025.02.18	02:44:30.091	0.83067				2
2025.02.18	02:44:32.078	0.83068				2
2025.02.18	02:44:33.256	0.83067				2
2025.02.18	02:44:34.904	0.83068				2
2025.02.18	02:44:45.149	0.83067				2
2025.02.18	02:44:49.795	0.83069				2
2025.02.18	02:44:50.213	0.83070	0.83071			6
2025.02.18	02:44:51.808	0.83068	0.83070			6
2025.02.18	02:44:52.180	0.83069	0.83071			6
2025.02.18	02:44:52.531	0.83068				2
2025.02.18	02:44:52.868	0.83069				2
2025.02.18	02:44:53.193		0.83070			4
2025.02.18	02:44:54.673	0.83070	0.83071			6
2025.02.18	02:44:55.624	0.83069	0.83070			6
2025.02.18	02:44:58.040		0.83071			4
2025.02.18	02:45:00.385	0.83071	0.83072			6
2025.02.18	02:45:00.688	0.83069	0.83071			6
2025.02.18	02:45:01.004	0.83072	0.83073			6
2025.02.18	02:45:01.407	0.83071	0.83072			6
2025.02.18	02:45:02.842	0.83067	0.83070			6
2025.02.18	02:45:03.159		0.83069			4
2025.02.18	02:45:07.447	0.83069	0.83070			6
2025.02.18	02:45:10.736	0.83067	0.83068			6
2025.02.18	02:45:11.476	0.83064	0.83067			6
2025.02.18	02:45:14.830	0.83065				2
2025.02.18	02:45:15.379	0.83064				2
2025.02.18	02:45:16.672	0.83065				2
2025.02.18	02:45:17.096	0.83066				2
2025.02.18	02:45:19.771	0.83067	0.83068			6
2025.02.18	02:45:21.828		0.83069			4
2025.02.18	02:45:22.798		0.83068			4
2025.02.18	02:45:33.833	0.83068	0.83069			6
2025.02.18	02:45:51.052	0.83064	0.83066			6
2025.02.18	02:45:54.077	0.83065				2
2025.02.18	02:45:54.482	0.83064				2
2025.02.18	02:45:56.613	0.83065				2
2025.02.18	02:45:56.964	0.83064				2
2025.02.18	02:46:00.264	0.83065				2
2025.02.18	02:46:00.581	0.83066	0.83067			6
2025.02.18	02:46:05.832	0.83064	0.83065			6
2025.02.18	02:46:06.145	0.83062				2
2025.02.18	02:46:12.353	0.83064				2
2025.02.18	02:46:16.228		0.83066			4
2025.02.18	02:46:18.641	0.83066	0.83067			6
2025.02.18	02:46:26.948	0.83065				2
2025.02.18	02:46:27.478		0.83066			4
2025.02.18	02:46:29.408	0.83064				2
2025.02.18	02:46:32.527	0.83065				2
2025.02.18	02:46:33.090	0.83064				2
2025.02.18	02:46:35.019	0.83065				2
2025.02.18	02:46:35.818	0.83064				2
2025.02.18	02:46:36.303	0.83065				2
2025.02.18	02:46:36.624	0.83064				2
2025.02.18	02:46:37.222	0.83066	0.83067			6
2025.02.18	02:46:41.152	0.83064	0.83066			6
2025.02.18	02:46:41.472	0.83065				2
2025.02.18	02:46:44.969	0.83064				2
2025.02.18	02:46:46.060		0.83065			4
2025.02.18	02:46:48.347	0.83065	0.83066			6
2025.02.18	02:46:51.705	0.83066	0.83067			6
2025.02.18	02:46:53.818	0.83065	0.83066			6
2025.02.18	02:46:59.795	0.83067	0.83068			6
2025.02.18	02:47:00.136	0.83067				2
2025.02.18	02:47:12.284	0.83068	0.83069			6
2025.02.18	02:47:14.940	0.83067	0.83068			6
2025.02.18	02:47:15.906	0.83068	0.83069			6
2025.02.18	02:47:16.382	0.83067	0.83068			6
2025.02.18	02:47:19.086	0.83066	0.83067			6
2025.02.18	02:47:20.190	0.83065	0.83066			6
2025.02.18	02:47:20.825	0.83066	0.83067			6
2025.02.18	02:47:21.667	0.83067	0.83068			6
2025.02.18	02:47:25.503	0.83066	0.83067			6
2025.02.18	02:47:29.924	0.83065	0.83066			6
2025.02.18	02:47:31.136	0.83067	0.83068			6
2025.02.18	02:47:33.368	0.83066	0.83067			6
2025.02.18	02:47:33.804	0.83067	0.83068			6
2025.02.18	02:47:37.284	0.83066	0.83067			6
2025.02.18	02:47:38.133	0.83067	0.83068			6
2025.02.18	02:47:42.237	0.83066	0.83067			6
2025.02.18	02:47:43.346	0.83065	0.83066			6
2025.02.18	02:47:50.072	0.83066	0.83067			6
2025.02.18	02:47:51.110	0.83065	0.83066			6
2025.02.18	02:47:51.417	0.83066	0.83067			6
2025.02.18	02:47:52.273	0.83065	0.83066			6
2025.02.18	02:47:53.329	0.83067	0.83068			6
2025.02.18	02:47:57.093	0.83068	0.83069			6
2025.02.18	02:47:59.306	0.83069	0.83070			6
2025.02.18	02:48:00.274	0.83069				2
2025.02.18	02:48:00.583	0.83068	0.83069			6
2025.02.18	02:48:05.576	0.83069	0.83070			6
2025.02.18	02:48:12.728	0.83068	0.83069			6
2025.02.18	02:48:13.330	0.83069	0.83070			6
2025.02.18	02:48:13.828	0.83068	0.83069			6
2025.02.18	02:48:17.257	0.83069	0.83070			6
2025.02.18	02:48:18.468	0.83068	0.83069			6
2025.02.18	02:48:19.499	0.83069	0.83070			6
2025.02.18	02:48:19.811	0.83068	0.83069			6
2025.02.18	02:48:48.723	0.83066	0.83067			6
2025.02.18	02:48:49.341	0.83067	0.83068			6
2025.02.18	02:48:50.861	0.83068	0.83069			6
2025.02.18	02:48:52.708	0.83066	0.83067			6
2025.02.18	02:49:00.289	0.83066				2
2025.02.18	02:49:00.706	0.83067	0.83068			6
2025.02.18	02:49:01.007	0.83065	0.83066			6
2025.02.18	02:49:10.563	0.83064	0.83065			6
2025.02.18	02:49:19.580	0.83065	0.83066			6
2025.02.18	02:49:20.456	0.83064	0.83065			6
2025.02.18	02:49:39.713	0.83065	0.83066			6
2025.02.18	02:49:57.461	0.83063	0.83064			6
2025.02.18	02:49:57.766		0.83065			4
2025.02.18	02:49:59.215	0.83065	0.83066			6
2025.02.18	02:50:00.369	0.83065				2
2025.02.18	02:50:01.171	0.83064	0.83065			6
2025.02.18	02:50:09.666	0.83065	0.83066			6
2025.02.18	02:50:15.153	0.83064	0.83065			6
2025.02.18	02:50:21.141	0.83063	0.83064			6
2025.02.18	02:50:23.086	0.83061	0.83063			6
2025.02.18	02:50:27.336		0.83062			4
2025.02.18	02:50:27.717		0.83063			4
2025.02.18	02:50:33.807	0.83064	0.83065			6
2025.02.18	02:50:39.683	0.83065	0.83066			6
2025.02.18	02:50:41.213	0.83062	0.83063			6
2025.02.18	02:50:46.924	0.83063	0.83064			6
2025.02.18	02:50:49.414	0.83062	0.83063			6
2025.02.18	02:50:58.610	0.83064	0.83065			6
2025.02.18	02:51:00.366	0.83064				2
2025.02.18	02:51:00.683	0.83063				2
2025.02.18	02:51:01.241		0.83064			4
2025.02.18	02:51:05.796	0.83062	0.83063			6
2025.02.18	02:51:11.272	0.83061				2
2025.02.18	02:51:11.592		0.83062			4
2025.02.18	02:51:21.738	0.83062	0.83063			6
2025.02.18	02:51:23.019	0.83061	0.83062			6
2025.02.18	02:51:29.364	0.83060	0.83061			6
2025.02.18	02:51:29.978	0.83061	0.83062			6
2025.02.18	02:51:30.454	0.83060	0.83061			6
2025.02.18	02:51:30.781	0.83061	0.83062			6
2025.02.18	02:51:31.097	0.83060	0.83061			6
2025.02.18	02:51:31.670	0.83062	0.83063			6
2025.02.18	02:51:35.096	0.83063	0.83064			6
2025.02.18	02:51:36.528	0.83062	0.83063			6
2025.02.18	02:51:38.519	0.83063	0.83064			6
2025.02.18	02:51:39.031	0.83062	0.83063			6
2025.02.18	02:51:40.743	0.83061	0.83062			6
2025.02.18	02:51:41.146	0.83062	0.83063			6
2025.02.18	02:51:43.681	0.83063	0.83064			6
2025.02.18	02:51:46.879	0.83062	0.83063			6
2025.02.18	02:51:56.329	0.83063	0.83064			6
2025.02.18	02:52:00.033	0.83063				2
2025.02.18	02:52:00.569	0.83062	0.83063			6
2025.02.18	02:52:02.146	0.83061	0.83062			6
2025.02.18	02:52:02.679	0.83060	0.83061			6
2025.02.18	02:52:03.880	0.83059	0.83060			6
2025.02.18	02:52:15.376		0.83061			4
2025.02.18	02:52:15.823		0.83060			4
2025.02.18	02:52:22.841	0.83057	0.83058			6
2025.02.18	02:52:23.184	0.83056	0.83057			6
2025.02.18	02:52:31.332	0.83057	0.83058			6
2025.02.18	02:52:45.316	0.83058	0.83059			6
2025.02.18	02:52:47.926	0.83059	0.83060			6
2025.02.18	02:52:48.233	0.83058	0.83059			6
2025.02.18	02:52:50.334	0.83059	0.83060			6
2025.02.18	02:52:50.963	0.83060	0.83061			6
2025.02.18	02:52:51.431	0.83059				2
2025.02.18	02:52:53.183	0.83061	0.83062			6
2025.02.18	02:52:54.145	0.83060	0.83061			6
2025.02.18	02:52:59.008	0.83061	0.83062			6
2025.02.18	02:53:00.669	0.83061				2
2025.02.18	02:53:03.162	0.83060				2
2025.02.18	02:53:03.675	0.83059				2
2025.02.18	02:53:05.529	0.83061				2
2025.02.18	02:53:06.082	0.83060				2
2025.02.18	02:53:06.628	0.83059				2
2025.02.18	02:53:09.770	0.83060	0.83061			6
2025.02.18	02:53:10.531	0.83061	0.83062			6
2025.02.18	02:53:11.031	0.83059	0.83061			6
2025.02.18	02:53:11.605	0.83060				2
2025.02.18	02:53:11.920	0.83061	0.83062			6
2025.02.18	02:53:12.427	0.83059	0.83061			6
2025.02.18	02:53:12.839	0.83060				2
2025.02.18	02:53:14.350	0.83059				2
2025.02.18	02:53:14.826		0.83062			4
2025.02.18	02:53:17.394	0.83062	0.83063			6
2025.02.18	02:53:17.706	0.83061	0.83062			6
2025.02.18	02:53:18.778		0.83063			4
2025.02.18	02:53:19.931	0.83060				2
2025.02.18	02:53:20.417	0.83059	0.83062			6
2025.02.18	02:53:21.424	0.83061				2
2025.02.18	02:53:22.213	0.83060	0.83061			6
2025.02.18	02:53:22.746		0.83062			4
2025.02.18	02:53:26.548	0.83059				2
2025.02.18	02:53:26.848	0.83060	0.83061			6
2025.02.18	02:53:27.286	0.83059				2
2025.02.18	02:53:30.640		0.83062			4
2025.02.18	02:53:33.943		0.83061			4
2025.02.18	02:53:35.370	0.83058	0.83060			6
2025.02.18	02:53:36.711	0.83057	0.83059			6
2025.02.18	02:53:37.026		0.83058			4
2025.02.18	02:53:37.327	0.83056				2
2025.02.18	02:53:37.710	0.83057				2
2025.02.18	02:53:38.205		0.83059			4
2025.02.18	02:53:39.400		0.83060			4
2025.02.18	02:53:43.324	0.83058	0.83059			6
2025.02.18	02:53:44.131	0.83057				2
2025.02.18	02:53:50.376		0.83060			4
2025.02.18	02:53:52.567		0.83059			4
2025.02.18	02:53:56.512		0.83060			4
2025.02.18	02:53:58.372		0.83059			4
2025.02.18	02:53:58.689		0.83058			4
2025.02.18	02:54:00.016	0.83057				2
2025.02.18	02:54:00.608	0.83056	0.83057			6
2025.02.18	02:54:00.922	0.83057	0.83058			6
2025.02.18	02:54:03.701	0.83056	0.83057			6
2025.02.18	02:54:05.824	0.83057	0.83058			6
2025.02.18	02:54:10.253		0.83059			4
2025.02.18	02:54:11.393	0.83056	0.83057			6
2025.02.18	02:54:12.022	0.83054	0.83055			6
2025.02.18	02:54:16.228		0.83057			4
2025.02.18	02:54:16.505	0.83055				2
2025.02.18	02:54:18.818	0.83056				2
2025.02.18	02:54:20.205	0.83055				2
2025.02.18	02:54:20.523	0.83056	0.83058			6
2025.02.18	02:54:23.427	0.83057	0.83059			6
2025.02.18	02:54:29.840		0.83058			4
2025.02.18	02:54:33.115	0.83056	0.83057			6
2025.02.18	02:54:36.540	0.83055	0.83056			6
2025.02.18	02:54:36.845	0.83057	0.83058			6
2025.02.18	02:54:37.771	0.83058	0.83059			6
2025.02.18	02:54:38.254	0.83056	0.83057			6
2025.02.18	02:54:38.623		0.83058			4
2025.02.18	02:54:39.008	0.83058	0.83060			6
2025.02.18	02:54:39.321	0.83057				2
2025.02.18	02:54:39.976	0.83058	0.83059			6
2025.02.18	02:54:40.760		0.83060			4
2025.02.18	02:54:41.176	0.83057	0.83059			6
2025.02.18	02:54:41.491	0.83058				2
2025.02.18	02:54:41.797	0.83057				2
2025.02.18	02:54:42.104	0.83056	0.83057			6
2025.02.18	02:54:53.283	0.83057	0.83059			6
2025.02.18	02:54:54.344	0.83059	0.83062			6
2025.02.18	02:54:54.745		0.83061			4
2025.02.18	02:54:55.770	0.83058				2
2025.02.18	02:54:56.084	0.83059				2
2025.02.18	02:54:57.334	0.83060				2
2025.02.18	02:54:57.891	0.83059				2
2025.02.18	02:54:58.340		0.83062			4
2025.02.18	02:54:59.029		0.83061			4
2025.02.18	02:54:59.499	0.83060	0.83062			6
2025.02.18	02:55:00.435	0.83058	0.83059			6
2025.02.18	02:55:00.745		0.83060			4
2025.02.18	02:55:01.062	0.83059	0.83061			6
2025.02.18	02:55:01.754		0.83060			4
2025.02.18	02:55:02.086		0.83061			4
2025.02.18	02:55:04.017		0.83060			4
2025.02.18	02:55:07.527	0.83062	0.83063			6
2025.02.18	02:55:10.038	0.83061	0.83062			6
2025.02.18	02:55:10.934	0.83060				2
2025.02.18	02:55:13.070		0.83061			4
2025.02.18	02:55:13.429	0.83061	0.83062			6
2025.02.18	02:55:14.318		0.83063			4
2025.02.18	02:55:17.875	0.83060	0.83061			6
2025.02.18	02:55:18.204	0.83061	0.83063			6
2025.02.18	02:55:18.522		0.83062			4
2025.02.18	02:55:21.421	0.83062	0.83063			6
2025.02.18	02:55:21.725	0.83061	0.83062			6
2025.02.18	02:55:22.344		0.83063			4
2025.02.18	02:55:26.652		0.83062			4
2025.02.18	02:55:28.178		0.83063			4
2025.02.18	02:55:28.504		0.83062			4
2025.02.18	02:55:33.250	0.83060	0.83061			6
2025.02.18	02:55:33.648	0.83061	0.83063			6
2025.02.18	02:55:33.957		0.83062			4
2025.02.18	02:55:34.911	0.83060	0.83063			6
2025.02.18	02:55:35.366	0.83061				2
2025.02.18	02:55:36.649		0.83062			4
2025.02.18	02:55:37.229		0.83063			4
2025.02.18	02:55:38.883		0.83062			4
2025.02.18	02:55:40.078		0.83063			4
2025.02.18	02:55:43.563	0.83062	0.83064			6
2025.02.18	02:55:44.848	0.83061	0.83063			6
2025.02.18	02:55:45.275	0.83062				2
2025.02.18	02:55:45.909	0.83061	0.83062			6
2025.02.18	02:55:46.261	0.83060	0.83061			6
2025.02.18	02:55:50.491	0.83061	0.83062			6
2025.02.18	02:55:50.805	0.83060	0.83061			6
2025.02.18	02:55:52.153	0.83061	0.83062			6
2025.02.18	02:55:55.527	0.83060	0.83061			6
2025.02.18	02:55:56.396	0.83061	0.83062			6
2025.02.18	02:56:00.647	0.83061				2
2025.02.18	02:56:02.676	0.83063	0.83064			6
2025.02.18	02:56:03.828		0.83065			4
2025.02.18	02:56:07.030	0.83062	0.83064			6
2025.02.18	02:56:07.382		0.83063			4
2025.02.18	02:56:09.539	0.83061	0.83064			6
2025.02.18	02:56:10.360		0.83063			4
2025.02.18	02:56:10.905		0.83064			4
2025.02.18	02:56:12.119		0.83063			4
2025.02.18	02:56:14.807	0.83060	0.83062			6
2025.02.18	02:56:15.477		0.83061			4
2025.02.18	02:56:21.722	0.83061	0.83062			6
2025.02.18	02:56:24.477	0.83060	0.83061			6
2025.02.18	02:56:25.977	0.83061	0.83062			6
2025.02.18	02:56:34.558	0.83062	0.83063			6
2025.02.18	02:56:35.861	0.83061	0.83062			6
2025.02.18	02:56:36.306	0.83062	0.83063			6
2025.02.18	02:56:36.608	0.83063	0.83064			6
2025.02.18	02:56:37.723	0.83062	0.83063			6
2025.02.18	02:56:39.745	0.83063	0.83064			6
2025.02.18	02:56:43.182		0.83065			4
2025.02.18	02:56:46.177		0.83066			4
2025.02.18	02:56:49.375		0.83064			4
2025.02.18	02:56:50.762	0.83062	0.83063			6
2025.02.18	02:56:56.532	0.83061				2
2025.02.18	02:56:58.797	0.83060	0.83062			6
2025.02.18	02:56:59.171	0.83061				2
2025.02.18	02:57:01.671	0.83061				2
2025.02.18	02:57:02.249	0.83059	0.83060			6
2025.02.18	02:57:08.106	0.83053	0.83056			6
2025.02.18	02:57:08.752	0.83055	0.83057			6
2025.02.18	02:57:09.064	0.83053	0.83055			6
2025.02.18	02:57:10.406	0.83054				2
2025.02.18	02:57:13.471	0.83057	0.83061			6
2025.02.18	02:57:13.788	0.83058				2
2025.02.18	02:57:14.117		0.83060			4
2025.02.18	02:57:14.422		0.83061			4
2025.02.18	02:57:16.603	0.83059	0.83062			6
2025.02.18	02:57:17.728	0.83058	0.83060			6
2025.02.18	02:57:19.111		0.83061			4
2025.02.18	02:57:19.458		0.83062			4
2025.02.18	02:57:22.129		0.83061			4
2025.02.18	02:57:29.744		0.83060			4
2025.02.18	02:57:30.439		0.83059			4
2025.02.18	02:57:30.749	0.83059	0.83060			6
2025.02.18	02:57:36.151	0.83058				2
2025.02.18	02:57:36.488		0.83061			4
2025.02.18	02:57:36.878		0.83060			4
2025.02.18	02:57:39.469	0.83059	0.83061			6
2025.02.18	02:57:39.931		0.83060			4
2025.02.18	02:57:41.723		0.83061			4
2025.02.18	02:57:43.601		0.83060			4
2025.02.18	02:57:45.201	0.83060	0.83061			6
2025.02.18	02:57:47.181		0.83062			4
2025.02.18	02:57:47.568	0.83059				2
2025.02.18	02:57:47.917		0.83061			4
2025.02.18	02:57:48.250	0.83060	0.83062			6
2025.02.18	02:57:51.012		0.83063			4
2025.02.18	02:57:52.301		0.83062			4
2025.02.18	02:57:53.154		0.83061			4
2025.02.18	02:57:53.503		0.83062			4
2025.02.18	02:57:53.873	0.83059				2
2025.02.18	02:57:54.183	0.83060	0.83063			6
2025.02.18	02:57:55.693		0.83062			4
2025.02.18	02:57:58.449		0.83061			4
2025.02.18	02:58:00.359	0.83060				2
2025.02.18	02:58:02.762		0.83062			4
2025.02.18	02:58:04.698	0.83059				2
2025.02.18	02:58:05.030		0.83061			4
2025.02.18	02:58:05.942		0.83062			4
2025.02.18	02:58:07.693		0.83061			4
2025.02.18	02:58:08.153		0.83062			4
2025.02.18	02:58:11.729		0.83061			4
2025.02.18	02:58:16.047	0.83060				2
2025.02.18	02:58:16.381		0.83062			4
2025.02.18	02:58:16.686	0.83059				2
2025.02.18	02:58:17.620		0.83061			4
2025.02.18	02:58:20.659		0.83062			4
2025.02.18	02:58:21.347		0.83061			4
2025.02.18	02:58:22.913		0.83062			4
2025.02.18	02:58:23.333		0.83061			4
2025.02.18	02:58:29.228		0.83062			4
2025.02.18	02:58:29.558	0.83060				2
2025.02.18	02:58:29.997	0.83059				2
2025.02.18	02:58:30.364	0.83060				2
2025.02.18	02:58:31.605		0.83061			4
2025.02.18	02:58:32.599	0.83059				2
2025.02.18	02:58:33.500	0.83060				2
2025.02.18	02:58:35.422		0.83062			4
2025.02.18	02:58:35.920		0.83061			4
2025.02.18	02:58:36.662		0.83062			4
2025.02.18	02:58:39.477	0.83061				2
2025.02.18	02:58:40.303		0.83063			4
2025.02.18	02:58:41.084		0.83062			4
2025.02.18	02:58:41.411		0.83063			4
2025.02.18	02:58:41.780	0.83062				2
2025.02.18	02:58:51.256	0.83063	0.83064			6
2025.02.18	02:58:51.568		0.83065			4
2025.02.18	02:58:52.386		0.83064			4
2025.02.18	02:58:54.651	0.83064	0.83065			6
2025.02.18	02:58:55.348	0.83063	0.83064			6
2025.02.18	02:59:00.142	0.83063				2
2025.02.18	02:59:01.286		0.83065			4
2025.02.18	02:59:04.141		0.83064			4
2025.02.18	02:59:11.903	0.83062	0.83063			6
2025.02.18	02:59:13.511	0.83061	0.83062			6
2025.02.18	02:59:17.161	0.83062	0.83064			6
2025.02.18	02:59:18.279		0.83063			4
2025.02.18	02:59:20.738		0.83064			4
2025.02.18	02:59:29.061		0.83063			4
2025.02.18	02:59:38.259	0.83061	0.83062			6
2025.02.18	02:59:38.688	0.83062	0.83064			6
2025.02.18	02:59:38.997		0.83063			4
2025.02.18	02:59:47.194		0.83065			4
2025.02.18	02:59:48.981	0.83063	0.83066			6
2025.02.18	02:59:51.739	0.83064	0.83067			6
2025.02.18	02:59:52.092	0.83065				2
2025.02.18	02:59:54.131	0.83066				2
2025.02.18	02:59:54.523	0.83065	0.83068			6
2025.02.18	02:59:56.487		0.83067			4
2025.02.18	03:00:00.374	0.83066				2
2025.02.18	03:00:01.166	0.83065				2
2025.02.18	03:00:01.488	0.83066	0.83068			6
2025.02.18	03:00:02.027	0.83065				2
2025.02.18	03:00:02.361	0.83066				2
2025.02.18	03:00:03.251	0.83064	0.83067			6
2025.02.18	03:00:03.555		0.83066			4
2025.02.18	03:00:03.873	0.83063				2
2025.02.18	03:00:04.496	0.83065	0.83067			6
2025.02.18	03:00:04.977	0.83064				2
2025.02.18	03:00:05.628		0.83066			4
2025.02.18	03:00:06.821	0.83065	0.83067			6
2025.02.18	03:00:07.202		0.83068			4
2025.02.18	03:00:07.825	0.83066				2
2025.02.18	03:00:08.317	0.83065				2
2025.02.18	03:00:10.029	0.83064	0.83067			6
2025.02.18	03:00:12.398		0.83066			4
2025.02.18	03:00:13.615		0.83067			4
2025.02.18	03:00:18.869		0.83066			4
2025.02.18	03:00:19.273	0.83063				2
2025.02.18	03:00:19.728	0.83064	0.83067			6
2025.02.18	03:00:20.044	0.83063	0.83066			6
2025.02.18	03:00:20.367	0.83064	0.83067			6
2025.02.18	03:00:30.004	0.83065				2
2025.02.18	03:00:30.420	0.83064	0.83066			6
2025.02.18	03:00:30.786		0.83067			4
2025.02.18	03:00:31.430		0.83066			4
2025.02.18	03:00:31.733		0.83067			4
2025.02.18	03:00:32.062		0.83066			4
2025.02.18	03:00:32.544	0.83065				2
2025.02.18	03:00:33.233		0.83067			4
2025.02.18	03:00:33.736	0.83064	0.83066			6
2025.02.18	03:00:34.321	0.83065				2
2025.02.18	03:00:35.157	0.83064				2
2025.02.18	03:00:35.634	0.83065	0.83067			6
2025.02.18	03:00:36.737	0.83064				2
2025.02.18	03:00:38.192	0.83065				2
2025.02.18	03:00:40.475		0.83068			4
2025.02.18	03:00:41.637	0.83064				2
2025.02.18	03:00:42.084	0.83065				2
2025.02.18	03:00:42.468	0.83064				2
2025.02.18	03:00:43.924	0.83065				2
2025.02.18	03:00:48.440	0.83066	0.83067			6
2025.02.18	03:00:50.090	0.83065	0.83066			6
2025.02.18	03:00:50.402	0.83063				2
2025.02.18	03:00:50.988	0.83065	0.83068			6
2025.02.18	03:00:51.880		0.83069			4
2025.02.18	03:00:54.167		0.83068			4
2025.02.18	03:00:58.914		0.83067			4
2025.02.18	03:00:59.543	0.83066				2
2025.02.18	03:00:59.869	0.83065	0.83068			6
2025.02.18	03:01:00.178	0.83065				2
2025.02.18	03:01:02.046	0.83066				2
2025.02.18	03:01:03.708		0.83069			4
2025.02.18	03:01:10.689	0.83068	0.83071			6
2025.02.18	03:01:11.387	0.83069				2
2025.02.18	03:01:13.381	0.83068	0.83070			6
2025.02.18	03:01:13.685		0.83071			4
2025.02.18	03:01:14.766	0.83067	0.83070			6
2025.02.18	03:01:17.897	0.83068				2
2025.02.18	03:01:18.369	0.83069				2
2025.02.18	03:01:18.727	0.83067				2
2025.02.18	03:01:20.198	0.83068				2
2025.02.18	03:01:25.342	0.83067				2
