<DATE>	<TIME>	<BID>	<ASK>	<LAST>	<VOLUME>	<FLAGS>
2025.06.18	00:03:31.143	0.85375	0.85588			6
2025.06.18	00:04:00.878	0.85375				2
2025.06.18	00:04:32.149		0.85588			4
2025.06.18	00:05:00.378	0.85438				2
2025.06.18	00:05:12.777		0.85565			4
2025.06.18	00:05:27.276	0.85444				2
2025.06.18	00:06:00.355	0.85443				2
2025.06.18	00:06:12.777		0.85566			4
2025.06.18	00:06:46.908	0.85442				2
2025.06.18	00:07:07.530	0.85442				2
2025.06.18	00:07:13.672		0.85566			4
2025.06.18	00:08:00.550	0.85442				2
2025.06.18	00:08:13.775		0.85566			4
2025.06.18	00:09:03.783	0.85442				2
2025.06.18	00:09:13.997		0.85566			4
2025.06.18	00:10:00.336	0.85490				2
2025.06.18	00:10:04.378	0.85489				2
2025.06.18	00:10:06.672		0.85606			4
2025.06.18	00:10:07.474		0.85566			4
2025.06.18	00:10:08.110	0.85493				2
2025.06.18	00:10:08.537	0.85492				2
2025.06.18	00:10:08.926	0.85491				2
2025.06.18	00:10:11.796	0.85488	0.85592			6
2025.06.18	00:10:12.431		0.85593			4
2025.06.18	00:10:13.339		0.85592			4
2025.06.18	00:10:22.426	0.85490	0.85593			6
2025.06.18	00:10:23.035	0.85488	0.85592			6
2025.06.18	00:10:23.943	0.85490	0.85593			6
2025.06.18	00:10:24.853	0.85488	0.85592			6
2025.06.18	00:10:26.064	0.85490	0.85593			6
2025.06.18	00:10:49.994		0.85592			4
2025.06.18	00:10:52.721	0.85426	0.85581			6
2025.06.18	00:10:54.385	0.85420				2
2025.06.18	00:10:57.772	0.85490	0.85592			6
2025.06.18	00:10:58.377	0.85420	0.85581			6
2025.06.18	00:11:01.339	0.85420				2
2025.06.18	00:11:04.891	0.85491	0.85592			6
2025.06.18	00:11:05.496	0.85420	0.85581			6
2025.06.18	00:11:09.132	0.85413				2
2025.06.18	00:11:11.747	0.85491	0.85592			6
2025.06.18	00:11:12.364	0.85413	0.85581			6
2025.06.18	00:11:18.464	0.85491	0.85592			6
2025.06.18	00:11:19.388	0.85413	0.85581			6
2025.06.18	00:11:25.673	0.85491	0.85592			6
2025.06.18	00:11:26.305	0.85413	0.85581			6
2025.06.18	00:12:04.134	0.85413				2
2025.06.18	00:12:28.040		0.85581			4
2025.06.18	00:13:00.361	0.85413				2
2025.06.18	00:13:28.470		0.85581			4
2025.06.18	00:14:00.355	0.85413				2
2025.06.18	00:14:29.845		0.85581			4
2025.06.18	00:15:00.460	0.85413				2
2025.06.18	00:15:02.257	0.85434				2
2025.06.18	00:15:30.353		0.85581			4
2025.06.18	00:16:00.673	0.85434				2
2025.06.18	00:16:30.434		0.85581			4
2025.06.18	00:17:00.077	0.85434				2
2025.06.18	00:17:06.213	0.85462	0.85578			6
2025.06.18	00:17:08.126		0.85572			4
2025.06.18	00:17:17.394	0.85469				2
2025.06.18	00:17:21.741		0.85571			4
2025.06.18	00:17:22.906	0.85434	0.85567			6
2025.06.18	00:17:25.092		0.85566			4
2025.06.18	00:17:26.142	0.85453	0.85567			6
2025.06.18	00:17:27.330		0.85568			4
2025.06.18	00:17:28.832	0.85460				2
2025.06.18	00:17:34.101	0.85465	0.85569			6
2025.06.18	00:17:37.772	0.85461	0.85568			6
2025.06.18	00:17:38.839		0.85567			4
2025.06.18	00:17:42.374	0.85413	0.85565			6
2025.06.18	00:17:44.094	0.85431				2
2025.06.18	00:17:45.416		0.85564			4
2025.06.18	00:17:49.724	0.85422				2
2025.06.18	00:18:05.539	0.85422	0.85563			6
2025.06.18	00:18:14.259	0.85423	0.85560			6
2025.06.18	00:18:23.184	0.85440				2
2025.06.18	00:18:26.062	0.85441	0.85558			6
2025.06.18	00:18:27.187	0.85431				2
2025.06.18	00:18:38.347		0.85557			4
2025.06.18	00:19:01.012	0.85431				2
2025.06.18	00:19:07.246		0.85556			4
2025.06.18	00:19:45.154		0.85555			4
2025.06.18	00:20:00.193	0.85432	0.85554			6
2025.06.18	00:20:01.271	0.85437				2
2025.06.18	00:20:02.981	0.85432				2
2025.06.18	00:20:04.025	0.85438				2
2025.06.18	00:20:04.646	0.85432				2
2025.06.18	00:20:07.103	0.85437				2
2025.06.18	00:20:08.103	0.85432				2
2025.06.18	00:20:14.077	0.85433				2
2025.06.18	00:20:16.380		0.85553			4
2025.06.18	00:20:18.104	0.85432				2
2025.06.18	00:20:21.114		0.85554			4
2025.06.18	00:20:24.121	0.85422				2
2025.06.18	00:20:25.339		0.85553			4
2025.06.18	00:20:33.771	0.85432				2
2025.06.18	00:20:50.570	0.85438				2
2025.06.18	00:20:50.878	0.85432				2
2025.06.18	00:20:55.767	0.85437				2
2025.06.18	00:20:56.108	0.85440				2
2025.06.18	00:20:57.104	0.85435				2
2025.06.18	00:20:58.110	0.85432				2
2025.06.18	00:20:59.112	0.85435				2
2025.06.18	00:21:01.117	0.85435				2
2025.06.18	00:21:03.111	0.85432				2
2025.06.18	00:21:08.221		0.85552			4
2025.06.18	00:21:10.340		0.85553			4
2025.06.18	00:21:12.487		0.85552			4
2025.06.18	00:21:35.252	0.85420				2
2025.06.18	00:21:37.088	0.85431				2
2025.06.18	00:21:38.116	0.85438				2
2025.06.18	00:21:39.428	0.85453	0.85553			6
2025.06.18	00:21:52.156		0.85552			4
2025.06.18	00:21:55.648	0.85448	0.85547			6
2025.06.18	00:22:00.159	0.85448				2
2025.06.18	00:22:09.459		0.85546			4
2025.06.18	00:22:18.846	0.85447	0.85524			6
2025.06.18	00:22:27.113	0.85444				2
2025.06.18	00:22:32.111		0.85522			4
2025.06.18	00:22:37.383	0.85445				2
2025.06.18	00:22:44.989	0.85452				2
2025.06.18	00:22:49.523	0.85445				2
2025.06.18	00:22:49.991	0.85446				2
2025.06.18	00:23:01.598	0.85453	0.85520			6
2025.06.18	00:23:02.017	0.85452				2
2025.06.18	00:23:05.742	0.85455	0.85525			6
2025.06.18	00:23:06.058	0.85454				2
2025.06.18	00:23:13.339	0.85455				2
2025.06.18	00:23:26.043	0.85453				2
2025.06.18	00:23:45.557	0.85471				2
2025.06.18	00:23:51.334	0.85464				2
2025.06.18	00:23:58.957	0.85474	0.85529			6
2025.06.18	00:24:00.361	0.85474				2
2025.06.18	00:24:03.140	0.85475				2
2025.06.18	00:24:10.476	0.85474				2
2025.06.18	00:24:12.672	0.85473				2
2025.06.18	00:24:36.477	0.85472				2
2025.06.18	00:25:00.321	0.85472	0.85529			6
2025.06.18	00:25:16.426	0.85475				2
2025.06.18	00:25:16.894	0.85478				2
2025.06.18	00:25:41.434	0.85479				2
2025.06.18	00:25:43.258	0.85478				2
2025.06.18	00:25:46.723	0.85466				2
2025.06.18	00:25:48.768	0.85468				2
2025.06.18	00:25:49.398	0.85466				2
2025.06.18	00:25:55.529	0.85468				2
2025.06.18	00:26:00.443	0.85468	0.85529			6
2025.06.18	00:26:11.841	0.85469				2
2025.06.18	00:26:17.159	0.85470				2
2025.06.18	00:26:19.938	0.85469				2
2025.06.18	00:26:22.288	0.85466	0.85526			6
2025.06.18	00:26:29.839	0.85467				2
2025.06.18	00:26:38.841	0.85468				2
2025.06.18	00:26:41.320	0.85467				2
2025.06.18	00:26:53.016	0.85468				2
2025.06.18	00:27:00.571	0.85468				2
2025.06.18	00:27:17.240	0.85469				2
2025.06.18	00:27:23.542		0.85526			4
2025.06.18	00:27:42.740	0.85470				2
2025.06.18	00:28:00.569	0.85470				2
2025.06.18	00:28:17.240	0.85471				2
2025.06.18	00:28:23.838		0.85526			4
2025.06.18	00:28:55.646	0.85472				2
2025.06.18	00:29:02.831	0.85472				2
2025.06.18	00:29:24.737		0.85526			4
2025.06.18	00:29:51.739	0.85473				2
2025.06.18	00:30:00.380	0.85472				2
2025.06.18	00:30:02.665	0.85473				2
2025.06.18	00:30:28.041		0.85526			4
2025.06.18	00:30:47.239	0.85474				2
2025.06.18	00:30:50.468		0.85529			4
2025.06.18	00:30:57.678	0.85473				2
2025.06.18	00:31:00.439	0.85473				2
2025.06.18	00:31:23.241	0.85474				2
2025.06.18	00:31:50.470		0.85529			4
2025.06.18	00:32:00.572	0.85474				2
2025.06.18	00:32:10.505	0.85475				2
2025.06.18	00:32:18.403	0.85469	0.85525			6
2025.06.18	00:32:28.640	0.85470				2
2025.06.18	00:32:38.974	0.85461				2
2025.06.18	00:32:41.662	0.85459	0.85521			6
2025.06.18	00:33:02.134	0.85459				2
2025.06.18	00:33:29.477	0.85463				2
2025.06.18	00:33:42.127		0.85521			4
2025.06.18	00:34:00.138	0.85463				2
2025.06.18	00:34:21.700	0.85472				2
2025.06.18	00:34:45.714		0.85521			4
2025.06.18	00:34:49.350		0.85522			4
2025.06.18	00:35:00.570	0.85472				2
2025.06.18	00:35:03.490	0.85470				2
2025.06.18	00:35:36.318	0.85471	0.85521			6
2025.06.18	00:35:41.076	0.85462	0.85518			6
2025.06.18	00:36:00.379	0.85462				2
2025.06.18	00:36:14.485	0.85460				2
2025.06.18	00:36:36.929		0.85519			4
2025.06.18	00:36:53.539		0.85518			4
2025.06.18	00:36:59.655	0.85472	0.85519			6
2025.06.18	00:37:00.127	0.85472				2
2025.06.18	00:37:34.959	0.85471				2
2025.06.18	00:38:01.342	0.85471	0.85519			6
2025.06.18	00:38:06.962		0.85518			4
2025.06.18	00:38:07.956	0.85470				2
2025.06.18	00:38:36.141	0.85469				2
2025.06.18	00:38:39.442	0.85470				2
2025.06.18	00:38:43.963	0.85468	0.85517			6
2025.06.18	00:38:51.965	0.85465	0.85513			6
2025.06.18	00:39:00.149	0.85466	0.85514			6
2025.06.18	00:39:21.997	0.85465				2
2025.06.18	00:39:32.477	0.85466				2
2025.06.18	00:39:33.440	0.85465				2
2025.06.18	00:39:34.005	0.85464				2
2025.06.18	00:39:34.356	0.85463				2
2025.06.18	00:39:38.094	0.85464				2
2025.06.18	00:39:43.342	0.85463				2
2025.06.18	00:39:47.066	0.85464				2
2025.06.18	00:39:49.354	0.85465				2
2025.06.18	00:39:55.717	0.85466				2
2025.06.18	00:39:56.419		0.85518			4
2025.06.18	00:39:56.774	0.85468				2
2025.06.18	00:40:00.141	0.85469				2
2025.06.18	00:40:06.446	0.85468				2
2025.06.18	00:40:08.790	0.85464	0.85515			6
2025.06.18	00:40:11.440	0.85465				2
2025.06.18	00:40:12.699	0.85464				2
2025.06.18	00:40:15.599	0.85465				2
2025.06.18	00:40:16.597	0.85464				2
2025.06.18	00:40:49.604	0.85465				2
2025.06.18	00:40:52.020	0.85464				2
2025.06.18	00:40:59.541	0.85468				2
2025.06.18	00:41:00.401	0.85468				2
2025.06.18	00:41:08.895		0.85515			4
2025.06.18	00:41:11.904	0.85467				2
2025.06.18	00:41:13.584	0.85468				2
2025.06.18	00:41:15.552	0.85467				2
2025.06.18	00:41:17.351	0.85468				2
2025.06.18	00:41:26.492	0.85467				2
2025.06.18	00:41:28.938	0.85468				2
2025.06.18	00:41:34.608	0.85467				2
2025.06.18	00:41:43.217	0.85468				2
2025.06.18	00:42:00.498	0.85482	0.85525			6
2025.06.18	00:42:00.881	0.85487				2
2025.06.18	00:42:11.222	0.85478	0.85526			6
2025.06.18	00:42:12.069	0.85475				2
2025.06.18	00:42:50.611	0.85478				2
2025.06.18	00:43:00.144	0.85478				2
2025.06.18	00:43:09.327	0.85479	0.85530			6
2025.06.18	00:43:09.710	0.85480				2
2025.06.18	00:43:39.626	0.85481				2
2025.06.18	00:43:43.557	0.85479				2
2025.06.18	00:43:45.289		0.85532			4
2025.06.18	00:43:55.030	0.85481				2
2025.06.18	00:43:59.325	0.85475				2
2025.06.18	00:44:00.230	0.85474	0.85531			6
2025.06.18	00:44:01.744	0.85481	0.85532			6
2025.06.18	00:44:14.458	0.85484				2
2025.06.18	00:44:15.646	0.85481				2
2025.06.18	00:44:32.548	0.85478	0.85530			6
2025.06.18	00:44:33.457	0.85476	0.85528			6
2025.06.18	00:44:36.077	0.85478				2
2025.06.18	00:44:36.378	0.85474				2
2025.06.18	00:45:00.569	0.85474				2
2025.06.18	00:45:02.130	0.85471				2
2025.06.18	00:45:04.584	0.85474				2
2025.06.18	00:45:09.113	0.85486	0.85516			6
2025.06.18	00:45:33.459		0.85515			4
2025.06.18	00:46:02.130	0.85486				2
2025.06.18	00:46:38.990		0.85515			4
2025.06.18	00:47:00.571	0.85486				2
2025.06.18	00:47:02.221	0.85483	0.85516			6
2025.06.18	00:47:04.681	0.85486	0.85515			6
2025.06.18	00:47:21.381	0.85485				2
2025.06.18	00:48:00.571	0.85485				2
2025.06.18	00:48:10.574		0.85515			4
2025.06.18	00:48:16.386	0.85486	0.85516			6
2025.06.18	00:49:00.573	0.85486				2
2025.06.18	00:49:09.871	0.85483	0.85513			6
2025.06.18	00:49:11.908	0.85452	0.85506			6
2025.06.18	00:49:12.226	0.85460	0.85508			6
2025.06.18	00:49:12.908		0.85509			4
2025.06.18	00:49:15.305	0.85445				2
2025.06.18	00:49:16.640		0.85508			4
2025.06.18	00:49:23.626		0.85509			4
2025.06.18	00:49:26.258		0.85508			4
2025.06.18	00:49:27.255		0.85509			4
2025.06.18	00:49:29.418		0.85508			4
2025.06.18	00:49:29.729		0.85509			4
2025.06.18	00:49:30.558		0.85508			4
2025.06.18	00:49:33.689		0.85509			4
2025.06.18	00:49:53.898		0.85510			4
2025.06.18	00:49:59.253		0.85509			4
2025.06.18	00:50:01.868	0.85445	0.85510			6
2025.06.18	00:50:04.968		0.85509			4
2025.06.18	00:50:18.439	0.85442	0.85499			6
2025.06.18	00:50:19.223	0.85443	0.85498			6
2025.06.18	00:50:19.644	0.85439	0.85502			6
2025.06.18	00:50:20.544	0.85438	0.85503			6
2025.06.18	00:50:21.218	0.85440	0.85501			6
2025.06.18	00:50:23.228	0.85442	0.85500			6
2025.06.18	00:50:23.853	0.85440	0.85502			6
2025.06.18	00:50:24.229	0.85442	0.85500			6
2025.06.18	00:50:24.570	0.85441				2
2025.06.18	00:50:26.227	0.85440	0.85501			6
2025.06.18	00:50:27.297		0.85502			4
2025.06.18	00:50:28.941		0.85501			4
2025.06.18	00:50:29.290	0.85439	0.85503			6
2025.06.18	00:50:31.952	0.85438	0.85504			6
2025.06.18	00:50:33.763	0.85429	0.85509			6
2025.06.18	00:50:34.815	0.85428				2
2025.06.18	00:50:35.693	0.85444				2
2025.06.18	00:50:36.221		0.85497			4
2025.06.18	00:50:45.347		0.85498			4
2025.06.18	00:51:00.481	0.85444				2
2025.06.18	00:51:06.397		0.85496			4
2025.06.18	00:51:08.675	0.85445	0.85485			6
2025.06.18	00:51:08.981		0.85483			4
2025.06.18	00:51:10.572		0.85482			4
2025.06.18	00:51:26.526		0.85484			4
2025.06.18	00:51:40.400		0.85482			4
2025.06.18	00:51:55.807		0.85492			4
2025.06.18	00:51:56.142		0.85493			4
2025.06.18	00:52:00.337	0.85445	0.85479			6
2025.06.18	00:52:04.307	0.85453				2
2025.06.18	00:52:05.075	0.85445				2
2025.06.18	00:52:05.383		0.85478			4
2025.06.18	00:52:06.310	0.85465				2
2025.06.18	00:52:30.337		0.85477			4
2025.06.18	00:52:40.569		0.85478			4
2025.06.18	00:52:51.514		0.85476			4
2025.06.18	00:52:58.062	0.85454				2
2025.06.18	00:53:00.333	0.85454				2
2025.06.18	00:53:14.368	0.85452				2
2025.06.18	00:53:15.305	0.85456				2
2025.06.18	00:53:41.685		0.85474			4
2025.06.18	00:53:42.032	0.85454				2
2025.06.18	00:53:46.662	0.85453				2
2025.06.18	00:53:47.189	0.85457				2
2025.06.18	00:53:54.306	0.85460				2
2025.06.18	00:53:58.712	0.85453	0.85473			6
2025.06.18	00:54:00.284	0.85454				2
2025.06.18	00:54:02.840	0.85453				2
2025.06.18	00:54:03.422	0.85454				2
2025.06.18	00:54:06.819	0.85456	0.85474			6
2025.06.18	00:54:10.304	0.85453				2
2025.06.18	00:54:10.696	0.85454				2
2025.06.18	00:54:15.173	0.85452	0.85468			6
2025.06.18	00:54:15.494	0.85462	0.85488			6
2025.06.18	00:54:15.800	0.85456	0.85486			6
2025.06.18	00:54:16.354	0.85461	0.85491			6
2025.06.18	00:54:16.659	0.85462	0.85486			6
2025.06.18	00:54:46.117		0.85483			4
2025.06.18	00:54:56.651		0.85480			4
2025.06.18	00:55:00.688	0.85462				2
2025.06.18	00:55:06.314	0.85455	0.85477			6
2025.06.18	00:55:12.550	0.85450	0.85475			6
2025.06.18	00:55:21.988		0.85474			4
2025.06.18	00:55:22.837	0.85439	0.85464			6
2025.06.18	00:55:23.142	0.85449	0.85474			6
2025.06.18	00:55:25.223	0.85453				2
2025.06.18	00:55:26.303	0.85449				2
2025.06.18	00:55:33.891		0.85473			4
2025.06.18	00:55:38.539	0.85450				2
2025.06.18	00:55:38.843	0.85449				2
2025.06.18	00:55:39.305	0.85452				2
2025.06.18	00:55:40.948		0.85472			4
2025.06.18	00:55:41.376		0.85473			4
2025.06.18	00:55:43.275		0.85474			4
2025.06.18	00:55:44.843		0.85479			4
2025.06.18	00:55:45.175	0.85462	0.85492			6
2025.06.18	00:55:47.103	0.85452				2
2025.06.18	00:55:55.026	0.85460				2
2025.06.18	00:55:56.304	0.85452				2
2025.06.18	00:56:00.377	0.85452				2
2025.06.18	00:56:13.020	0.85445				2
2025.06.18	00:56:16.304	0.85449				2
2025.06.18	00:56:23.377		0.85491			4
2025.06.18	00:56:46.354	0.85452				2
2025.06.18	00:56:54.216	0.85457				2
2025.06.18	00:56:57.707	0.85465				2
2025.06.18	00:57:00.572	0.85465				2
2025.06.18	00:57:01.199	0.85452				2
2025.06.18	00:57:06.172	0.85456	0.85493			6
2025.06.18	00:57:08.790	0.85455				2
2025.06.18	00:57:10.108	0.85454				2
2025.06.18	00:57:11.813	0.85455				2
2025.06.18	00:57:12.251	0.85454				2
2025.06.18	00:57:12.793	0.85452				2
2025.06.18	00:57:13.794	0.85454				2
2025.06.18	00:57:25.511	0.85466	0.85506			6
2025.06.18	00:57:43.500	0.85468	0.85510			6
2025.06.18	00:57:44.167		0.85504			4
2025.06.18	00:57:45.305		0.85510			4
2025.06.18	00:58:00.427	0.85468				2
2025.06.18	00:58:22.305		0.85504			4
2025.06.18	00:58:23.303		0.85510			4
2025.06.18	00:58:30.476	0.85463	0.85498			6
2025.06.18	00:58:30.778	0.85469	0.85510			6
2025.06.18	00:58:38.840	0.85463	0.85498			6
2025.06.18	00:58:39.167	0.85472	0.85510			6
2025.06.18	00:58:41.841	0.85473				2
2025.06.18	00:58:43.026	0.85472				2
2025.06.18	00:58:48.797	0.85471	0.85501			6
2025.06.18	00:58:49.098	0.85476	0.85510			6
2025.06.18	00:58:59.305	0.85505	0.85530			6
2025.06.18	00:59:00.244	0.85505				2
2025.06.18	00:59:01.307	0.85489				2
2025.06.18	00:59:11.308	0.85495				2
2025.06.18	00:59:11.618	0.85491				2
2025.06.18	00:59:12.304	0.85494				2
2025.06.18	00:59:13.250	0.85482				2
2025.06.18	00:59:13.927	0.85483				2
2025.06.18	00:59:14.260	0.85484				2
2025.06.18	00:59:15.199	0.85483				2
2025.06.18	00:59:15.547		0.85525			4
2025.06.18	00:59:17.243	0.85493				2
2025.06.18	00:59:19.307	0.85483				2
2025.06.18	00:59:20.059	0.85487				2
2025.06.18	00:59:21.253	0.85488				2
2025.06.18	00:59:23.238	0.85489				2
2025.06.18	00:59:27.251	0.85490				2
2025.06.18	00:59:28.974	0.85491				2
2025.06.18	00:59:33.446	0.85490				2
2025.06.18	00:59:35.005	0.85491				2
2025.06.18	00:59:37.153	0.85490				2
2025.06.18	00:59:40.641	0.85491				2
2025.06.18	00:59:43.710	0.85492				2
2025.06.18	00:59:47.840	0.85488				2
2025.06.18	00:59:48.253	0.85487				2
2025.06.18	00:59:53.362	0.85495	0.85522			6
2025.06.18	00:59:57.434	0.85483	0.85532			6
2025.06.18	00:59:57.975	0.85481				2
2025.06.18	00:59:58.279	0.85444	0.85572			6
2025.06.18	01:00:00.314	0.85415				2
2025.06.18	01:00:00.619	0.85451	0.85562			6
2025.06.18	01:00:00.922	0.85467	0.85583			6
2025.06.18	01:00:01.224	0.85452	0.85595			6
2025.06.18	01:00:01.528	0.85459	0.85588			6
2025.06.18	01:00:02.517	0.85492	0.85572			6
2025.06.18	01:00:02.861	0.85494	0.85570			6
2025.06.18	01:00:03.163	0.85496	0.85587			6
2025.06.18	01:00:03.463	0.85493	0.85585			6
2025.06.18	01:00:03.769	0.85495	0.85590			6
2025.06.18	01:00:04.070	0.85507	0.85584			6
2025.06.18	01:00:04.373	0.85509	0.85585			6
2025.06.18	01:00:04.981	0.85504	0.85583			6
2025.06.18	01:00:05.453	0.85492	0.85580			6
2025.06.18	01:00:05.760	0.85494	0.85587			6
2025.06.18	01:00:06.065		0.85583			4
2025.06.18	01:00:06.371		0.85584			4
2025.06.18	01:00:06.718	0.85504	0.85583			6
2025.06.18	01:00:07.018	0.85512	0.85589			6
2025.06.18	01:00:07.328	0.85505	0.85585			6
2025.06.18	01:00:08.072		0.85582			4
2025.06.18	01:00:09.038	0.85502	0.85581			6
2025.06.18	01:00:09.384	0.85507	0.85582			6
2025.06.18	01:00:10.303	0.85508				2
2025.06.18	01:00:10.617	0.85495	0.85575			6
2025.06.18	01:00:10.920	0.85492	0.85570			6
2025.06.18	01:00:11.225	0.85501	0.85563			6
2025.06.18	01:00:11.911	0.85500				2
2025.06.18	01:00:13.494	0.85499	0.85564			6
2025.06.18	01:00:14.098	0.85500				2
2025.06.18	01:00:14.615	0.85499				2
2025.06.18	01:00:15.122	0.85504				2
2025.06.18	01:00:15.423	0.85503				2
2025.06.18	01:00:15.740	0.85498	0.85568			6
2025.06.18	01:00:16.239	0.85504	0.85563			6
2025.06.18	01:00:16.541	0.85502	0.85568			6
2025.06.18	01:00:17.306	0.85507				2
2025.06.18	01:00:17.619	0.85503				2
2025.06.18	01:00:18.238	0.85507	0.85566			6
2025.06.18	01:00:18.942	0.85511	0.85570			6
2025.06.18	01:00:19.373	0.85510	0.85569			6
2025.06.18	01:00:19.714	0.85506	0.85564			6
2025.06.18	01:00:20.018	0.85507				2
2025.06.18	01:00:20.655	0.85515				2
2025.06.18	01:00:20.959	0.85512				2
2025.06.18	01:00:21.269	0.85513				2
2025.06.18	01:00:22.153	0.85509	0.85558			6
2025.06.18	01:00:22.460		0.85563			4
2025.06.18	01:00:22.870	0.85510				2
2025.06.18	01:00:23.174	0.85513				2
2025.06.18	01:00:25.248	0.85514				2
2025.06.18	01:00:26.726	0.85515				2
2025.06.18	01:00:27.397	0.85511	0.85561			6
2025.06.18	01:00:27.700	0.85510				2
2025.06.18	01:00:28.107	0.85507	0.85563			6
2025.06.18	01:00:28.756	0.85508				2
2025.06.18	01:00:29.058	0.85511				2
2025.06.18	01:00:29.642	0.85513				2
2025.06.18	01:00:29.949	0.85500	0.85561			6
2025.06.18	01:00:30.274	0.85501	0.85553			6
2025.06.18	01:00:30.579	0.85498				2
2025.06.18	01:00:32.423	0.85499				2
2025.06.18	01:00:34.664	0.85504	0.85552			6
2025.06.18	01:00:37.082		0.85551			4
2025.06.18	01:00:37.701	0.85501				2
2025.06.18	01:00:38.016	0.85499	0.85552			6
2025.06.18	01:00:39.590		0.85551			4
2025.06.18	01:00:42.419	0.85504	0.85548			6
2025.06.18	01:00:45.107	0.85501	0.85546			6
2025.06.18	01:00:45.460	0.85500				2
2025.06.18	01:00:47.415	0.85499				2
2025.06.18	01:00:49.948	0.85504	0.85548			6
2025.06.18	01:00:52.441	0.85503	0.85544			6
2025.06.18	01:00:52.746	0.85504				2
2025.06.18	01:00:53.077	0.85506	0.85546			6
2025.06.18	01:00:53.437	0.85499				2
2025.06.18	01:01:00.091	0.85502				2
2025.06.18	01:01:00.396	0.85499				2
2025.06.18	01:01:00.701	0.85500	0.85545			6
2025.06.18	01:01:01.003	0.85499	0.85543			6
2025.06.18	01:01:01.327	0.85497				2
2025.06.18	01:01:01.717	0.85501	0.85540			6
2025.06.18	01:01:02.337	0.85497	0.85536			6
2025.06.18	01:01:02.804	0.85498				2
2025.06.18	01:01:03.130	0.85499				2
2025.06.18	01:01:03.968		0.85540			4
2025.06.18	01:01:04.384	0.85501	0.85538			6
2025.06.18	01:01:05.633	0.85502				2
2025.06.18	01:01:06.029	0.85503				2
2025.06.18	01:01:06.374		0.85540			4
2025.06.18	01:01:06.675	0.85502	0.85538			6
2025.06.18	01:01:08.000	0.85505	0.85542			6
2025.06.18	01:01:08.763	0.85502	0.85539			6
2025.06.18	01:01:09.081	0.85504	0.85542			6
2025.06.18	01:01:09.770		0.85541			4
2025.06.18	01:01:10.530	0.85505	0.85542			6
2025.06.18	01:01:12.399	0.85504				2
2025.06.18	01:01:13.803		0.85535			4
2025.06.18	01:01:14.106	0.85503	0.85532			6
2025.06.18	01:01:14.744	0.85505	0.85542			6
2025.06.18	01:01:15.323	0.85506				2
2025.06.18	01:01:16.529		0.85541			4
2025.06.18	01:01:18.591	0.85505	0.85540			6
2025.06.18	01:01:18.894	0.85508	0.85542			6
2025.06.18	01:01:20.354	0.85506				2
2025.06.18	01:01:23.450	0.85507	0.85540			6
2025.06.18	01:01:23.981	0.85503				2
2025.06.18	01:01:24.287	0.85504	0.85542			6
2025.06.18	01:01:24.599	0.85499	0.85543			6
2025.06.18	01:01:25.725	0.85508				2
2025.06.18	01:01:26.259	0.85505	0.85540			6
2025.06.18	01:01:26.563	0.85506	0.85541			6
2025.06.18	01:01:26.899	0.85507	0.85536			6
2025.06.18	01:01:27.204	0.85505	0.85542			6
2025.06.18	01:01:27.506	0.85504	0.85540			6
2025.06.18	01:01:27.859	0.85499	0.85541			6
2025.06.18	01:01:28.924	0.85501	0.85540			6
2025.06.18	01:01:30.009	0.85504	0.85539			6
2025.06.18	01:01:30.354	0.85501	0.85541			6
2025.06.18	01:01:30.661	0.85508				2
2025.06.18	01:01:31.653	0.85501	0.85540			6
2025.06.18	01:01:31.975	0.85500				2
2025.06.18	01:01:32.452	0.85501	0.85541			6
2025.06.18	01:01:32.822		0.85540			4
2025.06.18	01:01:33.125	0.85499				2
2025.06.18	01:01:33.607		0.85539			4
2025.06.18	01:01:35.637	0.85504				2
2025.06.18	01:01:35.940	0.85499				2
2025.06.18	01:01:38.938	0.85506	0.85541			6
2025.06.18	01:01:39.366	0.85499				2
2025.06.18	01:01:40.067	0.85503				2
2025.06.18	01:01:41.267	0.85499				2
2025.06.18	01:01:42.093	0.85503				2
2025.06.18	01:01:42.451	0.85499				2
2025.06.18	01:01:43.154	0.85503				2
2025.06.18	01:01:45.022	0.85511	0.85545			6
2025.06.18	01:01:46.161	0.85510	0.85534			6
2025.06.18	01:01:47.031	0.85508	0.85543			6
2025.06.18	01:01:47.649	0.85509				2
2025.06.18	01:01:48.391	0.85504				2
2025.06.18	01:01:52.341	0.85506	0.85541			6
2025.06.18	01:01:52.660	0.85505				2
2025.06.18	01:01:52.963	0.85500				2
2025.06.18	01:01:53.267	0.85506				2
2025.06.18	01:01:53.573	0.85512	0.85537			6
2025.06.18	01:01:53.994	0.85511	0.85536			6
2025.06.18	01:01:54.312		0.85539			4
2025.06.18	01:01:54.872		0.85541			4
2025.06.18	01:01:56.322		0.85537			4
2025.06.18	01:01:57.308	0.85500				2
2025.06.18	01:01:57.630	0.85506	0.85539			6
2025.06.18	01:01:58.350	0.85509				2
2025.06.18	01:02:01.497	0.85509				2
2025.06.18	01:02:01.851	0.85510	0.85540			6
2025.06.18	01:02:02.224	0.85502				2
2025.06.18	01:02:02.535	0.85503	0.85539			6
2025.06.18	01:02:02.839	0.85509	0.85540			6
2025.06.18	01:02:07.067		0.85538			4
2025.06.18	01:02:12.127	0.85508				2
2025.06.18	01:02:13.216		0.85534			4
2025.06.18	01:02:15.618	0.85510				2
2025.06.18	01:02:16.088	0.85508				2
2025.06.18	01:02:17.941	0.85509				2
2025.06.18	01:02:20.271	0.85505	0.85533			6
2025.06.18	01:02:22.351		0.85532			4
2025.06.18	01:02:23.842	0.85506				2
2025.06.18	01:02:25.896		0.85533			4
2025.06.18	01:02:26.359	0.85505	0.85536			6
2025.06.18	01:02:27.007	0.85507				2
2025.06.18	01:02:27.373	0.85506				2
2025.06.18	01:02:27.826	0.85507				2
2025.06.18	01:02:28.290	0.85506				2
2025.06.18	01:02:28.623	0.85503				2
2025.06.18	01:02:28.935	0.85512				2
2025.06.18	01:02:29.254	0.85509				2
2025.06.18	01:02:29.592	0.85507				2
2025.06.18	01:02:30.440	0.85508				2
2025.06.18	01:02:31.789	0.85509	0.85538			6
2025.06.18	01:02:32.231	0.85508				2
2025.06.18	01:02:32.543	0.85507				2
2025.06.18	01:02:35.623	0.85506				2
2025.06.18	01:02:39.900	0.85507				2
2025.06.18	01:02:40.714		0.85539			4
2025.06.18	01:02:42.376	0.85508	0.85538			6
2025.06.18	01:02:43.285	0.85510	0.85532			6
2025.06.18	01:02:43.971	0.85507				2
2025.06.18	01:02:44.338	0.85510				2
2025.06.18	01:02:46.196	0.85508				2
2025.06.18	01:02:47.168	0.85512	0.85534			6
2025.06.18	01:02:48.355	0.85510	0.85532			6
2025.06.18	01:02:48.673		0.85534			4
2025.06.18	01:02:51.867	0.85509				2
2025.06.18	01:02:52.372	0.85508	0.85529			6
2025.06.18	01:02:52.718	0.85510	0.85536			6
2025.06.18	01:02:55.376	0.85509				2
2025.06.18	01:02:56.374	0.85505	0.85531			6
2025.06.18	01:02:56.679	0.85508	0.85530			6
2025.06.18	01:02:56.980	0.85512	0.85536			6
2025.06.18	01:02:57.292	0.85511				2
2025.06.18	01:02:57.942		0.85535			4
2025.06.18	01:02:58.260		0.85536			4
2025.06.18	01:02:58.565	0.85512				2
2025.06.18	01:02:58.879	0.85510				2
2025.06.18	01:03:00.418	0.85516				2
2025.06.18	01:03:01.157	0.85517				2
2025.06.18	01:03:01.586	0.85516				2
2025.06.18	01:03:02.239		0.85538			4
2025.06.18	01:03:03.342	0.85517				2
2025.06.18	01:03:05.079	0.85516				2
2025.06.18	01:03:05.527	0.85517				2
2025.06.18	01:03:07.689	0.85516				2
2025.06.18	01:03:08.134	0.85517				2
2025.06.18	01:03:08.538	0.85516				2
2025.06.18	01:03:13.339	0.85515				2
2025.06.18	01:03:21.883	0.85512				2
2025.06.18	01:03:23.377	0.85511				2
2025.06.18	01:03:26.359	0.85512				2
2025.06.18	01:03:28.564	0.85513	0.85532			6
2025.06.18	01:03:30.646	0.85515				2
2025.06.18	01:03:31.786	0.85513	0.85533			6
2025.06.18	01:03:32.840	0.85515				2
2025.06.18	01:03:34.429		0.85534			4
2025.06.18	01:03:34.736	0.85512	0.85530			6
2025.06.18	01:03:42.139	0.85513				2
2025.06.18	01:03:45.878	0.85507	0.85525			6
2025.06.18	01:03:46.186	0.85506				2
2025.06.18	01:03:48.138	0.85505				2
2025.06.18	01:03:48.440		0.85527			4
2025.06.18	01:03:51.003	0.85506				2
2025.06.18	01:03:53.823	0.85510				2
2025.06.18	01:04:00.526	0.85510				2
2025.06.18	01:04:00.976	0.85511				2
2025.06.18	01:04:01.583	0.85506	0.85525			6
2025.06.18	01:04:01.913	0.85507				2
2025.06.18	01:04:03.038		0.85526			4
2025.06.18	01:04:11.101	0.85509	0.85524			6
2025.06.18	01:04:12.127	0.85510				2
2025.06.18	01:04:12.788	0.85511	0.85530			6
2025.06.18	01:04:18.774		0.85531			4
2025.06.18	01:04:26.732	0.85510	0.85528			6
2025.06.18	01:04:29.353		0.85527			4
2025.06.18	01:04:30.317		0.85528			4
2025.06.18	01:04:31.338		0.85527			4
2025.06.18	01:04:31.963		0.85529			4
2025.06.18	01:04:34.303	0.85509	0.85528			6
2025.06.18	01:04:39.062		0.85527			4
2025.06.18	01:04:41.240		0.85528			4
2025.06.18	01:04:43.340	0.85510				2
2025.06.18	01:04:59.851	0.85498	0.85513			6
2025.06.18	01:05:00.160	0.85498	0.85515			6
2025.06.18	01:05:00.463	0.85485	0.85502			6
2025.06.18	01:05:00.780	0.85476	0.85496			6
2025.06.18	01:05:01.084	0.85473	0.85494			6
2025.06.18	01:05:01.399	0.85478	0.85497			6
2025.06.18	01:05:01.829	0.85479				2
2025.06.18	01:05:03.034	0.85478				2
2025.06.18	01:05:10.304	0.85479				2
2025.06.18	01:05:12.169		0.85496			4
2025.06.18	01:05:13.017		0.85489			4
2025.06.18	01:05:14.057	0.85476	0.85485			6
2025.06.18	01:05:16.041	0.85475				2
2025.06.18	01:05:19.640	0.85476				2
2025.06.18	01:05:22.303	0.85469	0.85482			6
2025.06.18	01:05:24.739	0.85470				2
2025.06.18	01:05:25.043		0.85483			4
2025.06.18	01:05:26.841	0.85471				2
2025.06.18	01:05:27.452		0.85480			4
2025.06.18	01:05:32.817	0.85470				2
2025.06.18	01:05:33.119	0.85471	0.85483			6
2025.06.18	01:05:33.441	0.85468	0.85482			6
2025.06.18	01:05:37.462	0.85469				2
2025.06.18	01:05:42.178	0.85468				2
2025.06.18	01:05:44.952	0.85467				2
2025.06.18	01:05:51.440	0.85468				2
2025.06.18	01:05:52.487		0.85480			4
2025.06.18	01:05:54.742	0.85467				2
2025.06.18	01:05:57.408	0.85468				2
2025.06.18	01:06:00.114	0.85468				2
2025.06.18	01:06:01.752	0.85469				2
2025.06.18	01:06:02.585	0.85473	0.85482			6
2025.06.18	01:06:02.909		0.85480			4
2025.06.18	01:06:04.792	0.85472				2
2025.06.18	01:06:05.386	0.85474	0.85483			6
2025.06.18	01:06:11.439	0.85477	0.85486			6
2025.06.18	01:06:16.925	0.85471	0.85480			6
2025.06.18	01:06:17.726		0.85481			4
2025.06.18	01:06:18.609	0.85469	0.85480			6
2025.06.18	01:06:20.696	0.85470				2
2025.06.18	01:06:31.703	0.85471				2
2025.06.18	01:06:34.140	0.85470				2
2025.06.18	01:06:57.427		0.85482			4
2025.06.18	01:07:00.361	0.85469	0.85480			6
2025.06.18	01:07:05.175	0.85470				2
2025.06.18	01:07:22.639	0.85471				2
2025.06.18	01:07:25.431	0.85472	0.85482			6
2025.06.18	01:07:34.643	0.85473				2
2025.06.18	01:07:59.745	0.85475				2
2025.06.18	01:08:00.433	0.85475				2
2025.06.18	01:08:19.372	0.85476				2
2025.06.18	01:08:25.483		0.85482			4
2025.06.18	01:08:33.074	0.85477				2
2025.06.18	01:08:33.707	0.85476				2
2025.06.18	01:08:34.348	0.85477				2
2025.06.18	01:08:35.166		0.85483			4
2025.06.18	01:08:38.680	0.85476				2
2025.06.18	01:08:39.345	0.85477				2
2025.06.18	01:08:45.703	0.85476	0.85482			6
2025.06.18	01:08:46.708	0.85477				2
2025.06.18	01:08:59.708	0.85474	0.85480			6
2025.06.18	01:09:00.152	0.85474				2
2025.06.18	01:09:00.460	0.85473				2
2025.06.18	01:09:00.761	0.85475				2
2025.06.18	01:09:01.678		0.85481			4
2025.06.18	01:09:06.133	0.85474				2
2025.06.18	01:09:06.440	0.85476				2
2025.06.18	01:09:07.203	0.85474				2
2025.06.18	01:09:21.152	0.85475				2
2025.06.18	01:09:21.676	0.85476				2
2025.06.18	01:09:22.406	0.85475				2
2025.06.18	01:09:26.677	0.85476				2
2025.06.18	01:09:27.206	0.85475				2
2025.06.18	01:09:27.626	0.85476				2
2025.06.18	01:09:29.820	0.85477				2
2025.06.18	01:09:30.151		0.85483			4
2025.06.18	01:09:35.706	0.85476				2
2025.06.18	01:09:36.677	0.85477				2
2025.06.18	01:09:39.678	0.85476				2
2025.06.18	01:09:41.205	0.85477				2
2025.06.18	01:09:59.537	0.85474				2
2025.06.18	01:10:00.122	0.85476	0.85480			6
2025.06.18	01:10:00.466	0.85474				2
2025.06.18	01:10:09.499		0.85478			4
2025.06.18	01:10:12.212	0.85473				2
2025.06.18	01:10:13.938	0.85474				2
2025.06.18	01:10:17.206	0.85473				2
2025.06.18	01:10:17.897	0.85474				2
2025.06.18	01:10:19.205	0.85473				2
2025.06.18	01:10:20.060		0.85481			4
2025.06.18	01:10:20.399	0.85477				2
2025.06.18	01:10:31.394	0.85478	0.85483			6
2025.06.18	01:10:32.357	0.85480	0.85486			6
2025.06.18	01:10:32.669	0.85481				2
2025.06.18	01:10:33.676	0.85484				2
2025.06.18	01:10:35.461		0.85488			4
2025.06.18	01:10:35.947		0.85486			4
2025.06.18	01:10:37.207	0.85483				2
2025.06.18	01:10:38.784	0.85481				2
2025.06.18	01:10:54.881	0.85482	0.85485			6
2025.06.18	01:11:00.876	0.85482				2
2025.06.18	01:11:01.429		0.85486			4
2025.06.18	01:11:05.470	0.85483	0.85490			6
2025.06.18	01:11:06.352	0.85484				2
2025.06.18	01:11:08.017	0.85483				2
2025.06.18	01:11:11.573	0.85484				2
2025.06.18	01:11:17.893	0.85483				2
2025.06.18	01:11:18.897	0.85484				2
2025.06.18	01:11:21.769	0.85485				2
2025.06.18	01:11:22.975	0.85484				2
2025.06.18	01:11:24.076	0.85483	0.85489			6
2025.06.18	01:12:00.446	0.85483				2
2025.06.18	01:12:06.457	0.85486				2
2025.06.18	01:12:11.897	0.85484				2
2025.06.18	01:12:16.007	0.85485				2
2025.06.18	01:12:24.138		0.85489			4
2025.06.18	01:12:30.394	0.85486	0.85490			6
2025.06.18	01:12:30.716		0.85489			4
2025.06.18	01:12:31.712		0.85490			4
2025.06.18	01:12:37.045	0.85487	0.85494			6
2025.06.18	01:12:37.877		0.85493			4
2025.06.18	01:12:38.973	0.85486	0.85491			6
2025.06.18	01:13:00.455	0.85486				2
2025.06.18	01:13:04.198	0.85487	0.85493			6
2025.06.18	01:13:05.641	0.85490	0.85495			6
2025.06.18	01:13:05.943	0.85488	0.85493			6
2025.06.18	01:13:08.539	0.85487				2
2025.06.18	01:13:12.453		0.85496			4
2025.06.18	01:13:12.758		0.85495			4
2025.06.18	01:13:25.937		0.85494			4
2025.06.18	01:13:27.038	0.85488				2
2025.06.18	01:13:38.192	0.85489	0.85496			6
2025.06.18	01:13:43.187		0.85498			4
2025.06.18	01:13:43.879		0.85500			4
2025.06.18	01:13:45.303		0.85498			4
2025.06.18	01:14:05.838	0.85489				2
2025.06.18	01:14:07.433		0.85499			4
2025.06.18	01:14:08.471		0.85500			4
2025.06.18	01:14:20.503		0.85496			4
2025.06.18	01:14:24.441	0.85488				2
2025.06.18	01:14:25.939	0.85489				2
2025.06.18	01:14:38.233	0.85490				2
2025.06.18	01:14:42.048	0.85489	0.85498			6
2025.06.18	01:14:47.400	0.85490				2
2025.06.18	01:14:49.057	0.85489				2
2025.06.18	01:14:52.887	0.85488	0.85496			6
2025.06.18	01:14:58.734		0.85497			4
2025.06.18	01:14:59.068		0.85496			4
2025.06.18	01:15:00.375	0.85489	0.85498			6
2025.06.18	01:15:08.429	0.85486	0.85496			6
2025.06.18	01:15:19.748		0.85494			4
2025.06.18	01:15:22.878	0.85484	0.85493			6
2025.06.18	01:15:26.546	0.85485				2
2025.06.18	01:15:30.355		0.85495			4
2025.06.18	01:15:31.103		0.85493			4
2025.06.18	01:15:35.458	0.85486				2
2025.06.18	01:15:45.249	0.85485				2
2025.06.18	01:15:46.310	0.85486				2
2025.06.18	01:15:57.295	0.85485				2
2025.06.18	01:15:58.697	0.85487	0.85494			6
2025.06.18	01:15:58.998		0.85496			4
2025.06.18	01:16:00.130	0.85487				2
2025.06.18	01:16:05.112	0.85489				2
2025.06.18	01:16:05.896	0.85488				2
2025.06.18	01:16:07.639		0.85495			4
2025.06.18	01:16:09.061		0.85496			4
2025.06.18	01:16:15.545	0.85489	0.85495			6
2025.06.18	01:16:17.371	0.85488				2
2025.06.18	01:16:17.701		0.85497			4
2025.06.18	01:16:18.415		0.85494			4
2025.06.18	01:16:18.774		0.85496			4
2025.06.18	01:16:28.656	0.85489				2
2025.06.18	01:16:30.145		0.85497			4
2025.06.18	01:16:30.663		0.85498			4
2025.06.18	01:16:33.891	0.85487	0.85494			6
2025.06.18	01:16:37.424	0.85486				2
2025.06.18	01:16:37.832		0.85493			4
2025.06.18	01:16:38.535	0.85484	0.85492			6
2025.06.18	01:16:39.067	0.85483				2
2025.06.18	01:16:39.433	0.85484	0.85493			6
2025.06.18	01:16:42.351	0.85485				2
2025.06.18	01:17:00.440	0.85485				2
2025.06.18	01:17:00.974	0.85486				2
2025.06.18	01:17:01.994	0.85487				2
2025.06.18	01:17:11.478		0.85494			4
2025.06.18	01:17:11.845	0.85486	0.85493			6
2025.06.18	01:17:19.744	0.85485				2
2025.06.18	01:17:24.827	0.85486				2
2025.06.18	01:17:30.853	0.85485				2
2025.06.18	01:17:32.241		0.85492			4
2025.06.18	01:17:32.952	0.85486				2
2025.06.18	01:17:38.556	0.85488				2
2025.06.18	01:17:50.851	0.85489				2
2025.06.18	01:18:00.469	0.85489				2
2025.06.18	01:18:07.117	0.85491	0.85497			6
2025.06.18	01:18:07.419	0.85492				2
2025.06.18	01:18:10.373	0.85493				2
2025.06.18	01:18:31.992	0.85491	0.85496			6
2025.06.18	01:18:32.337	0.85492	0.85497			6
2025.06.18	01:18:33.200	0.85493				2
2025.06.18	01:19:00.740	0.85493				2
2025.06.18	01:19:14.933	0.85492				2
2025.06.18	01:19:20.326	0.85491				2
2025.06.18	01:19:33.773	0.85493	0.85497			6
2025.06.18	01:19:34.323	0.85491				2
2025.06.18	01:19:40.039	0.85492				2
2025.06.18	01:19:40.941	0.85491				2
2025.06.18	01:19:48.445	0.85492				2
2025.06.18	01:20:00.140	0.85492				2
2025.06.18	01:20:01.302	0.85493				2
2025.06.18	01:20:03.141	0.85492				2
2025.06.18	01:20:21.439	0.85493				2
2025.06.18	01:20:27.440	0.85492				2
2025.06.18	01:20:30.740	0.85493				2
2025.06.18	01:20:32.288	0.85494	0.85499			6
2025.06.18	01:20:35.170	0.85495				2
2025.06.18	01:20:37.939	0.85494				2
2025.06.18	01:21:00.482	0.85494				2
2025.06.18	01:21:01.042	0.85492	0.85493			6
2025.06.18	01:21:01.348	0.85490				2
2025.06.18	01:21:14.171	0.85492	0.85494			6
2025.06.18	01:21:14.477		0.85495			4
2025.06.18	01:21:14.817		0.85494			4
2025.06.18	01:21:21.908	0.85494	0.85495			6
2025.06.18	01:21:27.007	0.85493				2
2025.06.18	01:21:32.460	0.85491				2
2025.06.18	01:21:39.000	0.85489	0.85494			6
2025.06.18	01:21:47.256	0.85488				2
2025.06.18	01:21:55.577	0.85490	0.85496			6
2025.06.18	01:22:00.361	0.85490				2
2025.06.18	01:22:03.173		0.85497			4
2025.06.18	01:22:13.339	0.85491				2
2025.06.18	01:22:14.953	0.85490	0.85496			6
2025.06.18	01:22:17.591	0.85491	0.85497			6
2025.06.18	01:22:22.742	0.85490				2
2025.06.18	01:22:24.450	0.85491				2
2025.06.18	01:22:26.288		0.85498			4
2025.06.18	01:22:30.493		0.85497			4
2025.06.18	01:22:34.340		0.85498			4
2025.06.18	01:22:43.299	0.85490				2
2025.06.18	01:22:44.838	0.85491	0.85497			6
2025.06.18	01:22:52.744	0.85493	0.85498			6
2025.06.18	01:23:00.296	0.85492	0.85499			6
2025.06.18	01:23:00.631	0.85493				2
2025.06.18	01:23:10.402	0.85494				2
2025.06.18	01:23:13.554		0.85500			4
2025.06.18	01:23:22.481	0.85493	0.85499			6
2025.06.18	01:23:23.093		0.85500			4
2025.06.18	01:23:28.124	0.85492	0.85501			6
2025.06.18	01:23:29.132	0.85494	0.85500			6
2025.06.18	01:23:30.475	0.85492	0.85499			6
2025.06.18	01:23:34.942	0.85493				2
2025.06.18	01:23:43.015	0.85492	0.85501			6
2025.06.18	01:23:44.238	0.85493				2
2025.06.18	01:23:46.584	0.85492				2
2025.06.18	01:23:48.082		0.85500			4
2025.06.18	01:23:49.640	0.85491	0.85501			6
2025.06.18	01:23:51.277	0.85492	0.85499			6
2025.06.18	01:23:53.840	0.85493				2
2025.06.18	01:23:57.011	0.85494				2
2025.06.18	01:23:57.321	0.85493				2
2025.06.18	01:24:00.738	0.85494				2
2025.06.18	01:24:05.976		0.85500			4
2025.06.18	01:24:09.139		0.85499			4
2025.06.18	01:24:13.199		0.85500			4
2025.06.18	01:24:16.340		0.85499			4
2025.06.18	01:24:21.441		0.85500			4
2025.06.18	01:24:22.206	0.85491	0.85497			6
2025.06.18	01:24:32.297		0.85498			4
2025.06.18	01:24:35.538		0.85497			4
2025.06.18	01:24:45.286	0.85490	0.85496			6
2025.06.18	01:24:50.561	0.85488				2
2025.06.18	01:24:53.838		0.85495			4
2025.06.18	01:25:00.402	0.85487				2
2025.06.18	01:25:02.357		0.85496			4
2025.06.18	01:25:03.206	0.85488				2
2025.06.18	01:25:18.438	0.85487				2
2025.06.18	01:25:49.793	0.85488	0.85495			6
2025.06.18	01:25:52.339	0.85487				2
2025.06.18	01:25:54.817	0.85488				2
2025.06.18	01:26:00.440	0.85488				2
2025.06.18	01:26:04.167	0.85487				2
2025.06.18	01:26:04.489	0.85488				2
2025.06.18	01:26:06.139	0.85487				2
2025.06.18	01:26:08.542	0.85488				2
2025.06.18	01:26:09.937	0.85490				2
2025.06.18	01:26:12.511	0.85488				2
2025.06.18	01:26:25.318	0.85490				2
2025.06.18	01:26:28.639	0.85489				2
2025.06.18	01:26:32.944	0.85490				2
2025.06.18	01:26:34.355	0.85489	0.85496			6
2025.06.18	01:26:34.673	0.85491				2
2025.06.18	01:26:36.417	0.85490				2
2025.06.18	01:26:43.358		0.85495			4
2025.06.18	01:26:43.665	0.85487	0.85492			6
2025.06.18	01:26:46.276	0.85486				2
2025.06.18	01:26:48.091	0.85487				2
2025.06.18	01:26:48.926	0.85483	0.85494			6
2025.06.18	01:26:49.239	0.85487				2
2025.06.18	01:26:51.584		0.85492			4
2025.06.18	01:26:52.681	0.85486	0.85493			6
2025.06.18	01:27:00.369	0.85486				2
2025.06.18	01:27:26.238	0.85485				2
2025.06.18	01:27:28.909	0.85486				2
2025.06.18	01:27:29.369	0.85485				2
2025.06.18	01:27:37.455	0.85487	0.85494			6
2025.06.18	01:27:37.773		0.85495			4
2025.06.18	01:27:38.495	0.85488	0.85494			6
2025.06.18	01:27:41.453		0.85495			4
2025.06.18	01:27:43.039	0.85489				2
2025.06.18	01:27:46.794	0.85488	0.85494			6
2025.06.18	01:27:49.428		0.85495			4
2025.06.18	01:27:53.747	0.85489	0.85497			6
2025.06.18	01:27:59.010	0.85490				2
2025.06.18	01:28:00.046	0.85489				2
2025.06.18	01:28:01.088	0.85490				2
2025.06.18	01:28:01.429	0.85489				2
2025.06.18	01:28:22.942	0.85490	0.85496			6
2025.06.18	01:28:28.770	0.85487				2
2025.06.18	01:28:29.809	0.85488				2
2025.06.18	01:28:30.129	0.85489				2
2025.06.18	01:28:31.481	0.85490				2
2025.06.18	01:28:35.540	0.85488				2
2025.06.18	01:28:37.338	0.85489				2
2025.06.18	01:28:41.265	0.85488				2
2025.06.18	01:28:42.674	0.85491				2
2025.06.18	01:28:42.981		0.85497			4
2025.06.18	01:28:43.379	0.85489	0.85496			6
2025.06.18	01:28:50.868		0.85497			4
2025.06.18	01:29:00.488	0.85490				2
2025.06.18	01:29:02.652	0.85489	0.85496			6
2025.06.18	01:29:04.450	0.85490				2
2025.06.18	01:29:07.977	0.85488				2
2025.06.18	01:29:08.447	0.85487	0.85495			6
2025.06.18	01:29:09.880	0.85488				2
2025.06.18	01:29:11.016	0.85489	0.85496			6
2025.06.18	01:29:11.542	0.85488				2
2025.06.18	01:29:13.688	0.85489				2
2025.06.18	01:29:15.253	0.85487				2
2025.06.18	01:29:16.159	0.85488				2
2025.06.18	01:29:16.655	0.85487				2
2025.06.18	01:29:20.239	0.85488	0.85495			6
2025.06.18	01:29:26.352	0.85487	0.85496			6
2025.06.18	01:29:26.702	0.85489	0.85497			6
2025.06.18	01:29:29.316	0.85490	0.85496			6
2025.06.18	01:29:37.057	0.85489	0.85497			6
2025.06.18	01:29:40.940	0.85490	0.85496			6
2025.06.18	01:29:44.196	0.85489	0.85497			6
2025.06.18	01:29:51.444	0.85490				2
2025.06.18	01:29:53.573	0.85489				2
2025.06.18	01:29:56.354	0.85490				2
2025.06.18	01:29:59.540	0.85489				2
2025.06.18	01:30:00.048	0.85489				2
2025.06.18	01:30:00.775	0.85487	0.85491			6
2025.06.18	01:30:01.083	0.85485	0.85490			6
2025.06.18	01:30:02.100	0.85492	0.85497			6
2025.06.18	01:30:04.561	0.85490	0.85496			6
2025.06.18	01:30:04.869	0.85492				2
2025.06.18	01:30:07.934	0.85491	0.85497			6
2025.06.18	01:30:08.482		0.85496			4
2025.06.18	01:30:11.011	0.85490				2
2025.06.18	01:30:11.322	0.85491				2
2025.06.18	01:30:12.216		0.85495			4
2025.06.18	01:30:12.969		0.85494			4
2025.06.18	01:30:15.347	0.85490				2
2025.06.18	01:30:21.184	0.85491				2
2025.06.18	01:30:22.554		0.85495			4
2025.06.18	01:30:26.294	0.85490	0.85497			6
2025.06.18	01:30:28.030	0.85491				2
2025.06.18	01:30:30.360	0.85492				2
2025.06.18	01:30:33.246	0.85491				2
2025.06.18	01:30:35.487	0.85490				2
2025.06.18	01:30:39.453	0.85491				2
2025.06.18	01:30:44.591	0.85490				2
2025.06.18	01:30:49.908	0.85491	0.85496			6
2025.06.18	01:30:54.497		0.85497			4
2025.06.18	01:30:55.723		0.85496			4
2025.06.18	01:31:00.320	0.85490	0.85497			6
2025.06.18	01:31:00.655	0.85491	0.85495			6
2025.06.18	01:31:02.413	0.85490	0.85497			6
2025.06.18	01:31:03.458	0.85491	0.85496			6
2025.06.18	01:31:04.447	0.85492				2
2025.06.18	01:31:07.680	0.85491				2
2025.06.18	01:31:10.629	0.85492				2
2025.06.18	01:31:17.369	0.85491				2
2025.06.18	01:31:17.671	0.85493	0.85498			6
2025.06.18	01:31:19.847	0.85492	0.85496			6
2025.06.18	01:31:21.514	0.85491				2
2025.06.18	01:31:24.439	0.85492				2
2025.06.18	01:31:25.512	0.85491	0.85495			6
2025.06.18	01:31:37.158	0.85490				2
2025.06.18	01:31:40.158	0.85491				2
2025.06.18	01:31:41.968	0.85490				2
2025.06.18	01:32:00.427	0.85490				2
2025.06.18	01:32:01.603	0.85491	0.85496			6
2025.06.18	01:32:01.920	0.85494	0.85499			6
2025.06.18	01:32:02.901	0.85493	0.85496			6
2025.06.18	01:32:04.109		0.85498			4
2025.06.18	01:32:08.724	0.85491	0.85496			6
2025.06.18	01:32:09.050	0.85489	0.85495			6
2025.06.18	01:32:13.579	0.85490				2
2025.06.18	01:32:15.432	0.85488	0.85492			6
2025.06.18	01:32:15.783	0.85489	0.85494			6
2025.06.18	01:32:16.134	0.85488	0.85493			6
2025.06.18	01:32:16.717		0.85492			4
2025.06.18	01:32:23.439	0.85487				2
2025.06.18	01:32:24.930	0.85488				2
2025.06.18	01:32:26.297		0.85493			4
2025.06.18	01:32:28.831	0.85487				2
2025.06.18	01:32:33.138	0.85488				2
2025.06.18	01:32:33.456		0.85494			4
2025.06.18	01:32:35.401	0.85489				2
2025.06.18	01:32:39.481	0.85488				2
2025.06.18	01:32:46.031	0.85489				2
2025.06.18	01:33:00.162	0.85489				2
2025.06.18	01:33:03.610		0.85495			4
2025.06.18	01:33:07.299	0.85490				2
2025.06.18	01:33:15.801		0.85494			4
2025.06.18	01:33:17.467	0.85488	0.85493			6
2025.06.18	01:33:35.461	0.85487	0.85492			6
2025.06.18	01:33:37.068		0.85493			4
2025.06.18	01:33:37.428	0.85486				2
2025.06.18	01:33:37.737	0.85487	0.85492			6
2025.06.18	01:33:38.307	0.85486				2
2025.06.18	01:33:45.111		0.85491			4
2025.06.18	01:34:00.579	0.85486				2
2025.06.18	01:34:04.659	0.85485	0.85490			6
2025.06.18	01:34:12.456	0.85487	0.85491			6
2025.06.18	01:34:25.710	0.85486	0.85490			6
2025.06.18	01:34:30.396		0.85492			4
2025.06.18	01:34:39.151	0.85485	0.85489			6
2025.06.18	01:34:39.459	0.85486	0.85490			6
2025.06.18	01:34:42.200	0.85485	0.85489			6
2025.06.18	01:34:42.530	0.85484				2
2025.06.18	01:34:44.540	0.85485				2
2025.06.18	01:34:48.347	0.85486				2
2025.06.18	01:34:48.880	0.85485				2
2025.06.18	01:34:54.833	0.85491	0.85495			6
2025.06.18	01:35:00.318	0.85491				2
2025.06.18	01:35:01.438	0.85494	0.85497			6
2025.06.18	01:35:02.155	0.85497	0.85501			6
2025.06.18	01:35:22.409	0.85498				2
2025.06.18	01:35:44.116	0.85500	0.85502			6
2025.06.18	01:35:44.419	0.85502	0.85505			6
2025.06.18	01:35:49.657	0.85500				2
2025.06.18	01:35:50.741	0.85501	0.85506			6
2025.06.18	01:35:51.084	0.85502				2
2025.06.18	01:35:51.598	0.85501				2
2025.06.18	01:35:54.633		0.85505			4
2025.06.18	01:36:00.478	0.85501				2
2025.06.18	01:36:02.027	0.85503	0.85508			6
2025.06.18	01:36:02.340	0.85506	0.85510			6
2025.06.18	01:36:04.356	0.85503	0.85508			6
2025.06.18	01:36:12.597	0.85504				2
2025.06.18	01:36:15.878	0.85503				2
2025.06.18	01:36:17.102	0.85502	0.85507			6
2025.06.18	01:36:24.486	0.85504	0.85509			6
2025.06.18	01:36:30.291	0.85498	0.85505			6
2025.06.18	01:36:30.611		0.85506			4
2025.06.18	01:36:33.077		0.85502			4
2025.06.18	01:36:34.168	0.85494				2
2025.06.18	01:36:34.480	0.85493	0.85498			6
2025.06.18	01:36:34.783	0.85494	0.85501			6
2025.06.18	01:36:35.099		0.85500			4
2025.06.18	01:36:36.226		0.85501			4
2025.06.18	01:36:38.113	0.85493				2
2025.06.18	01:36:38.419		0.85499			4
2025.06.18	01:36:44.236	0.85494				2
2025.06.18	01:36:44.552	0.85493				2
2025.06.18	01:36:48.252	0.85494	0.85498			6
2025.06.18	01:36:51.117	0.85493	0.85499			6
2025.06.18	01:36:52.738		0.85497			4
2025.06.18	01:36:53.087		0.85499			4
2025.06.18	01:37:00.069	0.85492				2
2025.06.18	01:37:00.447	0.85493				2
2025.06.18	01:37:02.081		0.85498			4
2025.06.18	01:37:11.086		0.85500			4
2025.06.18	01:37:20.545		0.85498			4
2025.06.18	01:37:28.078	0.85491	0.85496			6
2025.06.18	01:37:41.474	0.85489	0.85494			6
2025.06.18	01:37:54.706	0.85488	0.85493			6
2025.06.18	01:38:00.729	0.85487				2
2025.06.18	01:38:02.909	0.85488				2
2025.06.18	01:38:03.388	0.85489	0.85494			6
2025.06.18	01:38:05.556	0.85488				2
2025.06.18	01:38:10.914	0.85487	0.85493			6
2025.06.18	01:38:32.577		0.85492			4
2025.06.18	01:38:34.698	0.85486				2
2025.06.18	01:38:42.009	0.85487				2
2025.06.18	01:38:53.105	0.85486	0.85490			6
2025.06.18	01:39:00.379	0.85487				2
2025.06.18	01:39:01.614	0.85488	0.85492			6
2025.06.18	01:39:03.737	0.85487	0.85491			6
2025.06.18	01:39:04.114	0.85486				2
2025.06.18	01:39:09.241	0.85489	0.85493			6
2025.06.18	01:39:14.210	0.85483	0.85489			6
2025.06.18	01:39:14.521	0.85484	0.85490			6
2025.06.18	01:39:15.208	0.85483	0.85488			6
2025.06.18	01:39:15.519	0.85485	0.85490			6
2025.06.18	01:39:19.186	0.85486	0.85493			6
2025.06.18	01:39:19.502	0.85482	0.85487			6
2025.06.18	01:39:24.353	0.85483				2
2025.06.18	01:39:27.746		0.85488			4
2025.06.18	01:39:28.089		0.85489			4
2025.06.18	01:39:28.399	0.85482				2
2025.06.18	01:39:28.756		0.85488			4
2025.06.18	01:39:35.706	0.85481	0.85486			6
2025.06.18	01:39:36.037	0.85482	0.85489			6
2025.06.18	01:39:36.451		0.85488			4
2025.06.18	01:39:38.308	0.85480	0.85487			6
2025.06.18	01:39:38.622		0.85486			4
2025.06.18	01:39:39.532		0.85487			4
2025.06.18	01:39:40.291	0.85481	0.85488			6
2025.06.18	01:39:41.311	0.85482				2
2025.06.18	01:39:42.148	0.85483	0.85489			6
2025.06.18	01:39:42.551	0.85479	0.85485			6
2025.06.18	01:40:00.358	0.85479				2
2025.06.18	01:40:01.377	0.85480				2
2025.06.18	01:40:05.664	0.85479				2
2025.06.18	01:40:06.876	0.85480				2
2025.06.18	01:40:10.355	0.85479				2
2025.06.18	01:40:13.039	0.85480				2
2025.06.18	01:40:17.021	0.85479				2
2025.06.18	01:40:18.717	0.85480	0.85486			6
2025.06.18	01:40:20.165		0.85485			4
2025.06.18	01:40:23.920		0.85486			4
2025.06.18	01:40:26.004	0.85484	0.85490			6
2025.06.18	01:40:26.325	0.85486	0.85491			6
2025.06.18	01:40:27.986		0.85490			4
2025.06.18	01:40:28.442		0.85491			4
2025.06.18	01:40:29.471		0.85490			4
2025.06.18	01:40:30.492		0.85491			4
2025.06.18	01:40:32.981	0.85480	0.85487			6
2025.06.18	01:40:33.282	0.85482	0.85488			6
2025.06.18	01:40:33.593	0.85483	0.85489			6
2025.06.18	01:40:35.187		0.85488			4
2025.06.18	01:40:38.011		0.85489			4
2025.06.18	01:40:38.329	0.85492	0.85497			6
2025.06.18	01:40:38.634	0.85494	0.85500			6
2025.06.18	01:40:38.968	0.85499	0.85505			6
2025.06.18	01:40:39.282	0.85498				2
2025.06.18	01:40:39.990	0.85500				2
2025.06.18	01:40:40.953	0.85499				2
2025.06.18	01:40:41.280	0.85498				2
2025.06.18	01:40:47.165	0.85499	0.85507			6
2025.06.18	01:40:49.118	0.85500				2
2025.06.18	01:41:00.343	0.85500				2
2025.06.18	01:41:06.738	0.85502				2
2025.06.18	01:41:12.100	0.85500	0.85506			6
2025.06.18	01:41:12.419	0.85499				2
2025.06.18	01:41:14.966	0.85500				2
2025.06.18	01:41:16.331	0.85499	0.85507			6
2025.06.18	01:41:18.386	0.85500	0.85506			6
2025.06.18	01:41:20.549	0.85501	0.85507			6
2025.06.18	01:41:22.680	0.85500	0.85506			6
2025.06.18	01:41:23.016	0.85497	0.85502			6
2025.06.18	01:41:23.493	0.85496	0.85504			6
2025.06.18	01:41:24.127		0.85502			4
2025.06.18	01:41:25.119		0.85503			4
2025.06.18	01:41:28.193		0.85502			4
2025.06.18	01:41:47.126		0.85501			4
2025.06.18	01:41:53.389	0.85495	0.85502			6
2025.06.18	01:41:55.949	0.85496	0.85503			6
2025.06.18	01:42:00.699	0.85496				2
2025.06.18	01:42:01.554	0.85495	0.85499			6
2025.06.18	01:42:02.312		0.85500			4
2025.06.18	01:42:02.698	0.85494	0.85499			6
2025.06.18	01:42:06.259	0.85495				2
2025.06.18	01:42:10.388		0.85500			4
2025.06.18	01:42:13.692		0.85499			4
2025.06.18	01:42:15.174	0.85494				2
2025.06.18	01:42:29.483		0.85500			4
2025.06.18	01:42:29.833	0.85495				2
2025.06.18	01:42:32.240	0.85494				2
2025.06.18	01:42:34.539	0.85495	0.85502			6
2025.06.18	01:42:37.930	0.85494	0.85500			6
2025.06.18	01:42:38.431	0.85495				2
2025.06.18	01:42:42.796	0.85497	0.85502			6
2025.06.18	01:42:43.496	0.85498	0.85504			6
2025.06.18	01:42:46.302	0.85500	0.85505			6
2025.06.18	01:42:47.731	0.85501	0.85506			6
2025.06.18	01:42:48.050	0.85502				2
2025.06.18	01:42:53.532	0.85501				2
2025.06.18	01:42:54.408		0.85505			4
2025.06.18	01:42:55.357		0.85506			4
2025.06.18	01:42:58.020	0.85502	0.85507			6
2025.06.18	01:43:00.360	0.85502				2
2025.06.18	01:43:03.627		0.85506			4
2025.06.18	01:43:04.158	0.85503				2
2025.06.18	01:43:04.549		0.85507			4
2025.06.18	01:43:14.580	0.85504				2
2025.06.18	01:43:17.009	0.85505	0.85508			6
2025.06.18	01:43:32.378	0.85507				2
2025.06.18	01:43:45.418	0.85506	0.85510			6
2025.06.18	01:43:58.042	0.85508				2
2025.06.18	01:43:58.348		0.85512			4
2025.06.18	01:43:59.191		0.85510			4
2025.06.18	01:44:00.430	0.85508				2
2025.06.18	01:44:01.968	0.85506	0.85508			6
2025.06.18	01:44:03.468	0.85507	0.85511			6
2025.06.18	01:44:10.345	0.85506				2
2025.06.18	01:44:16.431	0.85505				2
2025.06.18	01:44:21.457		0.85509			4
2025.06.18	01:44:29.794	0.85506				2
2025.06.18	01:44:39.298	0.85505	0.85512			6
2025.06.18	01:44:40.233	0.85506	0.85511			6
2025.06.18	01:44:40.583	0.85505	0.85510			6
2025.06.18	01:44:44.427	0.85506	0.85512			6
2025.06.18	01:45:00.498	0.85507				2
2025.06.18	01:45:00.921	0.85508				2
2025.06.18	01:45:02.960		0.85514			4
2025.06.18	01:45:03.707		0.85512			4
2025.06.18	01:45:04.029	0.85507				2
2025.06.18	01:45:12.820	0.85511	0.85515			6
2025.06.18	01:45:17.729		0.85516			4
2025.06.18	01:45:18.140	0.85512				2
2025.06.18	01:45:26.792		0.85515			4
2025.06.18	01:45:29.447		0.85516			4
2025.06.18	01:45:30.830	0.85508	0.85515			6
2025.06.18	01:45:31.134	0.85509	0.85514			6
2025.06.18	01:45:31.835	0.85508	0.85515			6
2025.06.18	01:45:32.231	0.85509				2
2025.06.18	01:45:40.144	0.85508	0.85516			6
2025.06.18	01:45:40.699	0.85509				2
2025.06.18	01:45:44.730	0.85508				2
2025.06.18	01:45:48.112	0.85509				2
2025.06.18	01:45:49.766	0.85508	0.85515			6
2025.06.18	01:45:51.558	0.85505	0.85510			6
2025.06.18	01:45:55.101	0.85506	0.85511			6
2025.06.18	01:46:00.358	0.85507				2
2025.06.18	01:46:03.506	0.85509	0.85514			6
2025.06.18	01:46:05.380	0.85510	0.85515			6
2025.06.18	01:46:07.308	0.85509	0.85514			6
2025.06.18	01:46:10.591	0.85514	0.85516			6
2025.06.18	01:46:11.782		0.85518			4
2025.06.18	01:46:12.738		0.85516			4
2025.06.18	01:46:14.928		0.85517			4
2025.06.18	01:46:15.488	0.85512				2
2025.06.18	01:46:17.362	0.85513				2
2025.06.18	01:46:20.829		0.85519			4
2025.06.18	01:46:25.924	0.85512	0.85518			6
2025.06.18	01:46:26.251		0.85517			4
2025.06.18	01:46:32.172		0.85519			4
2025.06.18	01:46:33.327	0.85513				2
2025.06.18	01:46:39.484	0.85512				2
2025.06.18	01:46:41.555	0.85513				2
2025.06.18	01:46:41.903	0.85512				2
2025.06.18	01:46:42.377	0.85513				2
2025.06.18	01:46:45.239	0.85512				2
2025.06.18	01:46:50.264	0.85513				2
2025.06.18	01:46:51.192		0.85517			4
2025.06.18	01:46:54.447		0.85514			4
2025.06.18	01:46:55.378	0.85512	0.85513			6
2025.06.18	01:46:55.747	0.85511	0.85512			6
2025.06.18	01:46:58.005	0.85506	0.85511			6
2025.06.18	01:46:58.345	0.85508	0.85512			6
2025.06.18	01:47:00.637	0.85508				2
2025.06.18	01:47:05.481	0.85507	0.85509			6
2025.06.18	01:47:05.800	0.85503	0.85507			6
2025.06.18	01:47:08.355	0.85504				2
2025.06.18	01:47:09.464	0.85503				2
2025.06.18	01:47:14.690		0.85508			4
2025.06.18	01:47:18.199	0.85502	0.85507			6
2025.06.18	01:47:18.907		0.85504			4
2025.06.18	01:47:19.208	0.85501				2
2025.06.18	01:47:25.067	0.85498	0.85501			6
2025.06.18	01:47:25.381	0.85496	0.85499			6
2025.06.18	01:47:35.817	0.85497				2
2025.06.18	01:47:36.388	0.85496				2
2025.06.18	01:47:38.341	0.85497				2
2025.06.18	01:47:45.757	0.85487	0.85491			6
2025.06.18	01:47:46.059	0.85488				2
2025.06.18	01:47:46.383	0.85489				2
2025.06.18	01:47:47.000	0.85488	0.85489			6
2025.06.18	01:47:47.594	0.85490	0.85492			6
2025.06.18	01:47:47.931	0.85489				2
2025.06.18	01:47:51.042	0.85490				2
2025.06.18	01:47:58.333	0.85489				2
2025.06.18	01:48:00.636	0.85489				2
2025.06.18	01:48:03.091	0.85488				2
2025.06.18	01:48:03.396	0.85489				2
2025.06.18	01:48:03.703	0.85487				2
2025.06.18	01:48:08.702	0.85486	0.85487			6
2025.06.18	01:48:10.300	0.85485				2
2025.06.18	01:48:20.168	0.85486	0.85490			6
2025.06.18	01:48:20.708	0.85485				2
2025.06.18	01:48:24.410		0.85491			4
2025.06.18	01:48:26.312	0.85482	0.85490			6
2025.06.18	01:48:31.919	0.85483				2
2025.06.18	01:48:34.103	0.85484				2
2025.06.18	01:48:38.387		0.85491			4
2025.06.18	01:48:38.817	0.85483	0.85489			6
2025.06.18	01:48:39.120	0.85484	0.85491			6
2025.06.18	01:48:49.436	0.85483	0.85490			6
2025.06.18	01:48:50.239		0.85492			4
2025.06.18	01:48:50.565	0.85484				2
2025.06.18	01:48:51.484	0.85483				2
2025.06.18	01:48:55.204	0.85484	0.85491			6
2025.06.18	01:48:56.410	0.85485	0.85490			6
2025.06.18	01:48:57.777		0.85491			4
2025.06.18	01:49:00.007	0.85484				2
2025.06.18	01:49:02.068	0.85483	0.85490			6
2025.06.18	01:49:02.431	0.85484	0.85492			6
2025.06.18	01:49:03.283	0.85483				2
2025.06.18	01:49:16.731	0.85484				2
2025.06.18	01:49:28.163	0.85483	0.85491			6
2025.06.18	01:49:28.858	0.85484	0.85488			6
2025.06.18	01:49:32.156		0.85491			4
2025.06.18	01:49:32.458	0.85483	0.85490			6
2025.06.18	01:49:36.137	0.85484	0.85491			6
2025.06.18	01:49:44.377	0.85483	0.85492			6
2025.06.18	01:49:45.307	0.85485				2
2025.06.18	01:49:45.652	0.85483				2
2025.06.18	01:49:46.942		0.85491			4
2025.06.18	01:49:49.818		0.85492			4
2025.06.18	01:49:52.157		0.85489			4
2025.06.18	01:49:52.461	0.85484	0.85491			6
2025.06.18	01:49:59.377	0.85483				2
2025.06.18	01:50:00.078	0.85483				2
2025.06.18	01:50:00.769	0.85484				2
2025.06.18	01:50:04.980	0.85482	0.85488			6
2025.06.18	01:50:05.304	0.85483				2
2025.06.18	01:50:11.038	0.85478	0.85485			6
2025.06.18	01:50:11.339	0.85479	0.85486			6
2025.06.18	01:50:12.268		0.85485			4
2025.06.18	01:50:16.006		0.85486			4
2025.06.18	01:50:17.552	0.85480	0.85485			6
2025.06.18	01:50:17.952		0.85488			4
2025.06.18	01:50:21.553	0.85482	0.85489			6
2025.06.18	01:50:21.861	0.85481				2
2025.06.18	01:50:26.693	0.85482	0.85490			6
2025.06.18	01:50:27.223		0.85489			4
2025.06.18	01:50:30.434		0.85490			4
2025.06.18	01:50:31.374		0.85489			4
2025.06.18	01:50:33.314	0.85483				2
2025.06.18	01:50:35.055	0.85482				2
2025.06.18	01:50:40.277	0.85483				2
2025.06.18	01:50:42.861		0.85491			4
2025.06.18	01:50:43.513		0.85488			4
2025.06.18	01:50:44.895		0.85491			4
2025.06.18	01:50:45.276		0.85488			4
2025.06.18	01:50:46.968		0.85491			4
2025.06.18	01:50:48.109	0.85481	0.85487			6
2025.06.18	01:50:48.411		0.85488			4
2025.06.18	01:50:50.299	0.85482				2
2025.06.18	01:50:55.330	0.85481	0.85487			6
2025.06.18	01:51:00.451	0.85481				2
2025.06.18	01:51:03.409	0.85483	0.85489			6
2025.06.18	01:51:10.442	0.85484				2
2025.06.18	01:51:10.759	0.85482				2
2025.06.18	01:51:22.004	0.85483				2
2025.06.18	01:51:22.357	0.85484				2
2025.06.18	01:51:23.638	0.85483	0.85487			6
2025.06.18	01:51:24.246		0.85491			4
2025.06.18	01:51:26.655		0.85490			4
2025.06.18	01:51:33.027		0.85492			4
2025.06.18	01:51:33.468	0.85482	0.85488			6
2025.06.18	01:51:34.071	0.85483				2
2025.06.18	01:51:34.797		0.85491			4
2025.06.18	01:51:35.667	0.85482	0.85490			6
2025.06.18	01:51:36.911		0.85491			4
2025.06.18	01:51:42.214		0.85489			4
2025.06.18	01:51:42.767	0.85481				2
2025.06.18	01:51:43.222		0.85488			4
2025.06.18	01:51:44.262	0.85480				2
2025.06.18	01:51:48.225	0.85481				2
2025.06.18	01:51:52.709	0.85480	0.85485			6
2025.06.18	01:51:59.599	0.85481				2
2025.06.18	01:52:00.261	0.85480				2
2025.06.18	01:52:02.092	0.85479				2
2025.06.18	01:52:04.924	0.85480				2
2025.06.18	01:52:07.143	0.85482	0.85488			6
2025.06.18	01:52:08.114	0.85480				2
2025.06.18	01:52:09.237	0.85482	0.85489			6
2025.06.18	01:52:11.478	0.85483				2
2025.06.18	01:52:12.550		0.85490			4
2025.06.18	01:52:13.020		0.85491			4
2025.06.18	01:52:16.639		0.85490			4
2025.06.18	01:52:28.641		0.85491			4
2025.06.18	01:52:30.430		0.85490			4
2025.06.18	01:52:33.615	0.85484	0.85491			6
2025.06.18	01:52:37.241	0.85483				2
2025.06.18	01:52:46.819	0.85478	0.85484			6
2025.06.18	01:52:47.293	0.85476	0.85482			6
2025.06.18	01:52:52.638	0.85472	0.85477			6
2025.06.18	01:52:52.938	0.85471	0.85478			6
2025.06.18	01:52:56.319	0.85472				2
2025.06.18	01:52:56.652	0.85471	0.85475			6
2025.06.18	01:52:58.314		0.85474			4
2025.06.18	01:52:58.661	0.85469				2
2025.06.18	01:52:58.965	0.85470				2
2025.06.18	01:52:59.839		0.85476			4
2025.06.18	01:53:00.190	0.85470				2
2025.06.18	01:53:01.933	0.85468	0.85472			6
2025.06.18	01:53:02.239	0.85467	0.85473			6
2025.06.18	01:53:03.346	0.85463	0.85469			6
2025.06.18	01:53:03.714	0.85462				2
2025.06.18	01:53:04.022	0.85463				2
2025.06.18	01:53:13.119	0.85465	0.85468			6
2025.06.18	01:53:15.035		0.85467			4
2025.06.18	01:53:15.629	0.85464				2
2025.06.18	01:53:16.022		0.85468			4
2025.06.18	01:53:18.095		0.85466			4
2025.06.18	01:53:18.403	0.85462				2
2025.06.18	01:53:18.879	0.85463				2
2025.06.18	01:53:23.499		0.85467			4
2025.06.18	01:53:27.899		0.85465			4
2025.06.18	01:53:29.756	0.85460	0.85461			6
2025.06.18	01:53:30.058		0.85464			4
2025.06.18	01:53:30.379		0.85463			4
2025.06.18	01:53:30.832	0.85459				2
2025.06.18	01:53:31.926	0.85462	0.85467			6
2025.06.18	01:53:34.148		0.85466			4
2025.06.18	01:53:37.634		0.85464			4
2025.06.18	01:53:38.703	0.85459	0.85463			6
2025.06.18	01:53:39.007	0.85460				2
2025.06.18	01:53:40.663		0.85464			4
2025.06.18	01:53:41.778	0.85459				2
2025.06.18	01:53:42.354	0.85460				2
2025.06.18	01:53:43.404	0.85462				2
2025.06.18	01:53:43.747		0.85465			4
2025.06.18	01:53:46.386		0.85464			4
2025.06.18	01:53:48.463		0.85465			4
2025.06.18	01:53:53.605		0.85464			4
2025.06.18	01:53:56.081	0.85463	0.85466			6
2025.06.18	01:53:58.169	0.85462				2
2025.06.18	01:54:00.557	0.85462				2
2025.06.18	01:54:03.030	0.85463				2
2025.06.18	01:54:03.358	0.85462				2
2025.06.18	01:54:04.497		0.85467			4
2025.06.18	01:54:12.464	0.85464				2
2025.06.18	01:54:13.856	0.85462				2
2025.06.18	01:54:21.018		0.85466			4
2025.06.18	01:54:24.885	0.85465	0.85467			6
2025.06.18	01:54:27.252		0.85468			4
2025.06.18	01:54:38.214	0.85463	0.85466			6
2025.06.18	01:54:41.514		0.85467			4
2025.06.18	01:54:42.022	0.85464	0.85468			6
2025.06.18	01:54:42.384	0.85463				2
2025.06.18	01:54:48.696		0.85467			4
2025.06.18	01:54:49.503	0.85462				2
2025.06.18	01:54:57.810	0.85461				2
2025.06.18	01:55:00.414	0.85461				2
2025.06.18	01:55:02.650	0.85460	0.85462			6
2025.06.18	01:55:02.973	0.85459				2
2025.06.18	01:55:03.884	0.85458				2
2025.06.18	01:55:06.283	0.85457				2
2025.06.18	01:55:06.912	0.85458				2
2025.06.18	01:55:07.323	0.85457				2
2025.06.18	01:55:07.911	0.85458				2
2025.06.18	01:55:08.881	0.85457				2
2025.06.18	01:55:10.079	0.85458				2
2025.06.18	01:55:13.117		0.85461			4
2025.06.18	01:55:16.733	0.85459	0.85462			6
2025.06.18	01:55:24.430	0.85460				2
2025.06.18	01:55:39.193	0.85459	0.85463			6
2025.06.18	01:55:42.762	0.85458	0.85461			6
2025.06.18	01:55:43.417	0.85457				2
2025.06.18	01:55:45.288	0.85458				2
2025.06.18	01:55:51.767	0.85456				2
2025.06.18	01:55:52.398	0.85457				2
2025.06.18	01:55:53.493	0.85458				2
2025.06.18	01:55:58.872		0.85463			4
2025.06.18	01:56:00.118	0.85458				2
2025.06.18	01:56:00.484	0.85460	0.85464			6
2025.06.18	01:56:01.220		0.85462			4
2025.06.18	01:56:02.352		0.85463			4
2025.06.18	01:56:15.971	0.85461				2
2025.06.18	01:56:17.862	0.85460				2
2025.06.18	01:56:33.257	0.85461				2
2025.06.18	01:56:33.560	0.85460	0.85464			6
2025.06.18	01:56:33.917		0.85465			4
2025.06.18	01:56:34.925	0.85466	0.85473			6
2025.06.18	01:56:35.257	0.85468				2
2025.06.18	01:56:36.152	0.85467				2
2025.06.18	01:56:41.565		0.85474			4
2025.06.18	01:56:41.881	0.85469				2
2025.06.18	01:56:44.110	0.85470				2
2025.06.18	01:56:46.286	0.85469	0.85473			6
2025.06.18	01:56:55.195		0.85474			4
2025.06.18	01:57:01.424	0.85469	0.85475			6
2025.06.18	01:57:02.143	0.85470				2
2025.06.18	01:57:07.332	0.85469				2
2025.06.18	01:57:10.959	0.85470				2
2025.06.18	01:57:12.833		0.85476			4
2025.06.18	01:57:13.232	0.85471				2
2025.06.18	01:57:14.959	0.85474	0.85479			6
2025.06.18	01:57:15.996	0.85477	0.85483			6
2025.06.18	01:57:17.744		0.85482			4
2025.06.18	01:57:23.723	0.85476				2
2025.06.18	01:57:26.131		0.85481			4
2025.06.18	01:57:26.475		0.85482			4
2025.06.18	01:57:35.609	0.85478	0.85483			6
2025.06.18	01:57:37.873	0.85477	0.85482			6
2025.06.18	01:57:39.074		0.85481			4
2025.06.18	01:57:41.749	0.85476				2
2025.06.18	01:57:42.090	0.85477	0.85482			6
2025.06.18	01:57:43.633		0.85483			4
2025.06.18	01:57:46.531	0.85476	0.85481			6
2025.06.18	01:57:50.387	0.85477	0.85483			6
2025.06.18	01:58:00.147	0.85477				2
2025.06.18	01:58:03.646	0.85479	0.85484			6
2025.06.18	01:58:03.960	0.85481	0.85486			6
2025.06.18	01:58:10.251	0.85483	0.85488			6
2025.06.18	01:58:14.085		0.85489			4
2025.06.18	01:58:15.590		0.85488			4
2025.06.18	01:58:26.177		0.85489			4
2025.06.18	01:58:27.173		0.85488			4
2025.06.18	01:58:30.936	0.85481	0.85487			6
2025.06.18	01:58:33.144	0.85482				2
2025.06.18	01:58:34.726		0.85488			4
2025.06.18	01:58:43.892	0.85483	0.85489			6
2025.06.18	01:58:44.790	0.85484				2
2025.06.18	01:58:45.419		0.85490			4
2025.06.18	01:58:49.335	0.85485				2
2025.06.18	01:59:00.444	0.85485				2
2025.06.18	01:59:05.874	0.85484				2
2025.06.18	01:59:07.459	0.85483	0.85488			6
2025.06.18	01:59:10.285	0.85484	0.85489			6
2025.06.18	01:59:16.957		0.85490			4
2025.06.18	01:59:17.258		0.85489			4
2025.06.18	01:59:30.796	0.85482	0.85488			6
2025.06.18	01:59:31.101	0.85481				2
2025.06.18	01:59:43.277	0.85480	0.85489			6
2025.06.18	01:59:43.762		0.85488			4
2025.06.18	01:59:49.284	0.85481	0.85487			6
2025.06.18	01:59:50.813		0.85488			4
2025.06.18	01:59:52.547		0.85487			4
2025.06.18	01:59:54.772	0.85480	0.85488			6
2025.06.18	01:59:57.329	0.85478	0.85485			6
2025.06.18	02:00:00.315	0.85479	0.85484			6
2025.06.18	02:00:00.625	0.85478	0.85483			6
2025.06.18	02:00:02.258		0.85484			4
2025.06.18	02:00:02.563	0.85479				2
2025.06.18	02:00:04.030	0.85481	0.85488			6
2025.06.18	02:00:04.384		0.85486			4
2025.06.18	02:00:04.692	0.85480				2
2025.06.18	02:00:06.384		0.85487			4
2025.06.18	02:00:07.479		0.85486			4
2025.06.18	02:00:08.371		0.85485			4
2025.06.18	02:00:16.977		0.85486			4
2025.06.18	02:00:20.237		0.85485			4
2025.06.18	02:00:23.141	0.85481	0.85487			6
2025.06.18	02:00:25.582	0.85483				2
2025.06.18	02:00:33.572	0.85484	0.85488			6
2025.06.18	02:00:38.923		0.85489			4
2025.06.18	02:00:47.241	0.85483	0.85488			6
2025.06.18	02:00:57.015	0.85485				2
2025.06.18	02:01:00.272	0.85485				2
2025.06.18	02:01:04.604	0.85488	0.85490			6
2025.06.18	02:01:05.757		0.85491			4
2025.06.18	02:01:07.378		0.85490			4
2025.06.18	02:01:07.753		0.85491			4
2025.06.18	02:01:08.787		0.85490			4
2025.06.18	02:01:14.180		0.85489			4
2025.06.18	02:01:18.420	0.85489	0.85493			6
2025.06.18	02:01:18.740	0.85492	0.85497			6
2025.06.18	02:01:19.110	0.85493				2
2025.06.18	02:01:22.387	0.85491	0.85495			6
2025.06.18	02:01:22.698		0.85494			4
2025.06.18	02:01:33.079		0.85493			4
2025.06.18	02:01:40.399		0.85494			4
2025.06.18	02:01:45.780	0.85490	0.85492			6
2025.06.18	02:01:46.401	0.85489				2
2025.06.18	02:01:53.370		0.85491			4
2025.06.18	02:02:00.570	0.85489				2
2025.06.18	02:02:01.086		0.85492			4
2025.06.18	02:02:01.412	0.85490	0.85494			6
2025.06.18	02:02:07.845		0.85495			4
2025.06.18	02:02:17.217	0.85492	0.85496			6
2025.06.18	02:02:17.530		0.85495			4
2025.06.18	02:02:19.114		0.85496			4
2025.06.18	02:02:19.422	0.85493	0.85497			6
2025.06.18	02:02:19.796	0.85492				2
2025.06.18	02:02:20.191		0.85496			4
2025.06.18	02:02:20.497	0.85497	0.85498			6
2025.06.18	02:02:21.998	0.85495	0.85496			6
2025.06.18	02:02:22.314	0.85493	0.85494			6
2025.06.18	02:02:27.291	0.85491	0.85495			6
2025.06.18	02:02:28.241		0.85496			4
2025.06.18	02:02:29.146		0.85495			4
2025.06.18	02:02:29.754	0.85492	0.85493			6
2025.06.18	02:02:33.164	0.85494	0.85495			6
2025.06.18	02:02:36.142	0.85490	0.85493			6
2025.06.18	02:02:36.461	0.85492				2
2025.06.18	02:02:46.773	0.85497	0.85498			6
2025.06.18	02:02:49.838	0.85496	0.85497			6
2025.06.18	02:02:50.319	0.85497	0.85498			6
2025.06.18	02:02:50.626	0.85496	0.85497			6
2025.06.18	02:03:02.268	0.85496				2
2025.06.18	02:03:04.410	0.85498	0.85499			6
2025.06.18	02:03:04.719	0.85497	0.85498			6
2025.06.18	02:03:05.056	0.85499	0.85500			6
2025.06.18	02:03:13.798		0.85501			4
2025.06.18	02:03:32.223	0.85498				2
2025.06.18	02:03:37.718		0.85499			4
2025.06.18	02:03:42.068	0.85494	0.85497			6
2025.06.18	02:03:43.472		0.85496			4
2025.06.18	02:03:43.932	0.85498	0.85499			6
2025.06.18	02:03:44.593	0.85499	0.85500			6
2025.06.18	02:03:47.334	0.85498	0.85499			6
2025.06.18	02:03:51.029	0.85499	0.85500			6
2025.06.18	02:03:53.100	0.85496	0.85498			6
2025.06.18	02:03:57.593	0.85497				2
2025.06.18	02:04:00.424	0.85497				2
2025.06.18	02:04:02.574	0.85498	0.85499			6
2025.06.18	02:04:08.026	0.85495	0.85496			6
2025.06.18	02:04:14.052	0.85496	0.85497			6
2025.06.18	02:04:14.362	0.85497	0.85498			6
2025.06.18	02:04:17.644	0.85496	0.85497			6
2025.06.18	02:04:26.449	0.85497	0.85498			6
2025.06.18	02:04:27.995	0.85498	0.85499			6
2025.06.18	02:04:28.905	0.85497	0.85498			6
2025.06.18	02:04:37.486	0.85495	0.85497			6
2025.06.18	02:04:38.245	0.85497	0.85498			6
2025.06.18	02:04:50.565	0.85496	0.85497			6
2025.06.18	02:04:55.436	0.85498	0.85499			6
2025.06.18	02:04:56.104	0.85497	0.85498			6
2025.06.18	02:05:00.134	0.85497				2
2025.06.18	02:05:01.523	0.85498	0.85499			6
2025.06.18	02:05:03.067	0.85497	0.85498			6
2025.06.18	02:05:11.334	0.85498	0.85499			6
2025.06.18	02:05:19.670	0.85495	0.85496			6
2025.06.18	02:05:26.845	0.85497	0.85498			6
2025.06.18	02:05:27.798	0.85494	0.85496			6
2025.06.18	02:05:32.347		0.85498			4
2025.06.18	02:05:33.531	0.85495				2
2025.06.18	02:05:38.136	0.85494	0.85497			6
2025.06.18	02:05:42.698	0.85493	0.85496			6
2025.06.18	02:05:44.310		0.85497			4
2025.06.18	02:05:45.774	0.85495				2
2025.06.18	02:05:58.527	0.85496				2
2025.06.18	02:06:01.033	0.85496				2
2025.06.18	02:06:05.701	0.85494	0.85496			6
2025.06.18	02:06:06.275		0.85497			4
2025.06.18	02:06:13.056	0.85492	0.85496			6
2025.06.18	02:06:13.889	0.85491				2
2025.06.18	02:06:14.223	0.85493	0.85497			6
2025.06.18	02:06:30.267	0.85494				2
2025.06.18	02:06:34.046		0.85496			4
2025.06.18	02:06:34.425		0.85497			4
2025.06.18	02:06:34.780		0.85498			4
2025.06.18	02:06:35.227		0.85497			4
2025.06.18	02:06:35.901		0.85498			4
2025.06.18	02:06:36.910	0.85495				2
2025.06.18	02:06:37.644		0.85497			4
2025.06.18	02:06:39.196		0.85498			4
2025.06.18	02:06:40.317		0.85497			4
2025.06.18	02:06:41.144		0.85498			4
2025.06.18	02:06:41.659		0.85497			4
2025.06.18	02:06:42.103		0.85498			4
2025.06.18	02:06:46.345		0.85497			4
2025.06.18	02:06:47.405	0.85494				2
2025.06.18	02:06:48.445		0.85498			4
2025.06.18	02:06:49.752		0.85497			4
2025.06.18	02:07:00.435	0.85493				2
2025.06.18	02:07:01.395	0.85492	0.85494			6
2025.06.18	02:07:22.828		0.85496			4
2025.06.18	02:07:23.197		0.85497			4
2025.06.18	02:07:23.820		0.85496			4
2025.06.18	02:07:31.287		0.85495			4
2025.06.18	02:07:57.414	0.85489	0.85493			6
2025.06.18	02:07:59.827	0.85491	0.85494			6
2025.06.18	02:08:00.442	0.85492	0.85495			6
2025.06.18	02:08:02.115	0.85490	0.85493			6
2025.06.18	02:08:02.423		0.85494			4
2025.06.18	02:08:04.735	0.85489				2
2025.06.18	02:08:22.376	0.85491				2
2025.06.18	02:08:45.050		0.85495			4
2025.06.18	02:08:45.365		0.85494			4
2025.06.18	02:08:46.637		0.85495			4
2025.06.18	02:08:47.111	0.85488	0.85491			6
2025.06.18	02:08:49.041		0.85492			4
2025.06.18	02:08:49.633		0.85491			4
2025.06.18	02:08:51.144		0.85492			4
2025.06.18	02:08:56.527	0.85487	0.85491			6
2025.06.18	02:08:57.147		0.85492			4
2025.06.18	02:09:01.750	0.85486	0.85491			6
2025.06.18	02:09:02.060	0.85485	0.85489			6
2025.06.18	02:09:02.471	0.85484				2
2025.06.18	02:09:12.119		0.85490			4
2025.06.18	02:09:24.408	0.85486				2
2025.06.18	02:09:25.227		0.85491			4
2025.06.18	02:09:29.648	0.85485				2
2025.06.18	02:09:33.369		0.85492			4
2025.06.18	02:09:33.678	0.85486				2
2025.06.18	02:09:33.995		0.85491			4
2025.06.18	02:09:37.722	0.85485				2
2025.06.18	02:09:38.037		0.85490			4
2025.06.18	02:09:45.027	0.85483	0.85489			6
2025.06.18	02:09:46.273		0.85490			4
2025.06.18	02:09:49.946		0.85489			4
2025.06.18	02:10:01.906	0.85483	0.85490			6
2025.06.18	02:10:06.043		0.85489			4
2025.06.18	02:10:14.459	0.85482	0.85490			6
2025.06.18	02:10:15.534	0.85483	0.85489			6
2025.06.18	02:10:20.591	0.85484	0.85490			6
2025.06.18	02:10:21.372	0.85481	0.85488			6
2025.06.18	02:10:22.869	0.85482				2
2025.06.18	02:10:37.367	0.85481	0.85486			6
2025.06.18	02:11:00.576	0.85481				2
2025.06.18	02:11:04.044	0.85483	0.85488			6
2025.06.18	02:11:07.963	0.85484	0.85489			6
2025.06.18	02:11:08.287	0.85483	0.85488			6
2025.06.18	02:11:09.295	0.85484	0.85489			6
2025.06.18	02:11:27.005	0.85485	0.85490			6
2025.06.18	02:11:28.866		0.85489			4
2025.06.18	02:11:36.903	0.85484	0.85488			6
2025.06.18	02:11:40.836		0.85487			4
2025.06.18	02:11:41.888		0.85486			4
2025.06.18	02:11:42.347		0.85487			4
2025.06.18	02:11:42.989		0.85486			4
2025.06.18	02:11:49.567	0.85482				2
2025.06.18	02:11:50.743		0.85487			4
2025.06.18	02:11:52.237		0.85486			4
2025.06.18	02:11:53.188		0.85487			4
2025.06.18	02:11:55.624		0.85486			4
2025.06.18	02:11:56.277		0.85487			4
2025.06.18	02:11:56.603		0.85486			4
2025.06.18	02:12:00.137	0.85482	0.85487			6
2025.06.18	02:12:01.684		0.85486			4
2025.06.18	02:12:02.506	0.85481	0.85484			6
2025.06.18	02:12:02.873	0.85479				2
2025.06.18	02:12:05.112	0.85484	0.85488			6
2025.06.18	02:12:05.861		0.85487			4
2025.06.18	02:12:09.028		0.85488			4
2025.06.18	02:12:15.510		0.85487			4
2025.06.18	02:12:19.750		0.85488			4
2025.06.18	02:12:21.885	0.85483				2
2025.06.18	02:12:23.529	0.85485				2
2025.06.18	02:12:23.839	0.85484				2
2025.06.18	02:12:24.449		0.85489			4
2025.06.18	02:12:31.096	0.85485				2
2025.06.18	02:12:35.106	0.85484				2
2025.06.18	02:12:35.851		0.85490			4
2025.06.18	02:12:43.392	0.85490	0.85493			6
2025.06.18	02:12:43.700	0.85489				2
2025.06.18	02:12:46.404	0.85488	0.85492			6
2025.06.18	02:12:48.348		0.85493			4
2025.06.18	02:13:00.241	0.85488				2
2025.06.18	02:13:01.388	0.85489				2
2025.06.18	02:13:08.694	0.85492	0.85495			6
2025.06.18	02:13:12.345	0.85493				2
2025.06.18	02:13:12.913	0.85491	0.85494			6
2025.06.18	02:13:15.000	0.85490	0.85493			6
2025.06.18	02:13:16.044	0.85491	0.85494			6
2025.06.18	02:13:16.347	0.85490	0.85493			6
2025.06.18	02:13:21.499		0.85494			4
2025.06.18	02:13:22.614		0.85493			4
2025.06.18	02:13:30.336	0.85489	0.85494			6
2025.06.18	02:13:32.564	0.85488	0.85493			6
2025.06.18	02:13:38.777	0.85486	0.85489			6
2025.06.18	02:13:41.937	0.85485				2
2025.06.18	02:13:44.025	0.85486	0.85488			6
2025.06.18	02:13:44.339	0.85483	0.85487			6
2025.06.18	02:13:44.672	0.85484				2
2025.06.18	02:13:56.748	0.85481	0.85486			6
2025.06.18	02:13:57.072	0.85482				2
2025.06.18	02:14:00.208	0.85482				2
2025.06.18	02:14:03.477	0.85479	0.85482			6
2025.06.18	02:14:04.151		0.85484			4
2025.06.18	02:14:04.460		0.85483			4
2025.06.18	02:14:05.494		0.85484			4
2025.06.18	02:14:07.170		0.85483			4
2025.06.18	02:14:10.400	0.85480	0.85484			6
2025.06.18	02:14:16.051	0.85481	0.85485			6
2025.06.18	02:14:27.826	0.85480	0.85484			6
2025.06.18	02:14:37.705		0.85485			4
2025.06.18	02:14:45.495	0.85481				2
2025.06.18	02:14:48.396	0.85482	0.85486			6
2025.06.18	02:14:49.602	0.85481				2
2025.06.18	02:14:50.989	0.85482				2
2025.06.18	02:14:54.852	0.85485	0.85489			6
2025.06.18	02:14:55.180	0.85484	0.85490			6
2025.06.18	02:14:57.684	0.85486				2
2025.06.18	02:15:00.136	0.85486				2
2025.06.18	02:15:04.745	0.85485				2
2025.06.18	02:15:08.281	0.85487	0.85491			6
2025.06.18	02:15:14.103	0.85486	0.85490			6
2025.06.18	02:15:14.471		0.85491			4
2025.06.18	02:15:15.814	0.85488	0.85492			6
2025.06.18	02:15:16.120		0.85491			4
2025.06.18	02:15:16.801	0.85487				2
2025.06.18	02:15:18.548	0.85488				2
2025.06.18	02:15:19.573	0.85489				2
2025.06.18	02:15:25.097	0.85488				2
2025.06.18	02:15:26.894		0.85492			4
2025.06.18	02:15:33.742	0.85487				2
2025.06.18	02:15:38.940	0.85488				2
2025.06.18	02:15:54.943	0.85489	0.85493			6
2025.06.18	02:15:55.258	0.85488				2
2025.06.18	02:15:56.289	0.85489	0.85494			6
2025.06.18	02:15:57.357	0.85490				2
2025.06.18	02:16:00.503	0.85490				2
2025.06.18	02:16:18.859		0.85493			4
2025.06.18	02:16:19.593		0.85494			4
2025.06.18	02:16:20.108		0.85493			4
2025.06.18	02:16:20.688		0.85494			4
2025.06.18	02:16:21.207		0.85493			4
2025.06.18	02:16:21.723		0.85494			4
2025.06.18	02:16:22.498		0.85493			4
2025.06.18	02:16:23.088		0.85494			4
2025.06.18	02:16:23.553		0.85493			4
2025.06.18	02:16:24.082		0.85494			4
2025.06.18	02:16:25.914		0.85493			4
2025.06.18	02:16:37.290		0.85494			4
2025.06.18	02:16:41.264		0.85493			4
2025.06.18	02:16:42.000		0.85494			4
2025.06.18	02:16:42.772		0.85493			4
2025.06.18	02:16:43.995		0.85494			4
2025.06.18	02:16:47.973	0.85491				2
2025.06.18	02:16:53.790	0.85492	0.85495			6
2025.06.18	02:17:00.430	0.85491				2
2025.06.18	02:17:00.962		0.85494			4
2025.06.18	02:17:01.386		0.85495			4
2025.06.18	02:17:02.982		0.85494			4
2025.06.18	02:17:03.490		0.85495			4
2025.06.18	02:17:03.838		0.85494			4
2025.06.18	02:17:04.593		0.85495			4
2025.06.18	02:17:22.676		0.85494			4
2025.06.18	02:17:30.377		0.85493			4
2025.06.18	02:17:31.420	0.85490	0.85494			6
2025.06.18	02:17:36.108	0.85491				2
2025.06.18	02:17:48.140	0.85492				2
2025.06.18	02:17:56.841	0.85491				2
2025.06.18	02:17:58.797		0.85493			4
2025.06.18	02:18:00.271	0.85491	0.85494			6
2025.06.18	02:18:00.799		0.85493			4
2025.06.18	02:18:01.255		0.85494			4
2025.06.18	02:18:22.123		0.85493			4
2025.06.18	02:18:22.526		0.85494			4
2025.06.18	02:18:29.612	0.85492	0.85495			6
2025.06.18	02:18:54.506		0.85496			4
2025.06.18	02:19:00.027	0.85492				2
2025.06.18	02:19:00.863		0.85497			4
2025.06.18	02:19:07.737	0.85489	0.85492			6
2025.06.18	02:19:13.005		0.85493			4
2025.06.18	02:19:41.332		0.85492			4
2025.06.18	02:19:42.908	0.85488				2
2025.06.18	02:20:00.496	0.85488				2
2025.06.18	02:20:14.672	0.85490	0.85495			6
2025.06.18	02:20:18.415	0.85491				2
2025.06.18	02:20:19.677		0.85496			4
2025.06.18	02:20:20.022		0.85495			4
2025.06.18	02:20:20.373		0.85496			4
2025.06.18	02:20:23.453	0.85492				2
2025.06.18	02:20:23.756		0.85495			4
2025.06.18	02:20:24.090		0.85496			4
2025.06.18	02:20:28.801	0.85491				2
2025.06.18	02:20:29.270		0.85495			4
2025.06.18	02:20:37.785	0.85490				2
2025.06.18	02:20:38.104	0.85492	0.85496			6
2025.06.18	02:20:41.126	0.85493	0.85497			6
2025.06.18	02:20:54.421		0.85496			4
2025.06.18	02:20:56.787	0.85492				2
2025.06.18	02:21:00.427	0.85492				2
2025.06.18	02:21:03.852		0.85495			4
2025.06.18	02:21:05.673		0.85496			4
2025.06.18	02:21:14.444		0.85495			4
2025.06.18	02:21:14.761	0.85491				2
2025.06.18	02:21:33.120		0.85494			4
2025.06.18	02:21:33.440	0.85489	0.85493			6
2025.06.18	02:21:35.368		0.85494			4
2025.06.18	02:21:40.447		0.85493			4
2025.06.18	02:21:41.926		0.85492			4
2025.06.18	02:21:43.481	0.85484	0.85490			6
2025.06.18	02:21:43.836	0.85485				2
2025.06.18	02:21:44.350		0.85489			4
2025.06.18	02:21:44.714		0.85491			4
2025.06.18	02:21:45.654	0.85481	0.85486			6
2025.06.18	02:21:45.960	0.85483	0.85488			6
2025.06.18	02:21:46.348		0.85489			4
2025.06.18	02:21:46.660	0.85484				2
2025.06.18	02:21:49.063	0.85485				2
2025.06.18	02:21:51.302		0.85490			4
2025.06.18	02:21:52.407	0.85483	0.85488			6
2025.06.18	02:21:58.445	0.85485				2
2025.06.18	02:21:59.989		0.85489			4
2025.06.18	02:22:00.371	0.85485				2
2025.06.18	02:22:26.035	0.85484				2
2025.06.18	02:22:33.286		0.85488			4
2025.06.18	02:22:38.081	0.85487	0.85492			6
2025.06.18	02:22:38.395	0.85488				2
2025.06.18	02:22:41.542	0.85487	0.85490			6
2025.06.18	02:22:41.879	0.85488	0.85493			6
2025.06.18	02:22:43.143	0.85487	0.85491			6
2025.06.18	02:22:52.744	0.85486	0.85490			6
2025.06.18	02:23:00.385	0.85486				2
2025.06.18	02:23:10.951	0.85485	0.85489			6
2025.06.18	02:23:24.301	0.85486	0.85490			6
2025.06.18	02:23:29.579	0.85487				2
2025.06.18	02:23:30.826	0.85485	0.85487			6
2025.06.18	02:23:31.497	0.85484				2
2025.06.18	02:23:32.297	0.85483	0.85486			6
2025.06.18	02:23:32.678	0.85482				2
2025.06.18	02:23:34.322		0.85487			4
2025.06.18	02:23:38.948		0.85486			4
2025.06.18	02:23:43.470	0.85486	0.85489			6
2025.06.18	02:23:45.235	0.85482	0.85485			6
2025.06.18	02:23:46.150		0.85487			4
2025.06.18	02:23:54.935	0.85483	0.85488			6
2025.06.18	02:24:01.739	0.85483				2
2025.06.18	02:24:10.260	0.85482	0.85487			6
2025.06.18	02:24:12.003	0.85483				2
2025.06.18	02:24:12.342	0.85482				2
2025.06.18	02:24:12.691	0.85483	0.85488			6
2025.06.18	02:24:13.448		0.85487			4
2025.06.18	02:24:14.477	0.85482				2
2025.06.18	02:24:16.850		0.85486			4
2025.06.18	02:24:18.350		0.85487			4
2025.06.18	02:24:25.154	0.85483				2
2025.06.18	02:24:27.601	0.85485				2
2025.06.18	02:24:32.693		0.85488			4
2025.06.18	02:25:00.083	0.85485				2
2025.06.18	02:25:04.699	0.85486				2
2025.06.18	02:25:24.767		0.85489			4
2025.06.18	02:25:27.463		0.85487			4
2025.06.18	02:25:32.261	0.85484				2
2025.06.18	02:25:36.107		0.85486			4
2025.06.18	02:25:46.602		0.85487			4
2025.06.18	02:25:47.202		0.85486			4
2025.06.18	02:25:47.626		0.85487			4
2025.06.18	02:25:48.090		0.85486			4
2025.06.18	02:25:49.638	0.85489	0.85492			6
2025.06.18	02:25:50.355	0.85491	0.85493			6
2025.06.18	02:25:51.576	0.85492				2
2025.06.18	02:25:55.758	0.85488	0.85492			6
2025.06.18	02:25:59.872	0.85489	0.85493			6
2025.06.18	02:26:00.350	0.85487	0.85492			6
2025.06.18	02:26:00.692		0.85493			4
2025.06.18	02:26:04.060	0.85492	0.85494			6
2025.06.18	02:26:04.457		0.85493			4
2025.06.18	02:26:06.873		0.85494			4
2025.06.18	02:26:07.303		0.85493			4
2025.06.18	02:26:07.619		0.85494			4
2025.06.18	02:26:08.669	0.85494	0.85495			6
2025.06.18	02:26:13.473	0.85493	0.85494			6
2025.06.18	02:26:18.911	0.85492				2
2025.06.18	02:26:25.666		0.85493			4
2025.06.18	02:26:26.103		0.85494			4
2025.06.18	02:26:32.464		0.85493			4
2025.06.18	02:26:34.780		0.85494			4
2025.06.18	02:26:39.524	0.85490	0.85492			6
2025.06.18	02:26:39.833		0.85493			4
2025.06.18	02:26:43.771	0.85491				2
2025.06.18	02:26:46.425	0.85490	0.85492			6
2025.06.18	02:27:01.547	0.85490				2
2025.06.18	02:27:12.275	0.85492	0.85494			6
2025.06.18	02:27:12.607		0.85493			4
2025.06.18	02:27:15.389	0.85490				2
2025.06.18	02:27:38.785	0.85492				2
2025.06.18	02:27:40.549	0.85490				2
2025.06.18	02:27:58.420	0.85492	0.85494			6
2025.06.18	02:27:58.757		0.85493			4
2025.06.18	02:28:00.436	0.85491				2
2025.06.18	02:28:05.587	0.85492				2
2025.06.18	02:28:11.389	0.85491	0.85492			6
2025.06.18	02:28:17.627	0.85490				2
2025.06.18	02:28:19.035		0.85493			4
2025.06.18	02:28:22.291	0.85492				2
2025.06.18	02:28:23.916	0.85493	0.85494			6
2025.06.18	02:28:27.413	0.85492				2
2025.06.18	02:28:29.183		0.85493			4
2025.06.18	02:28:29.505	0.85491				2
2025.06.18	02:28:29.904	0.85490	0.85494			6
2025.06.18	02:28:30.403		0.85493			4
2025.06.18	02:28:30.886	0.85491	0.85494			6
2025.06.18	02:28:34.134		0.85493			4
2025.06.18	02:28:41.607	0.85490				2
2025.06.18	02:28:42.646	0.85491				2
2025.06.18	02:28:52.254		0.85494			4
2025.06.18	02:28:52.857	0.85489	0.85493			6
2025.06.18	02:28:53.161		0.85492			4
2025.06.18	02:28:54.423	0.85488				2
2025.06.18	02:29:00.468	0.85488				2
2025.06.18	02:29:00.893	0.85489				2
2025.06.18	02:29:15.714	0.85485	0.85489			6
2025.06.18	02:29:16.110	0.85488	0.85491			6
2025.06.18	02:29:17.992	0.85489	0.85492			6
2025.06.18	02:29:28.372		0.85491			4
2025.06.18	02:29:30.038		0.85492			4
2025.06.18	02:29:32.804	0.85488				2
2025.06.18	02:29:33.927	0.85489				2
2025.06.18	02:29:34.637	0.85486	0.85489			6
2025.06.18	02:29:42.907	0.85488	0.85491			6
2025.06.18	02:30:00.440	0.85485	0.85489			6
2025.06.18	02:30:01.667	0.85489	0.85492			6
2025.06.18	02:30:01.989	0.85487	0.85493			6
2025.06.18	02:30:02.300	0.85490	0.85492			6
2025.06.18	02:30:03.054	0.85488				2
2025.06.18	02:30:03.932	0.85486	0.85490			6
2025.06.18	02:30:04.238	0.85487				2
2025.06.18	02:30:04.892	0.85488	0.85491			6
2025.06.18	02:30:05.442	0.85487	0.85492			6
2025.06.18	02:30:05.758		0.85490			4
2025.06.18	02:30:06.061	0.85486				2
2025.06.18	02:30:12.095	0.85485				2
2025.06.18	02:30:13.208	0.85486				2
2025.06.18	02:30:15.622		0.85489			4
2025.06.18	02:30:15.930	0.85485				2
2025.06.18	02:30:18.153	0.85486				2
2025.06.18	02:30:18.541	0.85485				2
2025.06.18	02:30:25.474	0.85486				2
2025.06.18	02:30:33.401	0.85485				2
2025.06.18	02:30:35.526	0.85486	0.85488			6
2025.06.18	02:30:40.393		0.85490			4
2025.06.18	02:31:00.570	0.85486				2
2025.06.18	02:31:01.333		0.85491			4
2025.06.18	02:31:06.741	0.85487				2
2025.06.18	02:31:20.120	0.85486	0.85489			6
2025.06.18	02:31:35.700	0.85488	0.85491			6
2025.06.18	02:31:37.542	0.85489				2
2025.06.18	02:31:38.033	0.85486	0.85489			6
2025.06.18	02:31:43.629	0.85485				2
2025.06.18	02:31:43.962		0.85488			4
2025.06.18	02:31:45.495		0.85489			4
2025.06.18	02:31:45.852		0.85488			4
2025.06.18	02:31:47.507		0.85489			4
2025.06.18	02:31:52.090	0.85486				2
2025.06.18	02:31:55.436	0.85485	0.85488			6
2025.06.18	02:32:00.523	0.85485				2
2025.06.18	02:32:02.236	0.85483	0.85487			6
2025.06.18	02:32:11.107	0.85482	0.85486			6
2025.06.18	02:32:31.729	0.85484	0.85487			6
2025.06.18	02:32:32.039	0.85485				2
2025.06.18	02:32:34.664	0.85484				2
2025.06.18	02:32:44.703	0.85482	0.85486			6
2025.06.18	02:32:52.212	0.85483				2
2025.06.18	02:33:00.462	0.85483				2
2025.06.18	02:33:07.186		0.85487			4
2025.06.18	02:33:17.070	0.85484				2
2025.06.18	02:33:27.934	0.85483	0.85486			6
2025.06.18	02:33:33.079		0.85484			4
2025.06.18	02:34:00.139	0.85483				2
2025.06.18	02:34:03.753	0.85480	0.85481			6
2025.06.18	02:34:04.059		0.85482			4
2025.06.18	02:34:04.381	0.85481				2
2025.06.18	02:34:05.552		0.85484			4
2025.06.18	02:34:09.908	0.85479	0.85483			6
2025.06.18	02:34:15.899		0.85482			4
2025.06.18	02:34:31.470	0.85478				2
2025.06.18	02:34:51.265		0.85481			4
2025.06.18	02:34:59.627	0.85480	0.85484			6
2025.06.18	02:34:59.940		0.85485			4
2025.06.18	02:35:00.281	0.85481	0.85484			6
2025.06.18	02:35:03.739		0.85485			4
2025.06.18	02:35:11.608	0.85482	0.85486			6
2025.06.18	02:35:15.820	0.85481				2
2025.06.18	02:35:19.339	0.85483	0.85487			6
2025.06.18	02:35:32.144		0.85486			4
2025.06.18	02:35:32.461	0.85482	0.85485			6
2025.06.18	02:35:34.773	0.85481				2
2025.06.18	02:35:38.207	0.85482				2
2025.06.18	02:35:43.732	0.85481				2
2025.06.18	02:35:46.389	0.85478	0.85483			6
2025.06.18	02:35:46.700	0.85479				2
2025.06.18	02:35:47.024	0.85482	0.85485			6
2025.06.18	02:35:49.756		0.85486			4
2025.06.18	02:35:50.107		0.85487			4
2025.06.18	02:35:50.983	0.85481	0.85485			6
2025.06.18	02:35:53.357		0.85486			4
2025.06.18	02:35:54.349	0.85482				2
2025.06.18	02:35:55.932	0.85481				2
2025.06.18	02:35:58.676	0.85482				2
2025.06.18	02:35:59.360	0.85481	0.85485			6
2025.06.18	02:36:00.062	0.85481				2
2025.06.18	02:36:10.477		0.85486			4
2025.06.18	02:36:20.574	0.85482				2
2025.06.18	02:36:26.162	0.85481	0.85485			6
2025.06.18	02:36:27.900		0.85484			4
2025.06.18	02:36:28.272	0.85480				2
2025.06.18	02:36:30.160	0.85481				2
2025.06.18	02:36:41.497	0.85483	0.85488			6
2025.06.18	02:36:43.282	0.85484				2
2025.06.18	02:36:49.259	0.85485				2
2025.06.18	02:36:50.549		0.85489			4
2025.06.18	02:36:52.549	0.85486				2
2025.06.18	02:36:52.851		0.85488			4
2025.06.18	02:36:56.624	0.85485	0.85489			6
2025.06.18	02:37:00.148	0.85485				2
2025.06.18	02:37:01.424	0.85484				2
2025.06.18	02:37:03.142	0.85485				2
2025.06.18	02:37:10.444		0.85490			4
2025.06.18	02:37:10.748	0.85486				2
2025.06.18	02:37:11.168	0.85487				2
2025.06.18	02:37:12.118		0.85491			4
2025.06.18	02:37:12.428	0.85488				2
2025.06.18	02:37:18.493		0.85492			4
2025.06.18	02:37:22.406	0.85486	0.85491			6
2025.06.18	02:37:28.807	0.85487				2
2025.06.18	02:37:35.623	0.85486	0.85489			6
2025.06.18	02:37:35.973	0.85487	0.85491			6
2025.06.18	02:37:36.282	0.85486				2
2025.06.18	02:37:36.690		0.85490			4
2025.06.18	02:37:53.547		0.85491			4
2025.06.18	02:38:00.574	0.85486				2
2025.06.18	02:38:01.388	0.85487				2
2025.06.18	02:38:06.201	0.85486				2
2025.06.18	02:38:08.204		0.85490			4
2025.06.18	02:38:25.347		0.85491			4
2025.06.18	02:38:28.928		0.85490			4
2025.06.18	02:38:29.831	0.85487	0.85491			6
2025.06.18	02:38:31.558	0.85486	0.85492			6
2025.06.18	02:38:32.662		0.85491			4
2025.06.18	02:38:39.349	0.85485	0.85490			6
2025.06.18	02:38:44.755	0.85486	0.85491			6
2025.06.18	02:38:45.061	0.85487				2
2025.06.18	02:38:45.459	0.85486	0.85489			6
2025.06.18	02:38:45.824	0.85485				2
2025.06.18	02:38:46.347		0.85490			4
2025.06.18	02:38:47.504	0.85486	0.85491			6
2025.06.18	02:38:47.806	0.85485	0.85490			6
2025.06.18	02:38:52.298	0.85486				2
2025.06.18	02:38:53.172	0.85485	0.85488			6
2025.06.18	02:38:54.518		0.85490			4
2025.06.18	02:38:57.557	0.85487	0.85491			6
2025.06.18	02:39:00.598	0.85488	0.85492			6
2025.06.18	02:39:00.928		0.85493			4
2025.06.18	02:39:06.880		0.85492			4
2025.06.18	02:39:13.779	0.85487	0.85490			6
2025.06.18	02:39:14.108	0.85486	0.85489			6
2025.06.18	02:39:14.826	0.85485	0.85488			6
2025.06.18	02:39:15.133	0.85486				2
2025.06.18	02:39:15.633	0.85485	0.85489			6
2025.06.18	02:39:19.542	0.85487	0.85490			6
2025.06.18	02:39:22.343	0.85483	0.85487			6
2025.06.18	02:39:29.227		0.85488			4
2025.06.18	02:39:30.417		0.85489			4
2025.06.18	02:39:30.717	0.85484	0.85488			6
2025.06.18	02:39:34.294	0.85483	0.85487			6
2025.06.18	02:39:52.848	0.85484	0.85488			6
2025.06.18	02:40:00.811	0.85484	0.85490			6
2025.06.18	02:40:01.123	0.85485				2
2025.06.18	02:40:01.425		0.85489			4
2025.06.18	02:40:02.410	0.85487	0.85491			6
2025.06.18	02:40:02.719	0.85488	0.85493			6
2025.06.18	02:40:05.171	0.85489				2
2025.06.18	02:40:05.927		0.85494			4
2025.06.18	02:40:10.716		0.85495			4
2025.06.18	02:40:13.197	0.85490				2
2025.06.18	02:40:16.848		0.85496			4
2025.06.18	02:40:24.012		0.85495			4
2025.06.18	02:40:28.248	0.85489	0.85494			6
2025.06.18	02:40:32.713		0.85493			4
2025.06.18	02:40:41.447		0.85494			4
2025.06.18	02:40:42.417	0.85488	0.85493			6
2025.06.18	02:40:55.758	0.85487	0.85492			6
2025.06.18	02:41:00.419	0.85487				2
2025.06.18	02:41:02.119		0.85491			4
2025.06.18	02:41:22.126		0.85492			4
2025.06.18	02:41:26.278	0.85490	0.85495			6
2025.06.18	02:41:30.841	0.85487	0.85490			6
2025.06.18	02:41:33.629	0.85486				2
2025.06.18	02:41:33.999		0.85489			4
2025.06.18	02:41:34.353	0.85485				2
2025.06.18	02:41:34.659	0.85486				2
2025.06.18	02:41:38.642	0.85484	0.85488			6
2025.06.18	02:41:38.977	0.85483	0.85487			6
2025.06.18	02:41:39.646		0.85486			4
2025.06.18	02:41:40.417	0.85482				2
2025.06.18	02:41:57.852	0.85484	0.85487			6
2025.06.18	02:41:59.424		0.85488			4
2025.06.18	02:41:59.772	0.85486	0.85489			6
2025.06.18	02:42:00.100	0.85486				2
2025.06.18	02:42:09.899	0.85485				2
2025.06.18	02:42:13.965	0.85486				2
2025.06.18	02:42:20.261		0.85490			4
2025.06.18	02:42:26.120	0.85487				2
2025.06.18	02:42:31.298		0.85491			4
2025.06.18	02:42:39.953	0.85489	0.85492			6
2025.06.18	02:42:40.335		0.85493			4
2025.06.18	02:42:57.850	0.85488				2
2025.06.18	02:42:58.796	0.85491	0.85495			6
2025.06.18	02:42:59.098	0.85492	0.85494			6
2025.06.18	02:43:00.476	0.85493				2
2025.06.18	02:43:00.947	0.85490				2
2025.06.18	02:43:01.248		0.85495			4
2025.06.18	02:43:41.393	0.85491				2
2025.06.18	02:43:42.740	0.85492				2
2025.06.18	02:43:43.165		0.85496			4
2025.06.18	02:43:44.474	0.85490	0.85495			6
2025.06.18	02:43:47.364		0.85494			4
2025.06.18	02:43:49.952	0.85491				2
2025.06.18	02:43:50.915		0.85495			4
2025.06.18	02:43:53.988	0.85490				2
2025.06.18	02:43:54.316		0.85494			4
2025.06.18	02:44:00.445	0.85490				2
2025.06.18	02:44:01.423		0.85495			4
2025.06.18	02:44:01.881		0.85494			4
2025.06.18	02:44:05.928	0.85491				2
2025.06.18	02:44:06.371		0.85495			4
2025.06.18	02:44:16.997	0.85490	0.85494			6
2025.06.18	02:44:20.250	0.85491				2
2025.06.18	02:44:31.092	0.85490				2
2025.06.18	02:44:41.986	0.85489	0.85493			6
2025.06.18	02:44:48.138	0.85490				2
2025.06.18	02:44:51.346		0.85494			4
2025.06.18	02:44:54.395	0.85493	0.85496			6
2025.06.18	02:44:54.822	0.85487	0.85492			6
2025.06.18	02:44:55.148	0.85489				2
2025.06.18	02:44:58.357		0.85493			4
2025.06.18	02:44:58.930	0.85490				2
2025.06.18	02:45:00.392	0.85487	0.85491			6
2025.06.18	02:45:05.023	0.85488				2
2025.06.18	02:45:06.881	0.85487				2
2025.06.18	02:45:07.961		0.85490			4
2025.06.18	02:45:13.864		0.85491			4
2025.06.18	02:45:14.243		0.85490			4
2025.06.18	02:45:16.197	0.85488	0.85492			6
2025.06.18	02:45:17.215		0.85493			4
2025.06.18	02:45:17.520	0.85486	0.85490			6
2025.06.18	02:45:18.223	0.85485	0.85491			6
2025.06.18	02:45:34.786		0.85490			4
2025.06.18	02:45:35.823	0.85486				2
2025.06.18	02:45:40.480		0.85491			4
2025.06.18	02:45:41.280		0.85490			4
2025.06.18	02:45:45.180		0.85491			4
2025.06.18	02:45:46.034	0.85487	0.85492			6
2025.06.18	02:45:48.763	0.85492	0.85495			6
2025.06.18	02:45:49.079	0.85495	0.85499			6
2025.06.18	02:45:51.708	0.85496				2
2025.06.18	02:45:57.554	0.85495	0.85498			6
2025.06.18	02:45:57.926		0.85497			4
2025.06.18	02:45:58.586	0.85493	0.85495			6
2025.06.18	02:45:59.124		0.85496			4
2025.06.18	02:46:00.070	0.85493				2
2025.06.18	02:46:02.795	0.85495	0.85498			6
2025.06.18	02:46:25.252	0.85496				2
2025.06.18	02:46:26.612	0.85493	0.85496			6
2025.06.18	02:46:32.273		0.85495			4
2025.06.18	02:46:36.701	0.85494	0.85497			6
2025.06.18	02:46:42.123	0.85495				2
2025.06.18	02:46:52.979	0.85494				2
2025.06.18	02:46:54.444	0.85495				2
2025.06.18	02:46:59.932		0.85496			4
2025.06.18	02:47:00.478	0.85494				2
2025.06.18	02:47:07.817	0.85495				2
2025.06.18	02:47:18.989		0.85497			4
2025.06.18	02:47:21.562		0.85496			4
2025.06.18	02:48:00.452	0.85495				2
2025.06.18	02:48:07.958	0.85497	0.85498			6
2025.06.18	02:48:09.522	0.85495	0.85496			6
2025.06.18	02:48:16.206	0.85496	0.85498			6
2025.06.18	02:48:16.913	0.85495	0.85496			6
2025.06.18	02:48:18.148	0.85494	0.85495			6
2025.06.18	02:48:27.404	0.85492				2
2025.06.18	02:48:30.427		0.85496			4
2025.06.18	02:48:44.903		0.85497			4
2025.06.18	02:48:47.317	0.85496	0.85498			6
2025.06.18	02:48:56.740	0.85497				2
2025.06.18	02:49:00.476	0.85496				2
2025.06.18	02:49:03.445	0.85495				2
2025.06.18	02:49:25.307	0.85494				2
2025.06.18	02:49:26.049	0.85495				2
2025.06.18	02:49:31.357		0.85497			4
2025.06.18	02:49:39.030	0.85494				2
2025.06.18	02:49:39.899	0.85493				2
2025.06.18	02:49:41.164	0.85491	0.85495			6
2025.06.18	02:49:41.470	0.85492	0.85496			6
2025.06.18	02:49:43.140	0.85491	0.85495			6
2025.06.18	02:49:45.073	0.85490				2
2025.06.18	02:49:53.577	0.85491				2
2025.06.18	02:49:57.021	0.85490	0.85494			6
2025.06.18	02:49:58.819	0.85491	0.85495			6
2025.06.18	02:49:59.258	0.85490	0.85494			6
2025.06.18	02:50:00.279	0.85491	0.85495			6
2025.06.18	02:50:02.844	0.85489	0.85492			6
2025.06.18	02:50:07.406		0.85493			4
2025.06.18	02:50:10.671	0.85492	0.85496			6
2025.06.18	02:50:13.777		0.85497			4
2025.06.18	02:50:18.161	0.85490	0.85494			6
2025.06.18	02:50:18.463	0.85491				2
2025.06.18	02:50:21.020	0.85490				2
2025.06.18	02:50:22.212		0.85495			4
2025.06.18	02:50:22.703	0.85491	0.85494			6
2025.06.18	02:50:27.430	0.85489				2
2025.06.18	02:50:27.827		0.85493			4
2025.06.18	02:50:28.450	0.85488				2
2025.06.18	02:50:30.227	0.85492	0.85496			6
2025.06.18	02:50:30.574	0.85490	0.85493			6
2025.06.18	02:50:31.467	0.85485	0.85489			6
2025.06.18	02:50:31.779	0.85484				2
2025.06.18	02:50:32.124	0.85486	0.85490			6
2025.06.18	02:50:32.809	0.85487				2
2025.06.18	02:50:35.215		0.85491			4
2025.06.18	02:50:35.597	0.85488				2
2025.06.18	02:50:36.273	0.85487				2
2025.06.18	02:50:38.345	0.85488				2
2025.06.18	02:50:42.901	0.85487				2
2025.06.18	02:50:46.305		0.85492			4
2025.06.18	02:50:46.612		0.85491			4
2025.06.18	02:50:46.996		0.85492			4
2025.06.18	02:50:47.371	0.85488				2
2025.06.18	02:50:50.426	0.85489				2
2025.06.18	02:50:51.053	0.85487	0.85491			6
2025.06.18	02:50:56.452	0.85492	0.85495			6
2025.06.18	02:50:56.757	0.85490	0.85492			6
2025.06.18	02:50:58.652	0.85492	0.85495			6
2025.06.18	02:50:59.945	0.85490	0.85494			6
2025.06.18	02:51:00.250	0.85489				2
2025.06.18	02:51:00.625	0.85490				2
2025.06.18	02:51:01.337	0.85487	0.85493			6
2025.06.18	02:51:01.642	0.85488				2
2025.06.18	02:51:02.292	0.85489				2
2025.06.18	02:51:03.834	0.85490				2
2025.06.18	02:51:06.261	0.85489				2
2025.06.18	02:51:12.488	0.85488				2
2025.06.18	02:51:16.939	0.85492	0.85496			6
2025.06.18	02:51:17.247	0.85493	0.85497			6
2025.06.18	02:51:18.410		0.85499			4
2025.06.18	02:51:22.798	0.85495				2
2025.06.18	02:51:26.103	0.85494				2
2025.06.18	02:51:28.409		0.85498			4
2025.06.18	02:51:30.432		0.85497			4
2025.06.18	02:51:32.630	0.85495	0.85498			6
2025.06.18	02:51:33.744	0.85490	0.85493			6
2025.06.18	02:51:34.713	0.85488				2
2025.06.18	02:51:41.451	0.85489	0.85494			6
2025.06.18	02:51:42.108	0.85490	0.85493			6
2025.06.18	02:51:42.419	0.85488	0.85494			6
2025.06.18	02:51:44.505	0.85491	0.85496			6
2025.06.18	02:51:45.168		0.85495			4
2025.06.18	02:51:52.305	0.85489	0.85493			6
2025.06.18	02:51:56.986		0.85492			4
2025.06.18	02:51:58.971		0.85493			4
2025.06.18	02:52:00.143	0.85489				2
2025.06.18	02:52:00.460	0.85488	0.85492			6
2025.06.18	02:52:00.797	0.85489	0.85493			6
2025.06.18	02:52:01.106	0.85490	0.85494			6
2025.06.18	02:52:01.846	0.85489	0.85492			6
2025.06.18	02:52:02.181	0.85488	0.85493			6
2025.06.18	02:52:02.491	0.85487	0.85492			6
2025.06.18	02:52:02.806	0.85488	0.85491			6
2025.06.18	02:52:03.168	0.85487				2
2025.06.18	02:52:03.473	0.85488				2
2025.06.18	02:52:05.394	0.85487				2
2025.06.18	02:52:05.727		0.85492			4
2025.06.18	02:52:06.076	0.85486	0.85491			6
2025.06.18	02:52:07.050		0.85492			4
2025.06.18	02:52:07.547	0.85489	0.85494			6
2025.06.18	02:52:07.908		0.85493			4
2025.06.18	02:52:09.108	0.85488	0.85492			6
2025.06.18	02:52:11.020	0.85487	0.85490			6
2025.06.18	02:52:11.399		0.85491			4
2025.06.18	02:52:12.424		0.85490			4
2025.06.18	02:52:14.617		0.85491			4
2025.06.18	02:52:17.227		0.85490			4
2025.06.18	02:52:18.828	0.85486				2
2025.06.18	02:52:20.644	0.85487				2
2025.06.18	02:52:22.427	0.85486				2
2025.06.18	02:52:32.266	0.85487				2
2025.06.18	02:52:33.948	0.85488	0.85493			6
2025.06.18	02:52:34.259	0.85490	0.85494			6
2025.06.18	02:52:34.903	0.85491				2
2025.06.18	02:52:39.552		0.85495			4
2025.06.18	02:52:41.598	0.85492				2
2025.06.18	02:52:41.923	0.85491				2
2025.06.18	02:52:42.247	0.85490				2
2025.06.18	02:52:42.564	0.85489				2
2025.06.18	02:52:42.932	0.85491				2
2025.06.18	02:52:44.758		0.85494			4
2025.06.18	02:52:45.096		0.85495			4
2025.06.18	02:52:46.008		0.85494			4
2025.06.18	02:52:46.641	0.85490	0.85495			6
2025.06.18	02:52:47.168		0.85494			4
2025.06.18	02:52:47.920	0.85491	0.85495			6
2025.06.18	02:52:48.233	0.85492				2
2025.06.18	02:52:48.818	0.85493	0.85496			6
2025.06.18	02:52:49.971		0.85497			4
2025.06.18	02:52:50.274	0.85494				2
2025.06.18	02:52:50.604	0.85493	0.85498			6
2025.06.18	02:52:50.924	0.85494				2
2025.06.18	02:52:55.248	0.85495				2
2025.06.18	02:52:55.930	0.85494	0.85497			6
2025.06.18	02:52:58.562		0.85498			4
2025.06.18	02:52:58.893		0.85497			4
2025.06.18	02:53:00.008	0.85494	0.85498			6
2025.06.18	02:53:00.892		0.85497			4
2025.06.18	02:53:01.924	0.85492				2
2025.06.18	02:53:02.239	0.85493				2
2025.06.18	02:53:03.032	0.85494				2
2025.06.18	02:53:07.768	0.85493				2
2025.06.18	02:53:09.547	0.85494				2
2025.06.18	02:53:11.962		0.85498			4
2025.06.18	02:53:22.115	0.85495				2
2025.06.18	02:53:24.968	0.85493	0.85497			6
2025.06.18	02:53:25.470	0.85494				2
2025.06.18	02:53:30.118	0.85493				2
2025.06.18	02:53:31.232	0.85494				2
2025.06.18	02:53:32.788	0.85493				2
2025.06.18	02:53:34.652	0.85494				2
2025.06.18	02:53:35.750		0.85498			4
2025.06.18	02:53:36.059		0.85497			4
2025.06.18	02:53:42.142		0.85498			4
2025.06.18	02:53:49.831		0.85497			4
2025.06.18	02:53:52.273	0.85493				2
2025.06.18	02:53:54.475	0.85494				2
2025.06.18	02:53:57.405	0.85495				2
2025.06.18	02:53:57.720	0.85492	0.85495			6
2025.06.18	02:53:58.647	0.85490				2
2025.06.18	02:53:59.319	0.85489				2
2025.06.18	02:54:00.460	0.85491				2
2025.06.18	02:54:01.217	0.85493	0.85496			6
2025.06.18	02:54:08.127	0.85491	0.85494			6
