<DATE>	<TIME>	<BID>	<ASK>	<LAST>	<VOLUME>	<FLAGS>
2025.03.05	00:00:00.254	0.83003	0.83063			6
2025.03.05	00:00:00.557	0.83016	0.83090			6
2025.03.05	00:00:01.009	0.82970	0.83088			6
2025.03.05	00:00:30.973	0.82997	0.83111			6
2025.03.05	00:01:02.199	0.82994	0.83110			6
2025.03.05	00:01:29.301	0.82964	0.83127			6
2025.03.05	00:01:44.136	0.82994	0.83093			6
2025.03.05	00:01:51.764	0.82969	0.83127			6
2025.03.05	00:01:54.344	0.83000	0.83099			6
2025.03.05	00:02:14.320	0.83000	0.83111			6
2025.03.05	00:02:25.476	0.82998	0.83110			6
2025.03.05	00:02:55.942	0.83005	0.83109			6
2025.03.05	00:03:00.279	0.83005				2
2025.03.05	00:04:00.961	0.83005	0.83109			6
2025.03.05	00:04:55.938	0.83006				2
2025.03.05	00:04:58.838	0.83000	0.83108			6
2025.03.05	00:05:00.600	0.83000				2
2025.03.05	00:05:01.186		0.83078			4
2025.03.05	00:05:02.306		0.83064			4
2025.03.05	00:05:05.131		0.83072			4
2025.03.05	00:05:49.652	0.83008	0.83080			6
2025.03.05	00:05:52.061	0.83006				2
2025.03.05	00:06:00.319	0.83006				2
2025.03.05	00:06:04.305		0.83108			4
2025.03.05	00:06:07.211	0.83008				2
2025.03.05	00:06:42.155	0.83003	0.83106			6
2025.03.05	00:07:00.370	0.83003				2
2025.03.05	00:07:06.303		0.83100			4
2025.03.05	00:07:10.369	0.83004				2
2025.03.05	00:07:11.652	0.83007				2
2025.03.05	00:07:18.361	0.83008				2
2025.03.05	00:07:21.967		0.83083			4
2025.03.05	00:08:01.304	0.83008				2
2025.03.05	00:08:02.567	0.83006				2
2025.03.05	00:08:08.855	0.83009				2
2025.03.05	00:08:21.895		0.83093			4
2025.03.05	00:08:24.170		0.83077			4
2025.03.05	00:08:42.357	0.83008				2
2025.03.05	00:08:49.553	0.83021				2
2025.03.05	00:08:52.917	0.83007				2
2025.03.05	00:08:55.175	0.83008				2
2025.03.05	00:08:56.275		0.83092			4
2025.03.05	00:09:00.334	0.83008				2
2025.03.05	00:09:17.558	0.83011				2
2025.03.05	00:09:30.089		0.83108			4
2025.03.05	00:09:46.533	0.83010				2
2025.03.05	00:09:52.921		0.83109			4
2025.03.05	00:09:55.727		0.83105			4
2025.03.05	00:09:56.353		0.83108			4
2025.03.05	00:10:00.323	0.83010	0.83079			6
2025.03.05	00:10:05.030		0.83078			4
2025.03.05	00:10:07.941		0.83074			4
2025.03.05	00:10:09.690		0.83078			4
2025.03.05	00:10:14.127	0.83020	0.83080			6
2025.03.05	00:10:25.055	0.83018	0.83078			6
2025.03.05	00:10:32.012	0.83019	0.83079			6
2025.03.05	00:10:44.717	0.83018	0.83078			6
2025.03.05	00:10:45.321	0.83017	0.83077			6
2025.03.05	00:10:51.065	0.83026	0.83086			6
2025.03.05	00:10:51.370	0.83027	0.83087			6
2025.03.05	00:10:54.698	0.83026	0.83086			6
2025.03.05	00:10:56.209	0.83027	0.83087			6
2025.03.05	00:10:57.116	0.83026	0.83086			6
2025.03.05	00:11:00.190	0.83026				2
2025.03.05	00:11:05.935	0.83025	0.83085			6
2025.03.05	00:11:15.309	0.83026	0.83086			6
2025.03.05	00:11:19.542	0.83014	0.83094			6
2025.03.05	00:11:21.641	0.83019	0.83103			6
2025.03.05	00:11:23.089	0.83026	0.83086			6
2025.03.05	00:11:23.724	0.83016	0.83091			6
2025.03.05	00:11:29.542	0.83026	0.83086			6
2025.03.05	00:11:30.178	0.83016	0.83091			6
2025.03.05	00:11:31.620		0.83089			4
2025.03.05	00:11:35.936	0.83023	0.83083			6
2025.03.05	00:11:36.579	0.83016	0.83089			6
2025.03.05	00:11:42.355	0.83023	0.83083			6
2025.03.05	00:11:43.285	0.83016	0.83089			6
2025.03.05	00:11:44.365	0.83011	0.83083			6
2025.03.05	00:11:48.929	0.83022	0.83082			6
2025.03.05	00:11:49.535	0.83011	0.83083			6
2025.03.05	00:12:00.705	0.83007	0.83079			6
2025.03.05	00:12:13.890	0.83010				2
2025.03.05	00:12:14.301	0.83011				2
2025.03.05	00:12:14.915		0.83081			4
2025.03.05	00:12:19.252		0.83079			4
2025.03.05	00:12:19.977	0.83010	0.83081			6
2025.03.05	00:12:20.614	0.83012	0.83084			6
2025.03.05	00:12:21.830	0.83011	0.83083			6
2025.03.05	00:12:25.139	0.83010	0.83082			6
2025.03.05	00:12:25.447	0.83015	0.83081			6
2025.03.05	00:12:26.636		0.83082			4
2025.03.05	00:12:28.735	0.83014	0.83078			6
2025.03.05	00:12:29.047	0.83010				2
2025.03.05	00:12:30.032		0.83079			4
2025.03.05	00:12:32.828	0.83013	0.83083			6
2025.03.05	00:12:33.146	0.83010	0.83078			6
2025.03.05	00:12:49.056		0.83077			4
2025.03.05	00:13:00.370	0.83010				2
2025.03.05	00:13:07.132		0.83076			4
2025.03.05	00:13:34.500	0.83013	0.83080			6
2025.03.05	00:13:34.994	0.83011	0.83077			6
2025.03.05	00:13:35.332	0.83010	0.83073			6
2025.03.05	00:13:48.062		0.83069			4
2025.03.05	00:13:52.421		0.83074			4
2025.03.05	00:13:53.031		0.83069			4
2025.03.05	00:13:56.702		0.83073			4
2025.03.05	00:14:00.370	0.83010				2
2025.03.05	00:14:02.140	0.83011				2
2025.03.05	00:14:02.550		0.83075			4
2025.03.05	00:14:02.871		0.83065			4
2025.03.05	00:14:03.349		0.83069			4
2025.03.05	00:14:07.563	0.83015	0.83076			6
2025.03.05	00:14:08.297	0.83017	0.83117			6
2025.03.05	00:14:10.115	0.83018				2
2025.03.05	00:14:11.255	0.83022				2
2025.03.05	00:14:15.016	0.83026				2
2025.03.05	00:14:15.962	0.83025	0.83133			6
2025.03.05	00:14:22.846		0.83131			4
2025.03.05	00:14:25.646	0.83033				2
2025.03.05	00:14:27.669	0.83038				2
2025.03.05	00:14:28.088	0.83030	0.83130			6
2025.03.05	00:14:30.416	0.83026				2
2025.03.05	00:14:38.272	0.83025	0.83120			6
2025.03.05	00:14:43.451	0.83026				2
2025.03.05	00:14:50.684	0.83025	0.83117			6
2025.03.05	00:14:51.179	0.83026				2
2025.03.05	00:14:51.816	0.83025	0.83116			6
2025.03.05	00:14:55.857		0.83100			4
2025.03.05	00:14:59.356	0.83029	0.83117			6
2025.03.05	00:15:00.406	0.83029				2
2025.03.05	00:15:00.964	0.83030				2
2025.03.05	00:15:06.992		0.83118			4
2025.03.05	00:15:08.101	0.83027	0.83103			6
2025.03.05	00:15:11.856	0.83019	0.83080			6
2025.03.05	00:15:15.235	0.83020	0.83079			6
2025.03.05	00:15:22.100	0.83019	0.83080			6
2025.03.05	00:15:23.324	0.83011	0.83079			6
2025.03.05	00:15:38.933	0.83010				2
2025.03.05	00:16:00.380	0.83025	0.83090			6
2025.03.05	00:16:10.433	0.83024				2
2025.03.05	00:16:13.818	0.83012	0.83077			6
2025.03.05	00:16:14.306	0.83024	0.83094			6
2025.03.05	00:16:20.770	0.83025	0.83093			6
2025.03.05	00:16:29.276	0.83026	0.83092			6
2025.03.05	00:16:31.219	0.83025	0.83093			6
2025.03.05	00:16:44.839	0.83020	0.83077			6
2025.03.05	00:16:46.754		0.83078			4
2025.03.05	00:17:09.304	0.83020				2
2025.03.05	00:17:14.334		0.83077			4
2025.03.05	00:17:28.891		0.83078			4
2025.03.05	00:17:41.624	0.83021	0.83077			6
2025.03.05	00:18:04.314	0.83021				2
2025.03.05	00:18:08.314	0.83020				2
2025.03.05	00:18:10.813	0.83019				2
2025.03.05	00:18:20.414	0.83020				2
2025.03.05	00:18:20.936		0.83076			4
2025.03.05	00:18:23.191	0.83001	0.83071			6
2025.03.05	00:18:23.523		0.83070			4
2025.03.05	00:18:24.024	0.83011				2
2025.03.05	00:18:24.326	0.82999	0.83069			6
2025.03.05	00:18:24.627		0.83067			4
2025.03.05	00:18:26.505	0.82996	0.83066			6
2025.03.05	00:18:26.813	0.82998	0.83064			6
2025.03.05	00:18:27.810	0.83009	0.83068			6
2025.03.05	00:18:28.238	0.82998	0.83065			6
2025.03.05	00:18:28.659	0.82996	0.83070			6
2025.03.05	00:18:28.965	0.82998	0.83065			6
2025.03.05	00:18:29.620	0.83009	0.83068			6
2025.03.05	00:18:29.925	0.82997	0.83072			6
2025.03.05	00:18:30.228	0.83010	0.83070			6
2025.03.05	00:18:30.549	0.83012	0.83072			6
2025.03.05	00:18:32.340	0.82996	0.83067			6
2025.03.05	00:18:32.646		0.83069			4
2025.03.05	00:18:32.948	0.82997	0.83065			6
2025.03.05	00:18:33.360	0.83008	0.83069			6
2025.03.05	00:18:34.303	0.82999	0.83064			6
2025.03.05	00:18:35.333	0.82998	0.83065			6
2025.03.05	00:18:39.152	0.83001	0.83062			6
2025.03.05	00:18:47.733		0.83063			4
2025.03.05	00:18:48.064	0.83007	0.83070			6
2025.03.05	00:18:48.677	0.83006	0.83069			6
2025.03.05	00:18:53.034		0.83070			4
2025.03.05	00:18:55.133	0.83005				2
2025.03.05	00:18:55.893	0.83008	0.83072			6
2025.03.05	00:19:06.360	0.83008				2
2025.03.05	00:19:08.933	0.83007				2
2025.03.05	00:19:19.133		0.83073			4
2025.03.05	00:19:39.532	0.83006				2
2025.03.05	00:19:56.634		0.83074			4
2025.03.05	00:20:06.388	0.83006				2
2025.03.05	00:20:35.937	0.83005				2
2025.03.05	00:20:43.637	0.83004	0.83071			6
2025.03.05	00:20:44.033	0.83002	0.83069			6
2025.03.05	00:20:44.694	0.82999	0.83067			6
2025.03.05	00:20:50.734	0.82996	0.83064			6
2025.03.05	00:20:54.394	0.83006	0.83055			6
2025.03.05	00:20:55.305	0.82997	0.83052			6
2025.03.05	00:20:55.733		0.83059			4
2025.03.05	00:20:56.571		0.83056			4
2025.03.05	00:20:58.227		0.83057			4
2025.03.05	00:21:00.317	0.82997				2
2025.03.05	00:21:08.380	0.83004	0.83052			6
2025.03.05	00:21:21.473		0.83048			4
2025.03.05	00:22:00.269	0.83004	0.83053			6
2025.03.05	00:22:27.861		0.83049			4
2025.03.05	00:22:49.774	0.82989	0.83045			6
2025.03.05	00:22:50.964		0.83049			4
2025.03.05	00:22:55.820	0.82985	0.83050			6
2025.03.05	00:22:56.332		0.83046			4
2025.03.05	00:23:00.364	0.82985				2
2025.03.05	00:23:02.022		0.83050			4
2025.03.05	00:23:02.363		0.83046			4
2025.03.05	00:23:03.412		0.83052			4
2025.03.05	00:23:06.809	0.83000	0.83055			6
2025.03.05	00:23:16.945	0.82997	0.83053			6
2025.03.05	00:23:34.508		0.83055			4
2025.03.05	00:23:42.565	0.82999	0.83053			6
2025.03.05	00:23:58.171		0.83054			4
2025.03.05	00:24:00.966	0.82999				2
2025.03.05	00:24:03.484	0.82996	0.83052			6
2025.03.05	00:24:12.705	0.82994	0.83055			6
2025.03.05	00:25:00.231	0.82994				2
2025.03.05	00:25:01.853		0.83051			4
2025.03.05	00:25:57.001	0.82983	0.83049			6
2025.03.05	00:26:00.382	0.82983				2
2025.03.05	00:26:08.033		0.83050			4
2025.03.05	00:26:16.796		0.83049			4
2025.03.05	00:26:18.826		0.83052			4
2025.03.05	00:26:23.897		0.83048			4
2025.03.05	00:26:28.849	0.82992	0.83047			6
2025.03.05	00:26:29.167		0.83042			4
2025.03.05	00:26:31.653		0.83043			4
2025.03.05	00:26:44.349		0.83041			4
2025.03.05	00:26:45.366	0.82996	0.83042			6
2025.03.05	00:26:55.439	0.82990	0.83040			6
2025.03.05	00:26:59.523	0.82996	0.83042			6
2025.03.05	00:27:00.372	0.82996				2
2025.03.05	00:27:03.834		0.83045			4
2025.03.05	00:28:00.968	0.82990	0.83038			6
2025.03.05	00:28:37.101		0.83036			4
2025.03.05	00:28:56.450		0.83037			4
2025.03.05	00:29:01.138	0.82990				2
2025.03.05	00:29:30.201		0.83038			4
2025.03.05	00:29:30.534		0.83037			4
2025.03.05	00:29:54.710	0.82987	0.83034			6
2025.03.05	00:30:00.004	0.82987				2
2025.03.05	00:30:00.830		0.83033			4
2025.03.05	00:30:21.801		0.83032			4
2025.03.05	00:30:54.708	0.82985				2
2025.03.05	00:30:59.502		0.83031			4
2025.03.05	00:31:02.933	0.82985				2
2025.03.05	00:31:15.398	0.82982				2
2025.03.05	00:31:16.352	0.82977	0.83029			6
2025.03.05	00:31:17.032		0.83030			4
2025.03.05	00:31:23.640		0.83028			4
2025.03.05	00:31:32.623		0.83029			4
2025.03.05	00:31:42.740		0.83028			4
2025.03.05	00:31:55.732		0.83029			4
2025.03.05	00:31:57.832		0.83028			4
2025.03.05	00:32:00.966	0.82977				2
2025.03.05	00:32:08.815		0.83029			4
2025.03.05	00:32:09.803		0.83028			4
2025.03.05	00:32:16.550	0.82978				2
2025.03.05	00:32:28.833		0.83029			4
2025.03.05	00:33:13.770	0.82978	0.83033			6
2025.03.05	00:33:27.831		0.83034			4
2025.03.05	00:33:39.882		0.83033			4
2025.03.05	00:34:02.382	0.82978				2
2025.03.05	00:34:18.234		0.83034			4
2025.03.05	00:34:36.203		0.83036			4
2025.03.05	00:34:40.411	0.82990	0.83038			6
2025.03.05	00:34:42.354		0.83037			4
2025.03.05	00:34:51.231		0.83038			4
2025.03.05	00:35:00.313	0.82990				2
2025.03.05	00:35:06.444		0.83037			4
2025.03.05	00:35:10.434		0.83036			4
2025.03.05	00:35:23.903		0.83037			4
2025.03.05	00:35:27.887		0.83034			4
2025.03.05	00:35:40.406		0.83035			4
2025.03.05	00:35:40.889		0.83036			4
2025.03.05	00:35:44.313		0.83037			4
2025.03.05	00:35:44.796		0.83036			4
2025.03.05	00:35:55.709		0.83033			4
2025.03.05	00:36:01.045	0.82990	0.83035			6
2025.03.05	00:36:02.509		0.83036			4
2025.03.05	00:36:09.232		0.83035			4
2025.03.05	00:36:10.443		0.83033			4
2025.03.05	00:36:11.133		0.83035			4
2025.03.05	00:36:19.190		0.83036			4
2025.03.05	00:36:20.927		0.83035			4
2025.03.05	00:36:21.230		0.83034			4
2025.03.05	00:36:30.628		0.83035			4
2025.03.05	00:36:35.040		0.83034			4
2025.03.05	00:36:38.231		0.83035			4
2025.03.05	00:36:48.813		0.83033			4
2025.03.05	00:36:49.573		0.83034			4
2025.03.05	00:36:55.619		0.83035			4
2025.03.05	00:37:00.029	0.82990				2
2025.03.05	00:37:13.975		0.83034			4
2025.03.05	00:37:17.098		0.83035			4
2025.03.05	00:37:17.926		0.83034			4
2025.03.05	00:37:20.634		0.83033			4
2025.03.05	00:37:43.570	0.82978	0.83031			6
2025.03.05	00:37:43.880		0.83029			4
2025.03.05	00:37:44.691		0.83028			4
2025.03.05	00:37:46.623		0.83029			4
2025.03.05	00:37:47.972		0.83028			4
2025.03.05	00:37:53.357		0.83026			4
2025.03.05	00:37:54.128		0.83027			4
2025.03.05	00:37:55.132		0.83026			4
2025.03.05	00:38:02.351	0.82978				2
2025.03.05	00:38:10.112		0.83024			4
2025.03.05	00:38:35.370	0.82983	0.83022			6
2025.03.05	00:38:37.819		0.83024			4
2025.03.05	00:38:47.565		0.83025			4
2025.03.05	00:38:48.354		0.83026			4
2025.03.05	00:38:51.886		0.83023			4
2025.03.05	00:38:52.235		0.83022			4
2025.03.05	00:38:55.180		0.83023			4
2025.03.05	00:38:57.810		0.83025			4
2025.03.05	00:39:01.007	0.82983	0.83024			6
2025.03.05	00:39:08.438		0.83021			4
2025.03.05	00:39:09.898		0.83025			4
2025.03.05	00:40:01.558	0.82983				2
2025.03.05	00:40:10.048		0.83025			4
2025.03.05	00:40:29.044		0.83026			4
2025.03.05	00:40:52.434		0.83027			4
2025.03.05	00:41:02.430	0.82983				2
2025.03.05	00:41:03.233		0.83028			4
2025.03.05	00:41:15.232		0.83027			4
2025.03.05	00:41:35.485	0.82984				2
2025.03.05	00:42:02.797	0.82984				2
2025.03.05	00:42:16.752		0.83027			4
2025.03.05	00:42:22.702		0.83026			4
2025.03.05	00:42:55.996		0.83024			4
2025.03.05	00:43:04.690	0.82984				2
2025.03.05	00:43:12.993		0.83026			4
2025.03.05	00:43:16.363		0.83025			4
2025.03.05	00:43:17.526		0.83026			4
2025.03.05	00:43:21.831		0.83025			4
2025.03.05	00:44:05.202	0.82984				2
2025.03.05	00:44:25.358		0.83025			4
2025.03.05	00:44:25.947		0.83027			4
2025.03.05	00:44:28.033		0.83026			4
2025.03.05	00:44:40.732		0.83025			4
2025.03.05	00:44:42.588		0.83026			4
2025.03.05	00:44:54.234		0.83025			4
2025.03.05	00:45:00.967	0.82984				2
2025.03.05	00:45:02.067	0.82970	0.83030			6
2025.03.05	00:45:04.185	0.82984	0.83025			6
2025.03.05	00:45:09.186	0.82996	0.83012			6
2025.03.05	00:45:22.032		0.83014			4
2025.03.05	00:45:27.531		0.83015			4
2025.03.05	00:45:30.602		0.83013			4
2025.03.05	00:45:37.095		0.83012			4
2025.03.05	00:45:39.250		0.83013			4
2025.03.05	00:45:50.277		0.83012			4
2025.03.05	00:46:00.961	0.82996				2
2025.03.05	00:46:32.633		0.83013			4
2025.03.05	00:46:56.033		0.83014			4
2025.03.05	00:46:56.337		0.83013			4
2025.03.05	00:46:56.646		0.83012			4
2025.03.05	00:47:00.900	0.82996				2
2025.03.05	00:47:02.032	0.82985	0.83021			6
2025.03.05	00:47:03.268	0.82984	0.83020			6
2025.03.05	00:47:04.174	0.82973	0.83013			6
2025.03.05	00:47:08.869	0.82974	0.83012			6
2025.03.05	00:47:09.416	0.82983	0.83013			6
2025.03.05	00:47:13.433	0.82981	0.83012			6
2025.03.05	00:47:20.331	0.83005	0.83018			6
2025.03.05	00:47:20.650		0.83023			4
2025.03.05	00:47:21.910		0.83020			4
2025.03.05	00:47:23.962		0.83023			4
2025.03.05	00:47:24.727		0.83027			4
2025.03.05	00:47:25.206		0.83026			4
2025.03.05	00:47:27.433		0.83025			4
2025.03.05	00:47:28.906		0.83026			4
2025.03.05	00:47:32.757	0.83009	0.83028			6
2025.03.05	00:47:33.624		0.83029			4
2025.03.05	00:47:47.572		0.83028			4
2025.03.05	00:48:00.962	0.83009				2
2025.03.05	00:48:07.360	0.83007	0.83027			6
2025.03.05	00:48:14.124	0.83005	0.83025			6
2025.03.05	00:48:18.121		0.83026			4
2025.03.05	00:48:19.010		0.83043			4
2025.03.05	00:48:20.366		0.83045			4
2025.03.05	00:48:21.593	0.83002				2
2025.03.05	00:48:23.162		0.83046			4
2025.03.05	00:48:31.467		0.83034			4
2025.03.05	00:48:33.068		0.83033			4
2025.03.05	00:48:46.436		0.83034			4
2025.03.05	00:48:47.713		0.83047			4
2025.03.05	00:48:54.786		0.83051			4
2025.03.05	00:48:55.915		0.83052			4
2025.03.05	00:48:56.708		0.83053			4
2025.03.05	00:48:57.798		0.83044			4
2025.03.05	00:48:58.435		0.83051			4
2025.03.05	00:49:04.011	0.83002	0.83050			6
2025.03.05	00:49:06.762		0.83051			4
2025.03.05	00:49:07.065		0.83052			4
2025.03.05	00:49:07.884	0.83005	0.83054			6
2025.03.05	00:49:08.676		0.83055			4
2025.03.05	00:49:14.684		0.83056			4
2025.03.05	00:49:18.806		0.83053			4
2025.03.05	00:50:00.325	0.83005				2
2025.03.05	00:50:00.662	0.83017				2
2025.03.05	00:50:13.805		0.83054			4
2025.03.05	00:50:43.938	0.83019	0.83046			6
2025.03.05	00:50:44.334		0.83048			4
2025.03.05	00:51:00.479	0.83019				2
2025.03.05	00:51:10.731		0.83047			4
2025.03.05	00:51:21.392		0.83046			4
2025.03.05	00:51:45.832		0.83047			4
2025.03.05	00:51:53.181		0.83053			4
2025.03.05	00:52:00.173	0.83019				2
2025.03.05	00:52:01.238	0.83021				2
2025.03.05	00:52:33.842		0.83055			4
2025.03.05	00:52:46.429	0.83023				2
2025.03.05	00:52:52.383		0.83048			4
2025.03.05	00:53:02.385	0.83023				2
2025.03.05	00:53:07.919		0.83050			4
2025.03.05	00:53:11.057		0.83051			4
2025.03.05	00:53:16.564		0.83050			4
2025.03.05	00:53:17.231		0.83049			4
2025.03.05	00:53:19.433		0.83058			4
2025.03.05	00:53:19.745		0.83050			4
2025.03.05	00:53:20.779		0.83049			4
2025.03.05	00:53:21.409		0.83050			4
2025.03.05	00:53:21.904		0.83049			4
2025.03.05	00:53:22.803		0.83050			4
2025.03.05	00:53:26.997		0.83049			4
2025.03.05	00:53:40.797		0.83050			4
2025.03.05	00:53:46.299		0.83049			4
2025.03.05	00:53:47.025		0.83052			4
2025.03.05	00:53:50.371		0.83046			4
2025.03.05	00:53:52.691		0.83049			4
2025.03.05	00:53:54.295	0.83024	0.83057			6
2025.03.05	00:53:56.362		0.83048			4
2025.03.05	00:53:56.674		0.83053			4
2025.03.05	00:54:02.341	0.83024				2
2025.03.05	00:54:02.800		0.83052			4
2025.03.05	00:54:07.696		0.83048			4
2025.03.05	00:54:13.691		0.83052			4
2025.03.05	00:54:17.332		0.83051			4
2025.03.05	00:54:18.019		0.83049			4
2025.03.05	00:54:34.625		0.83045			4
2025.03.05	00:54:35.690		0.83049			4
2025.03.05	00:54:39.097		0.83048			4
2025.03.05	00:54:40.823		0.83049			4
2025.03.05	00:54:41.703		0.83045			4
2025.03.05	00:54:44.633		0.83046			4
2025.03.05	00:54:46.897		0.83050			4
2025.03.05	00:54:47.830		0.83049			4
2025.03.05	00:54:51.231		0.83048			4
2025.03.05	00:54:56.700		0.83043			4
2025.03.05	00:54:57.696		0.83050			4
2025.03.05	00:55:00.318	0.83024				2
2025.03.05	00:55:01.256		0.83059			4
2025.03.05	00:55:02.718		0.83050			4
2025.03.05	00:55:03.188		0.83045			4
2025.03.05	00:55:03.532		0.83047			4
2025.03.05	00:55:05.711		0.83044			4
2025.03.05	00:55:07.698		0.83047			4
2025.03.05	00:55:28.710		0.83043			4
2025.03.05	00:55:29.636		0.83047			4
2025.03.05	00:55:36.575		0.83043			4
2025.03.05	00:55:40.712		0.83047			4
2025.03.05	00:55:50.727		0.83044			4
2025.03.05	00:55:51.713		0.83047			4
2025.03.05	00:55:54.293	0.83021				2
2025.03.05	00:56:00.393	0.83021				2
2025.03.05	00:56:22.724	0.83012	0.83045			6
2025.03.05	00:56:23.722	0.83021	0.83047			6
2025.03.05	00:56:39.740	0.83013	0.83044			6
2025.03.05	00:56:42.290	0.83012	0.83045			6
2025.03.05	00:56:45.734	0.83021	0.83047			6
2025.03.05	00:56:48.759	0.83012	0.83045			6
2025.03.05	00:56:55.751	0.83021	0.83047			6
2025.03.05	00:56:56.700	0.83023	0.83049			6
2025.03.05	00:56:59.504	0.83021	0.83047			6
2025.03.05	00:57:01.582	0.83021				2
2025.03.05	00:57:06.754	0.83022	0.83050			6
2025.03.05	00:57:08.330	0.83023	0.83049			6
2025.03.05	00:57:31.862	0.83021	0.83047			6
2025.03.05	00:57:38.764	0.83023	0.83049			6
2025.03.05	00:57:53.887	0.83021	0.83047			6
2025.03.05	00:57:54.232	0.83023	0.83049			6
2025.03.05	00:57:56.208	0.83021	0.83047			6
2025.03.05	00:58:00.264	0.83011	0.83046			6
2025.03.05	00:58:00.773	0.83017				2
2025.03.05	00:58:03.480	0.83016	0.83047			6
2025.03.05	00:58:09.031	0.83021	0.83039			6
2025.03.05	00:58:11.109		0.83040			4
2025.03.05	00:58:11.784		0.83039			4
2025.03.05	00:58:14.645	0.83023	0.83040			6
2025.03.05	00:58:32.335		0.83041			4
2025.03.05	00:58:33.433		0.83040			4
2025.03.05	00:58:36.260	0.83019				2
2025.03.05	00:58:36.774	0.83021	0.83039			6
2025.03.05	00:58:40.732		0.83040			4
2025.03.05	00:58:46.802		0.83039			4
2025.03.05	00:58:48.516	0.83022				2
2025.03.05	00:58:51.066	0.83019	0.83038			6
2025.03.05	00:58:53.169	0.83021	0.83040			6
2025.03.05	00:58:53.837	0.83011				2
2025.03.05	00:58:54.844	0.83023				2
2025.03.05	00:58:55.254		0.83041			4
2025.03.05	00:59:00.068	0.83023				2
2025.03.05	00:59:15.158		0.83042			4
2025.03.05	00:59:29.548		0.83044			4
2025.03.05	00:59:30.896		0.83042			4
2025.03.05	00:59:35.813		0.83043			4
2025.03.05	00:59:37.824		0.83042			4
2025.03.05	00:59:46.816		0.83043			4
2025.03.05	00:59:49.138		0.83042			4
2025.03.05	00:59:57.818		0.83043			4
2025.03.05	01:00:00.307	0.83024	0.83045			6
2025.03.05	01:00:00.632	0.83020	0.83048			6
2025.03.05	01:00:00.946	0.83021	0.83047			6
2025.03.05	01:00:01.257		0.83046			4
2025.03.05	01:00:01.582		0.83044			4
2025.03.05	01:00:01.886	0.83014				2
2025.03.05	01:00:02.205	0.83018	0.83048			6
2025.03.05	01:00:02.849		0.83047			4
2025.03.05	01:00:03.152	0.83016	0.83046			6
2025.03.05	01:00:03.759	0.83015	0.83045			6
2025.03.05	01:00:04.668	0.83014	0.83042			6
2025.03.05	01:00:06.012		0.83044			4
2025.03.05	01:00:06.397	0.83012	0.83046			6
2025.03.05	01:00:06.708	0.83015	0.83047			6
2025.03.05	01:00:07.046	0.83021				2
2025.03.05	01:00:08.303		0.83048			4
2025.03.05	01:00:08.913		0.83047			4
2025.03.05	01:00:09.330		0.83048			4
2025.03.05	01:00:09.809		0.83047			4
2025.03.05	01:00:10.113		0.83045			4
2025.03.05	01:00:10.427	0.83024	0.83050			6
2025.03.05	01:00:10.801		0.83051			4
2025.03.05	01:00:11.108		0.83047			4
2025.03.05	01:00:11.424		0.83046			4
2025.03.05	01:00:11.773		0.83047			4
2025.03.05	01:00:12.147	0.83026				2
2025.03.05	01:00:12.486	0.83027				2
2025.03.05	01:00:12.832	0.83031	0.83046			6
2025.03.05	01:00:13.148	0.83030	0.83048			6
2025.03.05	01:00:13.452	0.83027	0.83046			6
2025.03.05	01:00:13.764	0.83030	0.83053			6
2025.03.05	01:00:14.066	0.83043	0.83059			6
2025.03.05	01:00:14.373	0.83034				2
2025.03.05	01:00:14.682		0.83058			4
2025.03.05	01:00:15.351	0.83033	0.83059			6
2025.03.05	01:00:15.656	0.83034	0.83061			6
2025.03.05	01:00:16.009		0.83064			4
2025.03.05	01:00:16.686	0.83040	0.83063			6
2025.03.05	01:00:16.993		0.83068			4
2025.03.05	01:00:17.300	0.83042	0.83066			6
2025.03.05	01:00:18.271	0.83043				2
2025.03.05	01:00:20.931	0.83042				2
2025.03.05	01:00:21.246	0.83043	0.83065			6
2025.03.05	01:00:21.602	0.83044				2
2025.03.05	01:00:22.612		0.83066			4
2025.03.05	01:00:23.285		0.83065			4
2025.03.05	01:00:24.244	0.83045				2
2025.03.05	01:00:25.257		0.83066			4
2025.03.05	01:00:26.588	0.83046				2
2025.03.05	01:00:27.206	0.83045				2
2025.03.05	01:00:27.523	0.83050	0.83070			6
2025.03.05	01:00:29.476	0.83042	0.83066			6
2025.03.05	01:00:29.787	0.83044				2
2025.03.05	01:00:30.092	0.83045	0.83068			6
2025.03.05	01:00:30.418	0.83044	0.83069			6
2025.03.05	01:00:30.727	0.83046				2
2025.03.05	01:00:31.201	0.83048	0.83071			6
2025.03.05	01:00:31.540	0.83049	0.83072			6
2025.03.05	01:00:31.848	0.83048	0.83071			6
2025.03.05	01:00:33.049	0.83051	0.83073			6
2025.03.05	01:00:33.353	0.83049				2
2025.03.05	01:00:33.891	0.83052	0.83077			6
2025.03.05	01:00:34.206	0.83049	0.83067			6
2025.03.05	01:00:34.811	0.83048				2
2025.03.05	01:00:37.036	0.83049				2
2025.03.05	01:00:40.315	0.83052	0.83069			6
2025.03.05	01:00:40.934		0.83072			4
2025.03.05	01:00:41.936	0.83049	0.83069			6
2025.03.05	01:00:42.560	0.83048				2
2025.03.05	01:00:43.721	0.83045	0.83065			6
2025.03.05	01:00:44.110	0.83047	0.83068			6
2025.03.05	01:00:44.412	0.83048				2
2025.03.05	01:00:45.062	0.83047	0.83065			6
2025.03.05	01:00:46.961	0.83046				2
2025.03.05	01:00:47.268	0.83045				2
2025.03.05	01:00:49.810	0.83041	0.83061			6
2025.03.05	01:00:50.243	0.83042				2
2025.03.05	01:00:52.253	0.83045	0.83064			6
2025.03.05	01:00:52.578	0.83044				2
2025.03.05	01:00:54.592	0.83045	0.83063			6
2025.03.05	01:00:55.169	0.83043	0.83062			6
2025.03.05	01:00:58.400	0.83042				2
2025.03.05	01:00:59.375	0.83047	0.83065			6
2025.03.05	01:00:59.891	0.83049	0.83066			6
2025.03.05	01:01:00.231	0.83049				2
2025.03.05	01:01:01.452	0.83048				2
2025.03.05	01:01:02.389		0.83064			4
2025.03.05	01:01:02.696	0.83047				2
2025.03.05	01:01:03.009		0.83063			4
2025.03.05	01:01:03.311	0.83048	0.83062			6
2025.03.05	01:01:04.178	0.83047				2
2025.03.05	01:01:05.206	0.83048	0.83063			6
2025.03.05	01:01:06.014		0.83064			4
2025.03.05	01:01:09.626		0.83063			4
2025.03.05	01:01:11.311	0.83047	0.83062			6
2025.03.05	01:01:13.564	0.83048	0.83065			6
2025.03.05	01:01:13.928	0.83049				2
2025.03.05	01:01:16.387	0.83052	0.83068			6
2025.03.05	01:01:16.696	0.83051				2
2025.03.05	01:01:17.062	0.83052				2
2025.03.05	01:01:17.453	0.83051				2
2025.03.05	01:01:21.031	0.83048	0.83064			6
2025.03.05	01:01:24.213		0.83063			4
2025.03.05	01:01:26.766	0.83049	0.83066			6
2025.03.05	01:01:27.105	0.83050				2
2025.03.05	01:01:28.748	0.83046	0.83060			6
2025.03.05	01:01:29.115		0.83061			4
2025.03.05	01:01:29.446	0.83045	0.83060			6
2025.03.05	01:01:30.296		0.83059			4
2025.03.05	01:01:31.031	0.83049	0.83062			6
2025.03.05	01:01:34.203	0.83053	0.83066			6
2025.03.05	01:01:35.513	0.83056	0.83068			6
2025.03.05	01:01:35.838	0.83057				2
2025.03.05	01:01:36.216	0.83056				2
2025.03.05	01:01:36.993	0.83057	0.83069			6
2025.03.05	01:01:37.304	0.83059	0.83071			6
2025.03.05	01:01:37.996	0.83056	0.83068			6
2025.03.05	01:01:38.306		0.83067			4
2025.03.05	01:01:39.032	0.83054	0.83066			6
2025.03.05	01:01:39.396	0.83053	0.83065			6
2025.03.05	01:01:40.294	0.83059	0.83070			6
2025.03.05	01:01:40.606	0.83058	0.83069			6
2025.03.05	01:01:43.243	0.83059	0.83071			6
2025.03.05	01:01:46.060	0.83058	0.83070			6
2025.03.05	01:01:46.928	0.83060	0.83072			6
2025.03.05	01:01:48.909	0.83062	0.83073			6
2025.03.05	01:01:51.989		0.83072			4
2025.03.05	01:01:52.397		0.83073			4
2025.03.05	01:01:55.876		0.83072			4
2025.03.05	01:01:57.472	0.83064	0.83074			6
2025.03.05	01:01:58.598	0.83065				2
2025.03.05	01:01:58.906		0.83076			4
2025.03.05	01:02:00.413	0.83065				2
2025.03.05	01:02:01.676		0.83075			4
2025.03.05	01:02:03.231		0.83076			4
2025.03.05	01:02:04.092		0.83075			4
2025.03.05	01:02:07.178	0.83064	0.83074			6
2025.03.05	01:02:09.454	0.83065	0.83075			6
2025.03.05	01:02:11.117	0.83067	0.83076			6
2025.03.05	01:02:15.231	0.83066				2
2025.03.05	01:02:16.374		0.83075			4
2025.03.05	01:02:17.595	0.83065	0.83076			6
2025.03.05	01:02:17.904		0.83075			4
2025.03.05	01:02:18.692	0.83068	0.83079			6
2025.03.05	01:02:19.499		0.83078			4
2025.03.05	01:02:19.832		0.83079			4
2025.03.05	01:02:22.105	0.83066	0.83078			6
2025.03.05	01:02:22.449	0.83069	0.83079			6
2025.03.05	01:02:23.186		0.83080			4
2025.03.05	01:02:24.106	0.83065	0.83075			6
2025.03.05	01:02:31.102	0.83064	0.83074			6
2025.03.05	01:02:31.406	0.83061	0.83073			6
2025.03.05	01:02:33.026	0.83060				2
2025.03.05	01:02:33.538	0.83061				2
2025.03.05	01:02:35.412	0.83062	0.83074			6
2025.03.05	01:02:35.793	0.83061				2
2025.03.05	01:02:36.115	0.83062				2
2025.03.05	01:02:37.130	0.83060	0.83073			6
2025.03.05	01:02:37.703		0.83072			4
2025.03.05	01:02:38.174	0.83061				2
2025.03.05	01:02:44.179	0.83060				2
2025.03.05	01:02:44.793	0.83061				2
2025.03.05	01:02:50.959	0.83062				2
2025.03.05	01:02:52.227	0.83061				2
2025.03.05	01:02:53.032		0.83071			4
2025.03.05	01:03:00.675	0.83061				2
2025.03.05	01:03:01.120	0.83058	0.83069			6
2025.03.05	01:03:01.482		0.83068			4
2025.03.05	01:03:03.719	0.83059	0.83069			6
2025.03.05	01:03:12.191	0.83061	0.83070			6
2025.03.05	01:03:12.507	0.83059	0.83069			6
2025.03.05	01:03:21.809	0.83062	0.83071			6
2025.03.05	01:03:28.295		0.83072			4
2025.03.05	01:03:28.608	0.83063				2
2025.03.05	01:03:28.981		0.83071			4
2025.03.05	01:03:30.901		0.83072			4
2025.03.05	01:03:32.694	0.83061	0.83071			6
2025.03.05	01:03:35.567		0.83070			4
2025.03.05	01:03:39.533	0.83062	0.83071			6
2025.03.05	01:03:42.122	0.83063	0.83072			6
2025.03.05	01:03:43.020	0.83064				2
2025.03.05	01:03:44.324	0.83062				2
2025.03.05	01:03:46.942	0.83060	0.83069			6
2025.03.05	01:03:47.332	0.83063	0.83071			6
2025.03.05	01:03:51.445	0.83060	0.83069			6
2025.03.05	01:03:53.468	0.83059				2
2025.03.05	01:03:56.304	0.83061	0.83064			6
2025.03.05	01:03:58.425	0.83059	0.83069			6
2025.03.05	01:04:00.578	0.83059				2
2025.03.05	01:04:04.668	0.83062				2
2025.03.05	01:04:05.371	0.83064	0.83071			6
2025.03.05	01:04:05.675	0.83063	0.83070			6
2025.03.05	01:04:06.306	0.83066	0.83074			6
2025.03.05	01:04:08.032		0.83073			4
2025.03.05	01:04:14.257		0.83074			4
2025.03.05	01:04:15.925	0.83068	0.83076			6
2025.03.05	01:04:17.816	0.83069	0.83077			6
2025.03.05	01:04:23.429		0.83078			4
2025.03.05	01:04:24.936	0.83073	0.83075			6
2025.03.05	01:04:26.758	0.83071	0.83073			6
2025.03.05	01:04:27.060	0.83070	0.83078			6
2025.03.05	01:04:27.390	0.83072				2
2025.03.05	01:04:27.732	0.83073	0.83080			6
2025.03.05	01:04:29.932		0.83081			4
2025.03.05	01:04:33.020	0.83071	0.83077			6
2025.03.05	01:04:37.708		0.83078			4
2025.03.05	01:04:40.024		0.83077			4
2025.03.05	01:04:47.077		0.83078			4
2025.03.05	01:04:49.431		0.83077			4
2025.03.05	01:04:49.894	0.83072	0.83080			6
2025.03.05	01:04:52.158	0.83074	0.83081			6
2025.03.05	01:04:52.947	0.83071				2
2025.03.05	01:04:53.448	0.83073	0.83082			6
2025.03.05	01:04:54.560		0.83083			4
2025.03.05	01:04:56.204		0.83082			4
2025.03.05	01:04:57.816	0.83072				2
2025.03.05	01:04:58.555		0.83081			4
2025.03.05	01:05:01.201	0.83072				2
2025.03.05	01:05:01.973	0.83073				2
2025.03.05	01:05:04.331		0.83082			4
2025.03.05	01:05:08.967	0.83072	0.83080			6
2025.03.05	01:05:11.174		0.83081			4
2025.03.05	01:05:13.304		0.83080			4
2025.03.05	01:05:13.605		0.83082			4
2025.03.05	01:05:14.663		0.83081			4
2025.03.05	01:05:15.917		0.83082			4
2025.03.05	01:05:16.973	0.83074				2
2025.03.05	01:05:19.157	0.83073				2
2025.03.05	01:05:21.761	0.83074				2
2025.03.05	01:05:23.270	0.83075				2
2025.03.05	01:05:23.575	0.83076				2
2025.03.05	01:05:25.959	0.83074				2
2025.03.05	01:05:26.264	0.83075				2
2025.03.05	01:05:26.848		0.83079			4
2025.03.05	01:05:27.322	0.83076	0.83081			6
2025.03.05	01:05:27.787		0.83080			4
2025.03.05	01:05:28.961		0.83079			4
2025.03.05	01:05:32.640		0.83080			4
2025.03.05	01:05:33.058	0.83072	0.83079			6
2025.03.05	01:05:35.319	0.83074				2
2025.03.05	01:05:36.069	0.83073	0.83078			6
2025.03.05	01:05:48.919	0.83076	0.83082			6
2025.03.05	01:05:49.229		0.83081			4
2025.03.05	01:05:49.578		0.83080			4
2025.03.05	01:05:49.887	0.83079	0.83082			6
2025.03.05	01:05:50.313	0.83081	0.83084			6
2025.03.05	01:05:51.247		0.83085			4
2025.03.05	01:05:51.725		0.83084			4
2025.03.05	01:06:00.208	0.83081	0.83085			6
2025.03.05	01:06:00.932		0.83084			4
2025.03.05	01:06:03.650	0.83082	0.83085			6
2025.03.05	01:06:07.170		0.83084			4
2025.03.05	01:06:15.648	0.83084	0.83087			6
2025.03.05	01:06:17.880	0.83083	0.83086			6
2025.03.05	01:06:18.214	0.83084	0.83087			6
2025.03.05	01:06:19.180	0.83085	0.83088			6
2025.03.05	01:06:20.494	0.83086	0.83089			6
2025.03.05	01:06:21.069		0.83093			4
2025.03.05	01:06:22.009	0.83087	0.83090			6
2025.03.05	01:06:24.977	0.83085	0.83088			6
2025.03.05	01:06:25.628	0.83090	0.83093			6
2025.03.05	01:06:25.971		0.83092			4
2025.03.05	01:06:27.233	0.83087	0.83090			6
2025.03.05	01:06:28.533	0.83089	0.83092			6
2025.03.05	01:06:31.167		0.83091			4
2025.03.05	01:06:32.809		0.83092			4
2025.03.05	01:06:33.180		0.83091			4
2025.03.05	01:06:35.067		0.83092			4
2025.03.05	01:06:36.890		0.83091			4
2025.03.05	01:06:37.448	0.83090	0.83092			6
2025.03.05	01:06:41.340		0.83091			4
2025.03.05	01:06:41.820	0.83089	0.83090			6
2025.03.05	01:06:43.067	0.83087	0.83088			6
2025.03.05	01:06:48.178	0.83086	0.83087			6
2025.03.05	01:06:48.486	0.83087	0.83090			6
2025.03.05	01:06:48.813	0.83088	0.83091			6
2025.03.05	01:06:49.213	0.83087	0.83090			6
2025.03.05	01:06:50.035		0.83089			4
2025.03.05	01:06:50.481		0.83090			4
2025.03.05	01:06:52.356	0.83088				2
2025.03.05	01:06:52.720		0.83091			4
2025.03.05	01:06:53.259		0.83090			4
2025.03.05	01:06:53.591	0.83086	0.83089			6
2025.03.05	01:06:56.334	0.83084	0.83087			6
2025.03.05	01:07:00.463	0.83085	0.83088			6
2025.03.05	01:07:05.658	0.83086	0.83089			6
2025.03.05	01:07:06.431	0.83085	0.83088			6
2025.03.05	01:07:08.124	0.83086	0.83089			6
2025.03.05	01:07:08.583	0.83085	0.83088			6
2025.03.05	01:07:09.231		0.83093			4
2025.03.05	01:07:10.107	0.83086	0.83089			6
2025.03.05	01:07:17.232		0.83088			4
2025.03.05	01:07:17.977	0.83085				2
2025.03.05	01:07:18.356	0.83084	0.83087			6
2025.03.05	01:07:18.960	0.83085	0.83088			6
2025.03.05	01:07:19.262		0.83087			4
2025.03.05	01:07:20.353		0.83088			4
2025.03.05	01:07:20.822	0.83082	0.83085			6
2025.03.05	01:07:21.459	0.83080	0.83083			6
2025.03.05	01:07:22.140	0.83083	0.83086			6
2025.03.05	01:07:23.428	0.83080	0.83083			6
2025.03.05	01:07:24.536	0.83079	0.83082			6
2025.03.05	01:07:26.913	0.83080	0.83083			6
2025.03.05	01:07:27.312	0.83079	0.83082			6
2025.03.05	01:07:28.708	0.83083	0.83086			6
2025.03.05	01:07:29.204	0.83085	0.83088			6
2025.03.05	01:07:29.508	0.83086	0.83089			6
2025.03.05	01:07:30.374	0.83085	0.83088			6
2025.03.05	01:07:33.692	0.83084	0.83087			6
2025.03.05	01:07:34.322	0.83085	0.83088			6
2025.03.05	01:07:34.948	0.83084	0.83087			6
2025.03.05	01:07:40.177	0.83085	0.83088			6
2025.03.05	01:07:40.673	0.83084	0.83087			6
2025.03.05	01:07:44.338	0.83086	0.83089			6
2025.03.05	01:07:44.970	0.83087	0.83090			6
2025.03.05	01:07:49.465	0.83086	0.83089			6
2025.03.05	01:08:00.460	0.83090	0.83092			6
2025.03.05	01:08:04.478	0.83091	0.83094			6
2025.03.05	01:08:05.020	0.83092	0.83095			6
2025.03.05	01:08:08.324		0.83094			4
2025.03.05	01:08:09.052		0.83095			4
2025.03.05	01:08:09.887		0.83094			4
2025.03.05	01:08:11.230		0.83095			4
2025.03.05	01:08:12.561		0.83094			4
2025.03.05	01:08:22.716		0.83095			4
2025.03.05	01:08:24.437	0.83087	0.83090			6
2025.03.05	01:08:25.352	0.83086	0.83089			6
2025.03.05	01:08:26.297	0.83087	0.83090			6
2025.03.05	01:08:28.360	0.83088	0.83091			6
2025.03.05	01:08:28.787		0.83090			4
2025.03.05	01:08:30.326	0.83087				2
2025.03.05	01:08:31.697	0.83090	0.83092			6
2025.03.05	01:08:32.003		0.83093			4
2025.03.05	01:08:33.182	0.83091				2
2025.03.05	01:08:33.598	0.83099	0.83102			6
2025.03.05	01:08:33.906		0.83101			4
2025.03.05	01:08:34.244		0.83100			4
2025.03.05	01:08:34.721	0.83095	0.83097			6
2025.03.05	01:08:35.024	0.83096				2
2025.03.05	01:08:35.333	0.83095	0.83098			6
2025.03.05	01:08:35.662		0.83097			4
2025.03.05	01:08:41.030	0.83094				2
2025.03.05	01:08:42.003	0.83095				2
2025.03.05	01:08:42.312		0.83096			4
2025.03.05	01:08:45.938	0.83096	0.83097			6
2025.03.05	01:08:46.417	0.83094				2
2025.03.05	01:08:46.728		0.83096			4
2025.03.05	01:08:51.448	0.83093	0.83094			6
2025.03.05	01:08:58.751	0.83097	0.83100			6
2025.03.05	01:09:00.098	0.83100	0.83102			6
2025.03.05	01:09:00.406	0.83102	0.83103			6
2025.03.05	01:09:01.288	0.83097	0.83100			6
2025.03.05	01:09:01.622	0.83101	0.83102			6
2025.03.05	01:09:08.516	0.83102	0.83103			6
2025.03.05	01:09:08.828	0.83103	0.83104			6
2025.03.05	01:09:09.310	0.83102	0.83103			6
2025.03.05	01:09:11.661	0.83101				2
2025.03.05	01:09:15.839		0.83104			4
2025.03.05	01:09:16.146		0.83103			4
2025.03.05	01:09:16.516	0.83098	0.83101			6
2025.03.05	01:09:18.998	0.83099				2
2025.03.05	01:09:19.307	0.83098				2
2025.03.05	01:09:28.352	0.83097	0.83100			6
2025.03.05	01:09:28.894	0.83098	0.83101			6
2025.03.05	01:09:29.225	0.83097	0.83100			6
2025.03.05	01:09:32.821	0.83098	0.83101			6
2025.03.05	01:09:46.801		0.83100			4
2025.03.05	01:09:47.948		0.83101			4
2025.03.05	01:09:49.614		0.83100			4
2025.03.05	01:09:54.684	0.83102	0.83103			6
2025.03.05	01:09:55.692	0.83101	0.83104			6
2025.03.05	01:09:56.802	0.83105	0.83106			6
2025.03.05	01:09:57.541	0.83103	0.83104			6
2025.03.05	01:09:58.290	0.83102				2
2025.03.05	01:09:59.027		0.83105			4
2025.03.05	01:10:00.002	0.83103				2
2025.03.05	01:10:00.364	0.83104	0.83107			6
2025.03.05	01:10:00.919		0.83106			4
2025.03.05	01:10:02.614		0.83105			4
2025.03.05	01:10:03.459	0.83103				2
2025.03.05	01:10:06.263	0.83106	0.83107			6
2025.03.05	01:10:12.306	0.83108	0.83109			6
2025.03.05	01:10:12.611	0.83106	0.83107			6
2025.03.05	01:10:14.766	0.83107	0.83108			6
2025.03.05	01:10:15.067		0.83109			4
2025.03.05	01:10:17.835	0.83106	0.83108			6
2025.03.05	01:10:19.900	0.83107				2
2025.03.05	01:10:20.229	0.83109	0.83110			6
2025.03.05	01:10:20.547	0.83111	0.83112			6
2025.03.05	01:10:21.547	0.83110	0.83111			6
2025.03.05	01:10:23.190	0.83107	0.83109			6
2025.03.05	01:10:24.864	0.83106				2
2025.03.05	01:10:25.999	0.83103	0.83108			6
2025.03.05	01:10:26.742	0.83106				2
2025.03.05	01:10:29.261	0.83107				2
2025.03.05	01:10:31.076	0.83101	0.83105			6
2025.03.05	01:10:31.810		0.83104			4
2025.03.05	01:10:34.727	0.83103	0.83105			6
2025.03.05	01:10:36.116	0.83101	0.83104			6
2025.03.05	01:10:37.647		0.83103			4
2025.03.05	01:10:37.982		0.83104			4
2025.03.05	01:10:38.656		0.83103			4
2025.03.05	01:10:39.298	0.83103	0.83104			6
2025.03.05	01:10:39.846		0.83105			4
2025.03.05	01:10:42.183	0.83102				2
2025.03.05	01:10:42.757	0.83105	0.83108			6
2025.03.05	01:10:47.898	0.83108	0.83109			6
2025.03.05	01:10:48.544	0.83105	0.83108			6
2025.03.05	01:10:50.455	0.83106				2
2025.03.05	01:10:52.918	0.83108	0.83109			6
2025.03.05	01:10:56.346	0.83107				2
2025.03.05	01:10:56.649	0.83108				2
2025.03.05	01:11:00.366	0.83108				2
2025.03.05	01:11:00.732	0.83109	0.83110			6
2025.03.05	01:11:04.179	0.83107	0.83108			6
2025.03.05	01:11:06.354	0.83106				2
2025.03.05	01:11:08.051	0.83104				2
2025.03.05	01:11:11.543		0.83109			4
2025.03.05	01:11:13.870		0.83108			4
2025.03.05	01:11:26.408		0.83111			4
2025.03.05	01:11:26.934		0.83108			4
2025.03.05	01:11:27.531	0.83106	0.83109			6
2025.03.05	01:11:28.088		0.83108			4
2025.03.05	01:11:30.642	0.83107				2
2025.03.05	01:11:31.249	0.83106				2
2025.03.05	01:11:32.646		0.83109			4
2025.03.05	01:11:34.485	0.83107				2
2025.03.05	01:11:34.804		0.83108			4
2025.03.05	01:11:35.431	0.83106	0.83109			6
2025.03.05	01:11:36.446	0.83107				2
2025.03.05	01:11:38.032	0.83108				2
2025.03.05	01:11:38.382	0.83107				2
2025.03.05	01:11:43.596	0.83108				2
2025.03.05	01:11:45.002	0.83109	0.83110			6
2025.03.05	01:11:50.731	0.83105	0.83107			6
2025.03.05	01:11:52.394	0.83104				2
2025.03.05	01:11:53.821	0.83105	0.83108			6
2025.03.05	01:11:57.894	0.83104				2
2025.03.05	01:11:58.888	0.83105				2
2025.03.05	01:11:59.468	0.83106				2
2025.03.05	01:11:59.933	0.83108	0.83109			6
2025.03.05	01:12:00.277	0.83110	0.83111			6
2025.03.05	01:12:01.649	0.83111	0.83112			6
2025.03.05	01:12:01.958	0.83110	0.83111			6
2025.03.05	01:12:02.269	0.83111	0.83112			6
2025.03.05	01:12:02.834	0.83113	0.83114			6
2025.03.05	01:12:03.370	0.83114	0.83115			6
2025.03.05	01:12:07.438	0.83113	0.83114			6
2025.03.05	01:12:07.943		0.83115			4
2025.03.05	01:12:11.510	0.83117	0.83120			6
2025.03.05	01:12:14.135		0.83121			4
2025.03.05	01:12:18.377	0.83120	0.83122			6
2025.03.05	01:12:18.682	0.83117				2
2025.03.05	01:12:21.622	0.83118				2
2025.03.05	01:12:32.486	0.83119				2
2025.03.05	01:12:43.466		0.83121			4
2025.03.05	01:12:47.904		0.83122			4
2025.03.05	01:12:50.674	0.83121	0.83123			6
2025.03.05	01:12:53.757		0.83124			4
2025.03.05	01:12:54.244	0.83122				2
2025.03.05	01:12:55.728	0.83121				2
2025.03.05	01:12:56.277	0.83118	0.83122			6
2025.03.05	01:12:56.587	0.83121				2
2025.03.05	01:12:57.322	0.83122	0.83123			6
2025.03.05	01:12:57.632	0.83118	0.83122			6
2025.03.05	01:12:57.946		0.83121			4
2025.03.05	01:12:59.215		0.83122			4
2025.03.05	01:12:59.534	0.83121				2
2025.03.05	01:13:00.379	0.83121				2
2025.03.05	01:13:01.554	0.83122	0.83123			6
2025.03.05	01:13:06.241	0.83121	0.83122			6
2025.03.05	01:13:15.553		0.83123			4
2025.03.05	01:13:17.379	0.83122				2
2025.03.05	01:13:19.331	0.83118	0.83121			6
2025.03.05	01:13:25.082		0.83120			4
2025.03.05	01:13:26.643	0.83123	0.83124			6
2025.03.05	01:13:29.877		0.83125			4
2025.03.05	01:13:30.867		0.83124			4
2025.03.05	01:13:31.470	0.83125	0.83126			6
2025.03.05	01:13:34.349	0.83124	0.83125			6
2025.03.05	01:13:34.874	0.83122	0.83124			6
2025.03.05	01:13:43.577	0.83121	0.83123			6
2025.03.05	01:13:44.411		0.83122			4
2025.03.05	01:13:46.938	0.83120	0.83121			6
2025.03.05	01:13:47.544	0.83118	0.83120			6
2025.03.05	01:13:50.361	0.83119				2
2025.03.05	01:13:50.667	0.83120	0.83121			6
2025.03.05	01:13:52.209	0.83119	0.83120			6
2025.03.05	01:13:52.512	0.83120	0.83121			6
2025.03.05	01:13:55.251	0.83118	0.83119			6
2025.03.05	01:14:00.278	0.83118				2
2025.03.05	01:14:00.579		0.83121			4
2025.03.05	01:14:00.888		0.83122			4
2025.03.05	01:14:01.343		0.83121			4
2025.03.05	01:14:03.937	0.83119				2
2025.03.05	01:14:04.669	0.83122	0.83123			6
2025.03.05	01:14:07.799	0.83118	0.83121			6
2025.03.05	01:14:08.644	0.83119	0.83122			6
2025.03.05	01:14:09.416		0.83121			4
2025.03.05	01:14:11.136	0.83117				2
2025.03.05	01:14:11.559	0.83118				2
2025.03.05	01:14:17.467		0.83122			4
2025.03.05	01:14:21.754		0.83121			4
2025.03.05	01:14:23.643	0.83119				2
2025.03.05	01:14:25.722	0.83116	0.83119			6
2025.03.05	01:14:35.403	0.83120	0.83122			6
2025.03.05	01:14:36.842	0.83121				2
2025.03.05	01:14:37.756	0.83122	0.83123			6
2025.03.05	01:14:38.311	0.83121				2
2025.03.05	01:14:45.452		0.83124			4
2025.03.05	01:14:47.857		0.83123			4
2025.03.05	01:14:50.573	0.83120				2
2025.03.05	01:14:53.554	0.83119				2
2025.03.05	01:14:53.883	0.83120				2
2025.03.05	01:14:54.466	0.83119				2
2025.03.05	01:14:55.208	0.83120				2
2025.03.05	01:14:55.596	0.83119				2
2025.03.05	01:14:55.922	0.83117	0.83121			6
2025.03.05	01:14:57.978	0.83118				2
2025.03.05	01:15:00.371	0.83117	0.83119			6
2025.03.05	01:15:00.757		0.83122			4
2025.03.05	01:15:01.410	0.83119	0.83120			6
2025.03.05	01:15:12.169	0.83112	0.83114			6
2025.03.05	01:15:13.187		0.83115			4
2025.03.05	01:15:15.465	0.83109	0.83112			6
2025.03.05	01:15:16.905	0.83110	0.83111			6
2025.03.05	01:15:17.631		0.83112			4
2025.03.05	01:15:18.821		0.83113			4
2025.03.05	01:15:19.441	0.83109				2
2025.03.05	01:15:21.093	0.83104	0.83107			6
2025.03.05	01:15:23.147	0.83106	0.83108			6
2025.03.05	01:15:23.452	0.83102	0.83106			6
2025.03.05	01:15:25.704	0.83105				2
2025.03.05	01:15:26.008	0.83103				2
2025.03.05	01:15:26.862		0.83105			4
2025.03.05	01:15:27.304	0.83102	0.83104			6
2025.03.05	01:15:28.951		0.83106			4
2025.03.05	01:15:31.978	0.83103				2
2025.03.05	01:15:32.338	0.83102				2
2025.03.05	01:15:39.492	0.83103	0.83105			6
2025.03.05	01:15:42.282		0.83106			4
2025.03.05	01:15:42.745		0.83105			4
2025.03.05	01:15:43.152		0.83106			4
2025.03.05	01:15:45.020		0.83105			4
2025.03.05	01:15:45.362	0.83104	0.83107			6
2025.03.05	01:15:46.346		0.83108			4
2025.03.05	01:15:48.161	0.83103	0.83107			6
2025.03.05	01:15:49.088	0.83104				2
2025.03.05	01:15:49.740	0.83103				2
2025.03.05	01:15:52.060	0.83107	0.83110			6
2025.03.05	01:15:52.398	0.83110	0.83113			6
2025.03.05	01:15:52.753		0.83112			4
2025.03.05	01:15:54.445		0.83111			4
2025.03.05	01:15:55.547	0.83107	0.83110			6
2025.03.05	01:15:56.171		0.83109			4
2025.03.05	01:15:59.024		0.83110			4
2025.03.05	01:16:00.359	0.83107				2
2025.03.05	01:16:00.663	0.83110	0.83113			6
2025.03.05	01:16:02.731	0.83108	0.83111			6
2025.03.05	01:16:03.437		0.83110			4
2025.03.05	01:16:04.684	0.83109				2
2025.03.05	01:16:09.198		0.83112			4
2025.03.05	01:16:09.871		0.83111			4
2025.03.05	01:16:10.270		0.83112			4
2025.03.05	01:16:10.629		0.83113			4
2025.03.05	01:16:19.744		0.83112			4
2025.03.05	01:16:20.046	0.83106	0.83110			6
2025.03.05	01:16:20.472	0.83107	0.83109			6
2025.03.05	01:16:22.892	0.83106				2
2025.03.05	01:16:27.806	0.83105				2
2025.03.05	01:16:30.134	0.83108	0.83110			6
2025.03.05	01:16:32.419	0.83110	0.83112			6
2025.03.05	01:16:32.789	0.83109				2
2025.03.05	01:16:33.624		0.83113			4
2025.03.05	01:16:37.113		0.83112			4
2025.03.05	01:16:37.622	0.83108				2
2025.03.05	01:16:41.098	0.83110				2
2025.03.05	01:16:41.468	0.83111	0.83113			6
2025.03.05	01:16:41.828		0.83112			4
2025.03.05	01:16:42.194		0.83113			4
2025.03.05	01:16:43.150	0.83109				2
2025.03.05	01:16:50.872	0.83114	0.83115			6
2025.03.05	01:16:51.178		0.83116			4
2025.03.05	01:16:51.578		0.83115			4
2025.03.05	01:16:56.292		0.83116			4
2025.03.05	01:17:01.131	0.83114				2
2025.03.05	01:17:11.260		0.83117			4
2025.03.05	01:17:12.411		0.83116			4
2025.03.05	01:17:20.292	0.83112				2
2025.03.05	01:17:20.594	0.83114				2
2025.03.05	01:17:21.113		0.83117			4
2025.03.05	01:17:21.415	0.83112	0.83115			6
2025.03.05	01:17:22.032	0.83113				2
2025.03.05	01:17:25.684	0.83114	0.83116			6
2025.03.05	01:17:25.999	0.83116	0.83118			6
2025.03.05	01:17:26.307	0.83118	0.83119			6
2025.03.05	01:17:26.692	0.83119	0.83120			6
2025.03.05	01:17:27.005		0.83121			4
2025.03.05	01:17:28.887		0.83120			4
2025.03.05	01:17:40.670		0.83121			4
2025.03.05	01:17:41.292	0.83117				2
2025.03.05	01:17:43.189	0.83119				2
2025.03.05	01:17:43.738		0.83120			4
2025.03.05	01:17:50.849	0.83117				2
2025.03.05	01:17:51.181	0.83119				2
2025.03.05	01:17:57.064	0.83117				2
2025.03.05	01:17:57.369		0.83121			4
2025.03.05	01:17:57.673	0.83116	0.83119			6
2025.03.05	01:17:58.735		0.83117			4
2025.03.05	01:17:59.880		0.83118			4
2025.03.05	01:18:00.244	0.83114	0.83116			6
2025.03.05	01:18:00.546	0.83113				2
2025.03.05	01:18:00.909		0.83115			4
2025.03.05	01:18:02.304	0.83112	0.83114			6
2025.03.05	01:18:03.201	0.83113	0.83115			6
2025.03.05	01:18:04.322	0.83114	0.83117			6
2025.03.05	01:18:04.655	0.83113	0.83116			6
2025.03.05	01:18:06.750	0.83114	0.83115			6
2025.03.05	01:18:07.051	0.83113	0.83114			6
2025.03.05	01:18:07.717		0.83115			4
2025.03.05	01:18:08.350	0.83114				2
2025.03.05	01:18:09.107	0.83111	0.83114			6
2025.03.05	01:18:15.025	0.83110	0.83113			6
2025.03.05	01:18:21.308	0.83109				2
2025.03.05	01:18:30.374	0.83111				2
2025.03.05	01:18:31.096		0.83114			4
2025.03.05	01:18:31.431	0.83112				2
2025.03.05	01:18:31.747	0.83114	0.83115			6
2025.03.05	01:18:34.207	0.83111	0.83113			6
2025.03.05	01:18:42.249		0.83112			4
2025.03.05	01:18:42.976	0.83110				2
2025.03.05	01:18:43.370		0.83113			4
2025.03.05	01:18:50.306	0.83109	0.83112			6
2025.03.05	01:18:56.090	0.83110	0.83113			6
2025.03.05	01:18:57.458	0.83109				2
2025.03.05	01:18:58.146	0.83111				2
2025.03.05	01:18:58.483	0.83112				2
2025.03.05	01:18:59.609		0.83114			4
2025.03.05	01:19:00.315	0.83112				2
2025.03.05	01:19:01.553		0.83113			4
2025.03.05	01:19:03.861	0.83111				2
2025.03.05	01:19:07.727	0.83107	0.83109			6
2025.03.05	01:19:08.046	0.83108	0.83110			6
2025.03.05	01:19:08.457	0.83109	0.83111			6
2025.03.05	01:19:09.162		0.83113			4
2025.03.05	01:19:09.465	0.83108	0.83111			6
2025.03.05	01:19:09.767		0.83110			4
2025.03.05	01:19:10.232		0.83109			4
2025.03.05	01:19:16.663	0.83109	0.83110			6
2025.03.05	01:19:17.216	0.83107				2
2025.03.05	01:19:18.255		0.83111			4
2025.03.05	01:19:19.223		0.83110			4
2025.03.05	01:19:20.323		0.83109			4
2025.03.05	01:19:22.300		0.83108			4
2025.03.05	01:19:23.483		0.83109			4
2025.03.05	01:19:24.760	0.83106				2
2025.03.05	01:19:30.624		0.83108			4
2025.03.05	01:19:32.332		0.83109			4
2025.03.05	01:19:32.644		0.83108			4
2025.03.05	01:19:41.723		0.83109			4
2025.03.05	01:19:51.436	0.83107				2
2025.03.05	01:19:52.066	0.83106				2
2025.03.05	01:19:53.354		0.83110			4
2025.03.05	01:19:55.469		0.83109			4
2025.03.05	01:19:55.797		0.83110			4
2025.03.05	01:19:56.634	0.83109				2
2025.03.05	01:19:57.835	0.83106	0.83109			6
2025.03.05	01:19:58.146	0.83104				2
2025.03.05	01:19:58.459	0.83103	0.83108			6
2025.03.05	01:19:59.756	0.83102	0.83106			6
2025.03.05	01:20:00.067	0.83102				2
2025.03.05	01:20:01.153		0.83105			4
2025.03.05	01:20:01.981		0.83107			4
2025.03.05	01:20:02.401	0.83099	0.83104			6
2025.03.05	01:20:02.733	0.83098	0.83102			6
2025.03.05	01:20:04.570	0.83100				2
2025.03.05	01:20:06.112	0.83101				2
2025.03.05	01:20:07.934	0.83096	0.83097			6
2025.03.05	01:20:08.574	0.83095				2
2025.03.05	01:20:08.887	0.83094	0.83096			6
2025.03.05	01:20:12.539	0.83093	0.83095			6
2025.03.05	01:20:13.024	0.83092	0.83094			6
2025.03.05	01:20:13.372		0.83095			4
2025.03.05	01:20:13.762		0.83094			4
2025.03.05	01:20:14.259	0.83094	0.83096			6
2025.03.05	01:20:16.852	0.83093				2
2025.03.05	01:20:19.996	0.83092				2
2025.03.05	01:20:21.298	0.83091	0.83095			6
2025.03.05	01:20:21.609	0.83092				2
2025.03.05	01:20:22.134	0.83091	0.83096			6
2025.03.05	01:20:23.146	0.83092				2
2025.03.05	01:20:23.733	0.83094	0.83098			6
2025.03.05	01:20:26.667	0.83097	0.83100			6
2025.03.05	01:20:26.992		0.83101			4
2025.03.05	01:20:30.690	0.83098				2
2025.03.05	01:20:31.539	0.83097				2
2025.03.05	01:20:34.558	0.83098				2
2025.03.05	01:20:37.169	0.83097				2
2025.03.05	01:20:37.519	0.83096	0.83099			6
2025.03.05	01:20:37.821	0.83098	0.83100			6
2025.03.05	01:20:46.614		0.83101			4
2025.03.05	01:20:46.938		0.83102			4
2025.03.05	01:20:48.829		0.83100			4
2025.03.05	01:20:49.146	0.83097				2
2025.03.05	01:20:50.314	0.83098				2
2025.03.05	01:20:54.186	0.83095	0.83098			6
2025.03.05	01:20:54.871	0.83094				2
2025.03.05	01:20:55.235		0.83097			4
2025.03.05	01:20:55.540	0.83095	0.83098			6
2025.03.05	01:20:55.843	0.83093	0.83097			6
2025.03.05	01:20:56.203	0.83095	0.83098			6
2025.03.05	01:20:59.231		0.83099			4
2025.03.05	01:20:59.946	0.83096				2
2025.03.05	01:21:00.320	0.83096				2
2025.03.05	01:21:01.289		0.83100			4
2025.03.05	01:21:02.633	0.83097	0.83101			6
2025.03.05	01:21:09.812		0.83102			4
2025.03.05	01:21:10.274	0.83098				2
2025.03.05	01:21:11.525	0.83097				2
2025.03.05	01:21:14.598	0.83099	0.83103			6
2025.03.05	01:21:21.672	0.83098				2
2025.03.05	01:21:24.220		0.83102			4
2025.03.05	01:21:24.727	0.83095	0.83098			6
2025.03.05	01:21:25.151	0.83098	0.83103			6
2025.03.05	01:21:25.467	0.83096	0.83100			6
2025.03.05	01:21:25.786		0.83101			4
2025.03.05	01:21:26.087		0.83100			4
2025.03.05	01:21:26.406		0.83101			4
2025.03.05	01:21:27.135	0.83095	0.83098			6
2025.03.05	01:21:28.750	0.83094				2
2025.03.05	01:21:30.898		0.83097			4
2025.03.05	01:21:34.747		0.83098			4
2025.03.05	01:21:36.557		0.83097			4
2025.03.05	01:21:38.660	0.83098	0.83100			6
2025.03.05	01:21:42.776		0.83101			4
2025.03.05	01:21:43.948		0.83100			4
2025.03.05	01:21:45.784		0.83101			4
2025.03.05	01:21:46.168		0.83100			4
2025.03.05	01:21:46.781		0.83101			4
2025.03.05	01:21:47.415		0.83100			4
2025.03.05	01:21:47.899		0.83101			4
2025.03.05	01:21:48.203	0.83097	0.83102			6
2025.03.05	01:21:52.420	0.83100				2
2025.03.05	01:21:52.755	0.83099	0.83101			6
2025.03.05	01:21:53.068	0.83098	0.83102			6
2025.03.05	01:21:57.471	0.83099				2
2025.03.05	01:21:59.831	0.83102	0.83103			6
2025.03.05	01:22:00.147	0.83102				2
2025.03.05	01:22:00.467	0.83103	0.83104			6
2025.03.05	01:22:00.825	0.83100	0.83103			6
2025.03.05	01:22:01.449	0.83102	0.83104			6
2025.03.05	01:22:02.047		0.83103			4
2025.03.05	01:22:02.835	0.83100	0.83102			6
2025.03.05	01:22:04.082	0.83101	0.83103			6
2025.03.05	01:22:11.234	0.83100	0.83102			6
2025.03.05	01:22:25.586	0.83099	0.83101			6
2025.03.05	01:22:30.705		0.83102			4
2025.03.05	01:22:31.591	0.83100				2
2025.03.05	01:22:32.457	0.83101				2
2025.03.05	01:22:32.877	0.83100				2
2025.03.05	01:22:34.780	0.83099				2
2025.03.05	01:22:41.924	0.83098	0.83101			6
2025.03.05	01:22:44.836	0.83099	0.83102			6
2025.03.05	01:22:46.956	0.83100	0.83103			6
2025.03.05	01:22:55.573		0.83102			4
2025.03.05	01:22:55.890		0.83103			4
2025.03.05	01:23:00.367	0.83100				2
2025.03.05	01:23:04.727	0.83099	0.83104			6
2025.03.05	01:23:05.113	0.83098	0.83103			6
2025.03.05	01:23:06.311	0.83099				2
2025.03.05	01:23:08.626	0.83098	0.83101			6
2025.03.05	01:23:08.929	0.83097				2
2025.03.05	01:23:09.788	0.83098				2
2025.03.05	01:23:12.343	0.83097				2
2025.03.05	01:23:13.881		0.83100			4
2025.03.05	01:23:14.456	0.83096	0.83101			6
2025.03.05	01:23:14.887	0.83097				2
2025.03.05	01:23:16.206		0.83100			4
2025.03.05	01:23:16.532	0.83096	0.83101			6
2025.03.05	01:23:16.949	0.83097				2
2025.03.05	01:23:17.388		0.83100			4
2025.03.05	01:23:20.039		0.83101			4
2025.03.05	01:23:20.387		0.83100			4
2025.03.05	01:23:20.693		0.83101			4
2025.03.05	01:23:21.024		0.83100			4
2025.03.05	01:23:23.379		0.83101			4
2025.03.05	01:23:24.448		0.83100			4
2025.03.05	01:23:25.252		0.83101			4
2025.03.05	01:23:25.652		0.83100			4
2025.03.05	01:23:32.685	0.83096				2
2025.03.05	01:23:33.233		0.83101			4
2025.03.05	01:23:34.918		0.83100			4
2025.03.05	01:23:37.035		0.83101			4
2025.03.05	01:23:38.722		0.83100			4
2025.03.05	01:23:40.385	0.83097				2
2025.03.05	01:23:40.697	0.83096				2
2025.03.05	01:23:42.935		0.83099			4
2025.03.05	01:23:43.241		0.83100			4
2025.03.05	01:23:43.642		0.83098			4
2025.03.05	01:23:44.418	0.83092	0.83095			6
2025.03.05	01:23:44.739	0.83091				2
2025.03.05	01:23:46.678		0.83093			4
2025.03.05	01:23:49.089		0.83094			4
2025.03.05	01:23:53.015	0.83090	0.83093			6
2025.03.05	01:23:55.221	0.83088	0.83092			6
2025.03.05	01:23:55.907		0.83091			4
2025.03.05	01:23:56.560	0.83087	0.83090			6
2025.03.05	01:23:57.152		0.83091			4
2025.03.05	01:23:57.533		0.83090			4
2025.03.05	01:23:58.041	0.83086				2
2025.03.05	01:23:58.648	0.83087				2
2025.03.05	01:23:58.966		0.83091			4
2025.03.05	01:23:59.339	0.83086	0.83090			6
2025.03.05	01:23:59.933	0.83085				2
2025.03.05	01:24:00.335	0.83087	0.83091			6
2025.03.05	01:24:00.660		0.83090			4
2025.03.05	01:24:01.167		0.83091			4
2025.03.05	01:24:01.487		0.83090			4
2025.03.05	01:24:01.825	0.83082	0.83084			6
2025.03.05	01:24:03.588		0.83086			4
2025.03.05	01:24:05.376		0.83087			4
2025.03.05	01:24:06.360		0.83084			4
2025.03.05	01:24:08.295		0.83085			4
2025.03.05	01:24:08.625	0.83083	0.83086			6
2025.03.05	01:24:08.989		0.83085			4
2025.03.05	01:24:09.372		0.83086			4
2025.03.05	01:24:09.921	0.83076	0.83079			6
2025.03.05	01:24:10.544		0.83080			4
2025.03.05	01:24:13.168		0.83081			4
2025.03.05	01:24:13.564		0.83080			4
2025.03.05	01:24:18.758	0.83074	0.83078			6
2025.03.05	01:24:19.606		0.83079			4
2025.03.05	01:24:21.016	0.83073				2
2025.03.05	01:24:21.332		0.83077			4
2025.03.05	01:24:21.964	0.83074				2
2025.03.05	01:24:22.671	0.83073	0.83079			6
2025.03.05	01:24:26.631	0.83074	0.83080			6
2025.03.05	01:24:29.241	0.83073	0.83076			6
2025.03.05	01:24:30.490	0.83069	0.83072			6
2025.03.05	01:24:30.796		0.83074			4
2025.03.05	01:24:32.850		0.83073			4
2025.03.05	01:24:33.691	0.83068				2
2025.03.05	01:24:35.964		0.83072			4
2025.03.05	01:24:36.300	0.83067	0.83071			6
2025.03.05	01:24:36.914		0.83072			4
2025.03.05	01:24:39.800		0.83070			4
2025.03.05	01:24:42.841	0.83066	0.83069			6
2025.03.05	01:24:46.557	0.83067				2
2025.03.05	01:24:46.866		0.83072			4
2025.03.05	01:24:47.185		0.83070			4
2025.03.05	01:24:48.357		0.83069			4
2025.03.05	01:24:48.662		0.83072			4
2025.03.05	01:24:49.294	0.83069	0.83074			6
2025.03.05	01:24:53.469		0.83075			4
2025.03.05	01:24:53.840	0.83070				2
2025.03.05	01:24:54.195	0.83068	0.83074			6
2025.03.05	01:25:00.501	0.83072	0.83077			6
2025.03.05	01:25:01.148		0.83078			4
2025.03.05	01:25:01.459	0.83073	0.83079			6
2025.03.05	01:25:03.431	0.83072	0.83078			6
2025.03.05	01:25:06.346	0.83073				2
2025.03.05	01:25:08.513	0.83072	0.83079			6
2025.03.05	01:25:10.245		0.83077			4
2025.03.05	01:25:10.567	0.83071				2
2025.03.05	01:25:14.028	0.83069	0.83074			6
2025.03.05	01:25:14.351	0.83068				2
2025.03.05	01:25:14.865	0.83067	0.83072			6
2025.03.05	01:25:22.563	0.83066				2
2025.03.05	01:25:27.587		0.83071			4
2025.03.05	01:25:30.015	0.83067				2
2025.03.05	01:25:30.319	0.83066	0.83072			6
2025.03.05	01:25:36.234	0.83067	0.83071			6
2025.03.05	01:25:36.699	0.83066				2
2025.03.05	01:25:46.656	0.83067				2
2025.03.05	01:25:46.959		0.83072			4
2025.03.05	01:25:47.334	0.83065	0.83070			6
2025.03.05	01:25:47.664		0.83068			4
2025.03.05	01:25:49.781		0.83069			4
2025.03.05	01:25:50.770	0.83062	0.83067			6
2025.03.05	01:25:51.085		0.83066			4
2025.03.05	01:25:52.665	0.83061				2
2025.03.05	01:25:57.947		0.83067			4
2025.03.05	01:25:58.803	0.83062				2
2025.03.05	01:26:00.459	0.83062				2
2025.03.05	01:26:01.265	0.83057	0.83063			6
2025.03.05	01:26:01.569		0.83062			4
2025.03.05	01:26:03.722		0.83063			4
2025.03.05	01:26:15.231		0.83062			4
2025.03.05	01:26:15.653	0.83060	0.83065			6
2025.03.05	01:26:16.013	0.83059				2
2025.03.05	01:26:16.790	0.83060				2
2025.03.05	01:26:17.913	0.83056	0.83062			6
2025.03.05	01:26:20.316	0.83057				2
2025.03.05	01:26:25.414		0.83063			4
2025.03.05	01:26:34.596	0.83060	0.83065			6
2025.03.05	01:26:38.838	0.83061	0.83066			6
2025.03.05	01:26:40.359	0.83062	0.83067			6
2025.03.05	01:26:45.937	0.83061				2
2025.03.05	01:26:46.246	0.83062				2
2025.03.05	01:26:47.052	0.83065	0.83070			6
2025.03.05	01:26:49.258	0.83067	0.83071			6
2025.03.05	01:26:49.655		0.83072			4
2025.03.05	01:26:50.795		0.83073			4
2025.03.05	01:26:55.821		0.83072			4
2025.03.05	01:26:59.598	0.83066	0.83071			6
2025.03.05	01:27:00.315	0.83066				2
2025.03.05	01:27:08.046	0.83065	0.83070			6
2025.03.05	01:27:08.356	0.83064	0.83069			6
2025.03.05	01:27:16.122	0.83066	0.83071			6
2025.03.05	01:27:16.427		0.83070			4
2025.03.05	01:27:16.743		0.83071			4
2025.03.05	01:27:20.279	0.83064	0.83069			6
2025.03.05	01:27:20.969	0.83063				2
2025.03.05	01:27:22.132		0.83068			4
2025.03.05	01:27:24.024		0.83069			4
2025.03.05	01:27:30.833		0.83068			4
2025.03.05	01:27:32.074		0.83069			4
2025.03.05	01:27:32.564	0.83064	0.83070			6
2025.03.05	01:27:35.350	0.83063	0.83069			6
2025.03.05	01:27:35.683		0.83068			4
2025.03.05	01:27:40.788		0.83069			4
2025.03.05	01:27:42.352	0.83064				2
2025.03.05	01:27:42.736	0.83063				2
2025.03.05	01:27:45.273	0.83064				2
2025.03.05	01:27:47.867	0.83062	0.83068			6
2025.03.05	01:27:49.376		0.83067			4
2025.03.05	01:27:49.782	0.83061				2
2025.03.05	01:28:00.460	0.83058	0.83063			6
2025.03.05	01:28:05.698		0.83064			4
2025.03.05	01:28:10.814	0.83059	0.83065			6
2025.03.05	01:28:11.882		0.83064			4
2025.03.05	01:28:12.560	0.83058				2
2025.03.05	01:28:12.926	0.83059				2
2025.03.05	01:28:13.235		0.83065			4
2025.03.05	01:28:20.013	0.83058	0.83064			6
2025.03.05	01:28:24.662		0.83063			4
2025.03.05	01:28:30.677		0.83062			4
2025.03.05	01:28:30.987	0.83057				2
2025.03.05	01:28:31.537	0.83056	0.83061			6
2025.03.05	01:28:37.743	0.83057	0.83063			6
2025.03.05	01:28:38.046	0.83058				2
2025.03.05	01:28:38.361		0.83064			4
2025.03.05	01:28:46.245	0.83059				2
2025.03.05	01:28:47.316	0.83060	0.83065			6
2025.03.05	01:28:47.928	0.83062				2
2025.03.05	01:28:51.262	0.83061	0.83067			6
2025.03.05	01:28:56.106	0.83062				2
2025.03.05	01:28:59.259	0.83063				2
2025.03.05	01:28:59.566	0.83062				2
2025.03.05	01:29:01.067	0.83062				2
2025.03.05	01:29:02.261		0.83066			4
2025.03.05	01:29:04.874	0.83058	0.83063			6
2025.03.05	01:29:05.911		0.83064			4
2025.03.05	01:29:09.831		0.83063			4
2025.03.05	01:29:22.305		0.83064			4
2025.03.05	01:29:22.607	0.83061	0.83066			6
2025.03.05	01:29:22.915	0.83062				2
2025.03.05	01:29:27.428	0.83059	0.83064			6
2025.03.05	01:29:31.698	0.83061	0.83066			6
2025.03.05	01:29:40.583	0.83060				2
2025.03.05	01:29:40.895	0.83062	0.83067			6
2025.03.05	01:29:44.841	0.83063	0.83068			6
2025.03.05	01:29:57.553	0.83064	0.83070			6
2025.03.05	01:29:59.924		0.83069			4
2025.03.05	01:30:00.228	0.83065				2
2025.03.05	01:30:00.577	0.83064				2
2025.03.05	01:30:00.882	0.83065				2
2025.03.05	01:30:01.739	0.83064				2
2025.03.05	01:30:02.093	0.83065	0.83066			6
2025.03.05	01:30:04.215	0.83064	0.83069			6
2025.03.05	01:30:04.639	0.83061	0.83068			6
2025.03.05	01:30:05.259		0.83067			4
2025.03.05	01:30:08.180	0.83065	0.83069			6
2025.03.05	01:30:08.487	0.83064				2
2025.03.05	01:30:08.810	0.83063	0.83068			6
2025.03.05	01:30:11.402	0.83064	0.83069			6
2025.03.05	01:30:16.453	0.83066				2
2025.03.05	01:30:18.345	0.83063	0.83068			6
2025.03.05	01:30:19.570	0.83064				2
2025.03.05	01:30:20.632	0.83063				2
2025.03.05	01:30:22.203		0.83067			4
2025.03.05	01:30:25.145	0.83065	0.83068			6
2025.03.05	01:30:28.350	0.83063				2
2025.03.05	01:30:30.464	0.83062				2
2025.03.05	01:30:34.828		0.83067			4
2025.03.05	01:30:37.192		0.83068			4
2025.03.05	01:30:38.351	0.83063				2
2025.03.05	01:30:39.443	0.83062	0.83067			6
2025.03.05	01:30:43.419	0.83063				2
2025.03.05	01:30:43.752	0.83062				2
2025.03.05	01:30:46.348		0.83068			4
2025.03.05	01:30:48.487	0.83063				2
2025.03.05	01:30:49.479	0.83064				2
2025.03.05	01:30:49.785	0.83063	0.83066			6
2025.03.05	01:30:56.121	0.83059	0.83065			6
2025.03.05	01:30:57.293	0.83062	0.83066			6
2025.03.05	01:30:57.621	0.83061				2
2025.03.05	01:30:57.943	0.83062				2
2025.03.05	01:31:00.180	0.83062				2
2025.03.05	01:31:03.455	0.83064				2
2025.03.05	01:31:04.567	0.83063				2
2025.03.05	01:31:08.429	0.83068	0.83072			6
2025.03.05	01:31:09.530	0.83069				2
2025.03.05	01:31:12.002		0.83073			4
2025.03.05	01:31:12.356	0.83066	0.83071			6
2025.03.05	01:31:12.665		0.83072			4
2025.03.05	01:31:13.152		0.83071			4
2025.03.05	01:31:16.285		0.83070			4
2025.03.05	01:31:18.216	0.83064	0.83068			6
2025.03.05	01:31:25.332		0.83069			4
2025.03.05	01:31:28.090	0.83065	0.83068			6
2025.03.05	01:31:35.650	0.83067	0.83070			6
2025.03.05	01:31:37.062	0.83068				2
2025.03.05	01:31:37.712		0.83071			4
2025.03.05	01:31:39.518	0.83065	0.83069			6
2025.03.05	01:31:40.563	0.83064				2
2025.03.05	01:31:41.288	0.83066	0.83068			6
2025.03.05	01:31:41.607	0.83070	0.83071			6
2025.03.05	01:31:44.842		0.83073			4
2025.03.05	01:31:47.437	0.83074	0.83075			6
2025.03.05	01:31:52.088	0.83073	0.83077			6
2025.03.05	01:31:56.348	0.83074	0.83076			6
2025.03.05	01:31:57.156		0.83077			4
2025.03.05	01:31:57.554	0.83073				2
2025.03.05	01:31:59.371		0.83076			4
2025.03.05	01:32:00.362	0.83073				2
2025.03.05	01:32:00.831		0.83075			4
2025.03.05	01:32:02.330	0.83069	0.83072			6
2025.03.05	01:32:02.660	0.83068				2
2025.03.05	01:32:03.660	0.83067				2
2025.03.05	01:32:04.073		0.83071			4
2025.03.05	01:32:04.552		0.83072			4
2025.03.05	01:32:04.912		0.83071			4
2025.03.05	01:32:06.474		0.83072			4
2025.03.05	01:32:09.077		0.83071			4
2025.03.05	01:32:11.506	0.83066	0.83069			6
2025.03.05	01:32:11.988		0.83070			4
2025.03.05	01:32:12.827	0.83064	0.83069			6
2025.03.05	01:32:14.092	0.83066				2
2025.03.05	01:32:16.298	0.83067				2
2025.03.05	01:32:17.201		0.83070			4
2025.03.05	01:32:19.079		0.83069			4
2025.03.05	01:32:19.442		0.83070			4
2025.03.05	01:32:19.748	0.83072	0.83073			6
2025.03.05	01:32:20.055	0.83073	0.83074			6
2025.03.05	01:32:22.758		0.83075			4
2025.03.05	01:32:24.615		0.83074			4
2025.03.05	01:32:24.972	0.83074	0.83075			6
2025.03.05	01:32:28.429	0.83071				2
2025.03.05	01:32:29.592	0.83077	0.83079			6
2025.03.05	01:32:35.372	0.83079	0.83080			6
2025.03.05	01:32:35.686	0.83080	0.83082			6
2025.03.05	01:32:35.988		0.83081			4
2025.03.05	01:32:36.628	0.83083	0.83084			6
2025.03.05	01:32:37.013	0.83081	0.83082			6
2025.03.05	01:32:38.033	0.83082	0.83083			6
2025.03.05	01:32:38.342	0.83084	0.83085			6
2025.03.05	01:32:42.064	0.83082	0.83083			6
2025.03.05	01:32:43.086	0.83080	0.83081			6
2025.03.05	01:32:45.546	0.83075	0.83077			6
2025.03.05	01:32:45.848	0.83073				2
2025.03.05	01:32:46.149		0.83076			4
2025.03.05	01:32:47.184	0.83072	0.83073			6
2025.03.05	01:32:49.067	0.83068	0.83071			6
2025.03.05	01:32:49.386	0.83069	0.83070			6
2025.03.05	01:32:50.563	0.83067				2
2025.03.05	01:32:56.941	0.83077	0.83078			6
2025.03.05	01:32:57.727	0.83080	0.83081			6
2025.03.05	01:32:59.249	0.83081	0.83082			6
2025.03.05	01:33:00.205	0.83081				2
2025.03.05	01:33:00.507	0.83079	0.83080			6
2025.03.05	01:33:00.809	0.83077	0.83078			6
2025.03.05	01:33:02.950	0.83080	0.83082			6
2025.03.05	01:33:03.303	0.83079				2
2025.03.05	01:33:03.609	0.83075	0.83078			6
2025.03.05	01:33:04.057		0.83079			4
2025.03.05	01:33:04.797	0.83076				2
2025.03.05	01:33:06.440	0.83075				2
2025.03.05	01:33:07.659		0.83080			4
2025.03.05	01:33:07.977		0.83079			4
2025.03.05	01:33:11.029	0.83069	0.83073			6
2025.03.05	01:33:11.646	0.83066	0.83070			6
2025.03.05	01:33:11.949	0.83067	0.83071			6
2025.03.05	01:33:17.764	0.83068	0.83072			6
2025.03.05	01:33:20.923		0.83073			4
2025.03.05	01:33:28.481	0.83069				2
2025.03.05	01:33:45.449	0.83070				2
2025.03.05	01:33:49.070	0.83069				2
2025.03.05	01:33:56.940	0.83073	0.83074			6
2025.03.05	01:33:57.833	0.83070				2
2025.03.05	01:34:01.103	0.83070				2
2025.03.05	01:34:02.712	0.83074	0.83079			6
2025.03.05	01:34:03.067		0.83078			4
2025.03.05	01:34:03.539		0.83079			4
2025.03.05	01:34:03.856	0.83075				2
2025.03.05	01:34:11.378	0.83074	0.83077			6
2025.03.05	01:34:12.056		0.83078			4
2025.03.05	01:34:13.544		0.83077			4
2025.03.05	01:34:16.353	0.83069	0.83073			6
2025.03.05	01:34:18.334	0.83068	0.83072			6
2025.03.05	01:34:18.973	0.83069				2
2025.03.05	01:34:21.369	0.83065	0.83069			6
2025.03.05	01:34:25.145		0.83068			4
2025.03.05	01:34:26.356	0.83067	0.83069			6
2025.03.05	01:34:26.670	0.83066	0.83068			6
2025.03.05	01:34:27.026	0.83065				2
2025.03.05	01:34:30.333	0.83064				2
2025.03.05	01:34:30.648		0.83067			4
2025.03.05	01:34:31.026	0.83063				2
2025.03.05	01:34:31.335		0.83066			4
2025.03.05	01:34:32.364	0.83064	0.83067			6
2025.03.05	01:34:50.008	0.83058	0.83061			6
2025.03.05	01:34:50.315	0.83059	0.83063			6
2025.03.05	01:34:52.217		0.83062			4
2025.03.05	01:34:59.371	0.83060	0.83063			6
2025.03.05	01:35:00.362	0.83061	0.83064			6
2025.03.05	01:35:00.667	0.83062				2
2025.03.05	01:35:02.620	0.83061				2
2025.03.05	01:35:05.236		0.83063			4
2025.03.05	01:35:12.810	0.83060	0.83062			6
2025.03.05	01:35:25.139	0.83059				2
2025.03.05	01:35:40.237	0.83060	0.83063			6
2025.03.05	01:35:41.873		0.83064			4
2025.03.05	01:35:46.367	0.83061	0.83065			6
2025.03.05	01:35:46.684		0.83063			4
2025.03.05	01:35:58.911		0.83064			4
2025.03.05	01:35:59.366		0.83063			4
2025.03.05	01:36:00.374	0.83061				2
2025.03.05	01:36:03.726		0.83064			4
2025.03.05	01:36:04.451	0.83063	0.83067			6
2025.03.05	01:36:07.492		0.83066			4
2025.03.05	01:36:07.873		0.83067			4
2025.03.05	01:36:18.430	0.83059	0.83063			6
2025.03.05	01:36:18.787		0.83062			4
2025.03.05	01:36:28.427	0.83055	0.83057			6
2025.03.05	01:36:28.729	0.83054	0.83058			6
2025.03.05	01:36:29.592		0.83057			4
2025.03.05	01:36:30.902	0.83053				2
2025.03.05	01:36:33.717		0.83058			4
2025.03.05	01:36:34.372		0.83057			4
2025.03.05	01:36:39.102		0.83058			4
2025.03.05	01:36:39.462		0.83057			4
2025.03.05	01:36:42.149		0.83058			4
2025.03.05	01:36:42.560	0.83054	0.83057			6
2025.03.05	01:36:43.029		0.83058			4
2025.03.05	01:36:44.368	0.83055				2
2025.03.05	01:36:45.593		0.83057			4
2025.03.05	01:36:49.150	0.83058	0.83062			6
2025.03.05	01:36:50.709	0.83055	0.83058			6
2025.03.05	01:36:57.576	0.83057	0.83061			6
2025.03.05	01:36:57.876		0.83062			4
2025.03.05	01:36:58.213	0.83058				2
2025.03.05	01:37:00.364	0.83059				2
2025.03.05	01:37:00.723	0.83056	0.83059			6
2025.03.05	01:37:01.438		0.83058			4
2025.03.05	01:37:02.458		0.83059			4
2025.03.05	01:37:03.414		0.83058			4
2025.03.05	01:37:03.917		0.83059			4
2025.03.05	01:37:07.214	0.83057	0.83061			6
2025.03.05	01:37:07.544	0.83055	0.83058			6
2025.03.05	01:37:08.968	0.83056	0.83059			6
2025.03.05	01:37:09.275	0.83055	0.83058			6
2025.03.05	01:37:10.020	0.83066	0.83068			6
2025.03.05	01:37:11.965	0.83064	0.83067			6
2025.03.05	01:37:12.885		0.83065			4
2025.03.05	01:37:19.689		0.83066			4
2025.03.05	01:37:23.184	0.83063				2
2025.03.05	01:37:23.804		0.83065			4
2025.03.05	01:37:29.382	0.83062	0.83064			6
2025.03.05	01:37:29.689	0.83063				2
2025.03.05	01:37:33.591	0.83066	0.83067			6
2025.03.05	01:37:33.908	0.83065	0.83066			6
2025.03.05	01:37:50.587		0.83067			4
2025.03.05	01:37:54.698	0.83066				2
2025.03.05	01:38:00.461	0.83063				2
2025.03.05	01:38:00.764		0.83064			4
2025.03.05	01:38:17.527	0.83062	0.83063			6
2025.03.05	01:38:23.290	0.83061				2
2025.03.05	01:38:26.202	0.83060				2
2025.03.05	01:38:30.231	0.83061				2
2025.03.05	01:38:39.725	0.83060				2
2025.03.05	01:38:40.071		0.83062			4
2025.03.05	01:38:42.077		0.83063			4
2025.03.05	01:38:43.436		0.83062			4
2025.03.05	01:38:43.879		0.83063			4
2025.03.05	01:38:47.871	0.83061				2
2025.03.05	01:38:50.839	0.83060				2
2025.03.05	01:38:53.663		0.83064			4
2025.03.05	01:38:54.274		0.83063			4
2025.03.05	01:38:59.120	0.83061				2
2025.03.05	01:38:59.825	0.83060	0.83064			6
2025.03.05	01:39:00.372	0.83061	0.83063			6
2025.03.05	01:39:00.707	0.83060				2
2025.03.05	01:39:03.308		0.83064			4
2025.03.05	01:39:09.001	0.83061				2
2025.03.05	01:39:13.920	0.83065	0.83068			6
2025.03.05	01:39:14.225	0.83064	0.83066			6
2025.03.05	01:39:14.530	0.83062	0.83064			6
2025.03.05	01:39:17.867		0.83063			4
2025.03.05	01:39:18.171		0.83064			4
2025.03.05	01:39:19.165		0.83063			4
2025.03.05	01:39:19.502		0.83064			4
2025.03.05	01:39:21.671		0.83063			4
2025.03.05	01:39:22.019		0.83064			4
2025.03.05	01:39:22.697		0.83063			4
2025.03.05	01:39:23.003		0.83064			4
2025.03.05	01:39:26.424	0.83061				2
2025.03.05	01:39:26.733		0.83063			4
2025.03.05	01:39:30.173		0.83064			4
2025.03.05	01:39:40.500	0.83064	0.83065			6
2025.03.05	01:39:50.960	0.83063				2
2025.03.05	01:39:57.294	0.83062				2
2025.03.05	01:40:00.078	0.83062				2
2025.03.05	01:40:01.283	0.83064	0.83067			6
2025.03.05	01:40:01.588		0.83066			4
2025.03.05	01:40:01.992	0.83062	0.83065			6
2025.03.05	01:40:03.274	0.83064	0.83066			6
2025.03.05	01:40:04.851		0.83067			4
2025.03.05	01:40:05.327	0.83065	0.83068			6
2025.03.05	01:40:05.699		0.83067			4
2025.03.05	01:40:06.481		0.83066			4
2025.03.05	01:40:07.104		0.83067			4
2025.03.05	01:40:10.553	0.83062	0.83065			6
2025.03.05	01:40:12.982		0.83064			4
2025.03.05	01:40:15.844	0.83061				2
2025.03.05	01:40:18.088	0.83059	0.83062			6
2025.03.05	01:40:18.467		0.83061			4
2025.03.05	01:40:18.822	0.83057	0.83060			6
2025.03.05	01:40:21.713		0.83059			4
2025.03.05	01:40:22.251	0.83056				2
2025.03.05	01:40:36.076	0.83058				2
2025.03.05	01:40:53.569		0.83060			4
2025.03.05	01:41:00.471	0.83059	0.83062			6
2025.03.05	01:41:01.549		0.83061			4
2025.03.05	01:41:01.884	0.83058				2
2025.03.05	01:41:02.494	0.83060				2
2025.03.05	01:41:02.807	0.83061	0.83062			6
2025.03.05	01:41:03.435	0.83062	0.83063			6
2025.03.05	01:41:08.780	0.83063	0.83064			6
2025.03.05	01:41:13.451	0.83062	0.83063			6
2025.03.05	01:41:20.647	0.83058	0.83059			6
2025.03.05	01:41:27.155		0.83061			4
2025.03.05	01:41:27.958		0.83059			4
2025.03.05	01:41:45.535	0.83062	0.83063			6
2025.03.05	01:41:51.656		0.83064			4
2025.03.05	01:41:52.306	0.83064	0.83065			6
2025.03.05	01:42:00.458	0.83064				2
2025.03.05	01:42:05.746	0.83063	0.83064			6
2025.03.05	01:42:06.052		0.83065			4
2025.03.05	01:42:08.202	0.83061	0.83063			6
2025.03.05	01:42:09.630		0.83064			4
2025.03.05	01:42:11.881		0.83062			4
2025.03.05	01:42:12.185	0.83059	0.83060			6
2025.03.05	01:42:12.507	0.83060	0.83063			6
2025.03.05	01:42:13.331		0.83064			4
2025.03.05	01:42:14.439		0.83063			4
2025.03.05	01:42:20.348		0.83064			4
2025.03.05	01:42:21.627	0.83062				2
2025.03.05	01:42:29.310		0.83065			4
2025.03.05	01:42:31.408		0.83064			4
2025.03.05	01:42:38.442		0.83065			4
2025.03.05	01:42:39.270		0.83064			4
2025.03.05	01:42:42.716	0.83064	0.83065			6
2025.03.05	01:42:44.627	0.83062	0.83064			6
2025.03.05	01:42:53.996	0.83061				2
2025.03.05	01:42:55.438		0.83065			4
2025.03.05	01:42:56.404		0.83064			4
2025.03.05	01:43:00.594	0.83061				2
2025.03.05	01:43:02.146	0.83062				2
2025.03.05	01:43:09.115		0.83065			4
2025.03.05	01:43:09.674		0.83064			4
2025.03.05	01:43:13.350	0.83063	0.83065			6
2025.03.05	01:43:13.667	0.83062	0.83064			6
2025.03.05	01:43:17.638	0.83061	0.83063			6
2025.03.05	01:43:17.945	0.83062	0.83064			6
2025.03.05	01:43:19.727	0.83060				2
2025.03.05	01:43:20.474	0.83062				2
2025.03.05	01:43:21.549	0.83061				2
2025.03.05	01:43:25.379	0.83064	0.83066			6
2025.03.05	01:43:28.915	0.83061	0.83064			6
2025.03.05	01:43:29.691	0.83060	0.83063			6
2025.03.05	01:43:30.120		0.83064			4
2025.03.05	01:43:32.717		0.83063			4
2025.03.05	01:43:33.798		0.83064			4
2025.03.05	01:43:38.428	0.83059				2
2025.03.05	01:43:48.231	0.83060				2
2025.03.05	01:43:51.175		0.83063			4
2025.03.05	01:43:51.498		0.83064			4
2025.03.05	01:44:00.363	0.83062				2
2025.03.05	01:44:01.445	0.83061				2
2025.03.05	01:44:03.909		0.83065			4
2025.03.05	01:44:12.875	0.83060				2
2025.03.05	01:44:15.280		0.83064			4
2025.03.05	01:44:15.645		0.83065			4
2025.03.05	01:44:19.008	0.83061				2
2025.03.05	01:44:24.803		0.83066			4
2025.03.05	01:44:26.669		0.83065			4
2025.03.05	01:44:42.491	0.83064	0.83067			6
2025.03.05	01:44:43.592	0.83061	0.83065			6
2025.03.05	01:44:58.332		0.83064			4
2025.03.05	01:45:00.203	0.83061	0.83065			6
2025.03.05	01:45:09.480		0.83064			4
2025.03.05	01:45:18.640	0.83062	0.83065			6
2025.03.05	01:45:20.246	0.83060	0.83064			6
2025.03.05	01:45:21.370		0.83065			4
2025.03.05	01:45:24.976	0.83061				2
2025.03.05	01:45:25.668		0.83064			4
2025.03.05	01:45:30.709	0.83060				2
2025.03.05	01:45:31.763	0.83062	0.83065			6
2025.03.05	01:45:32.459		0.83064			4
2025.03.05	01:45:33.239		0.83065			4
2025.03.05	01:45:33.969		0.83064			4
2025.03.05	01:45:34.528	0.83063	0.83065			6
2025.03.05	01:45:35.288		0.83064			4
2025.03.05	01:45:37.442	0.83062				2
2025.03.05	01:45:38.642	0.83063				2
2025.03.05	01:45:41.699		0.83065			4
2025.03.05	01:45:42.491		0.83064			4
2025.03.05	01:45:44.681		0.83065			4
2025.03.05	01:45:46.081		0.83064			4
2025.03.05	01:45:46.403		0.83065			4
2025.03.05	01:45:47.204		0.83064			4
2025.03.05	01:45:54.675		0.83065			4
2025.03.05	01:45:56.971	0.83065	0.83067			6
2025.03.05	01:46:00.481	0.83064	0.83065			6
2025.03.05	01:46:09.493		0.83066			4
2025.03.05	01:46:10.963	0.83063				2
2025.03.05	01:46:13.638		0.83065			4
2025.03.05	01:46:15.515	0.83064				2
2025.03.05	01:46:19.652	0.83063				2
2025.03.05	01:46:20.184	0.83064				2
2025.03.05	01:46:30.638	0.83063				2
2025.03.05	01:46:31.762	0.83064	0.83066			6
2025.03.05	01:46:32.077		0.83065			4
2025.03.05	01:46:32.984		0.83066			4
2025.03.05	01:46:34.477		0.83065			4
2025.03.05	01:46:39.452		0.83066			4
2025.03.05	01:46:43.684	0.83068	0.83069			6
2025.03.05	01:46:44.083		0.83070			4
2025.03.05	01:46:57.012		0.83071			4
2025.03.05	01:46:57.598		0.83072			4
2025.03.05	01:46:59.941		0.83070			4
2025.03.05	01:47:00.523	0.83068				2
2025.03.05	01:47:07.052	0.83069				2
2025.03.05	01:47:12.449		0.83071			4
2025.03.05	01:47:14.963		0.83070			4
2025.03.05	01:47:15.953		0.83071			4
2025.03.05	01:47:17.829		0.83070			4
2025.03.05	01:47:22.068		0.83071			4
2025.03.05	01:47:28.713	0.83073	0.83074			6
2025.03.05	01:47:29.073		0.83075			4
2025.03.05	01:47:31.672	0.83074				2
2025.03.05	01:47:32.261	0.83075	0.83077			6
2025.03.05	01:47:33.797		0.83076			4
2025.03.05	01:47:36.681		0.83077			4
2025.03.05	01:47:40.548		0.83076			4
2025.03.05	01:47:42.060		0.83077			4
2025.03.05	01:47:44.993	0.83073	0.83076			6
2025.03.05	01:47:49.736	0.83075	0.83078			6
2025.03.05	01:47:59.188	0.83077				2
2025.03.05	01:48:00.117	0.83076				2
2025.03.05	01:48:00.425	0.83077				2
2025.03.05	01:48:02.547	0.83072	0.83075			6
2025.03.05	01:48:03.174		0.83074			4
2025.03.05	01:48:05.245		0.83075			4
2025.03.05	01:48:05.844		0.83074			4
2025.03.05	01:48:07.886		0.83075			4
2025.03.05	01:48:08.798		0.83076			4
2025.03.05	01:48:09.192		0.83075			4
2025.03.05	01:48:09.582		0.83076			4
2025.03.05	01:48:10.318		0.83075			4
2025.03.05	01:48:10.762		0.83076			4
2025.03.05	01:48:11.160		0.83075			4
2025.03.05	01:48:16.101	0.83073	0.83074			6
2025.03.05	01:48:16.409	0.83071	0.83075			6
2025.03.05	01:48:16.801	0.83070	0.83073			6
2025.03.05	01:48:17.124		0.83074			4
2025.03.05	01:48:17.596		0.83073			4
2025.03.05	01:48:17.941	0.83071	0.83074			6
2025.03.05	01:48:18.478	0.83072				2
2025.03.05	01:48:26.556	0.83071				2
2025.03.05	01:48:26.866	0.83070				2
2025.03.05	01:48:30.665	0.83071	0.83075			6
2025.03.05	01:48:31.539		0.83074			4
2025.03.05	01:48:31.881		0.83075			4
2025.03.05	01:48:33.534	0.83073	0.83076			6
2025.03.05	01:48:35.762	0.83074				2
2025.03.05	01:48:39.450		0.83077			4
2025.03.05	01:48:39.852		0.83076			4
2025.03.05	01:48:43.407		0.83077			4
2025.03.05	01:48:45.365	0.83076	0.83078			6
2025.03.05	01:48:45.667	0.83077	0.83079			6
2025.03.05	01:48:46.000	0.83078				2
2025.03.05	01:48:47.050	0.83074	0.83078			6
2025.03.05	01:48:49.078		0.83079			4
2025.03.05	01:48:49.476		0.83078			4
2025.03.05	01:48:50.213		0.83079			4
2025.03.05	01:48:50.522		0.83078			4
2025.03.05	01:48:50.826		0.83079			4
2025.03.05	01:48:51.307		0.83078			4
2025.03.05	01:48:52.288		0.83079			4
2025.03.05	01:48:52.589		0.83078			4
2025.03.05	01:48:52.892		0.83079			4
2025.03.05	01:48:53.304	0.83075	0.83078			6
2025.03.05	01:48:53.657		0.83079			4
2025.03.05	01:48:54.358		0.83078			4
2025.03.05	01:48:55.827	0.83073				2
2025.03.05	01:48:59.601		0.83077			4
2025.03.05	01:49:00.199	0.83073	0.83078			6
2025.03.05	01:49:04.816		0.83077			4
2025.03.05	01:49:05.222	0.83074				2
2025.03.05	01:49:08.684	0.83076	0.83080			6
2025.03.05	01:49:08.991		0.83079			4
2025.03.05	01:49:17.945		0.83078			4
2025.03.05	01:49:19.063		0.83080			4
2025.03.05	01:49:19.462	0.83075	0.83079			6
2025.03.05	01:49:20.011		0.83078			4
2025.03.05	01:49:23.374	0.83073	0.83076			6
2025.03.05	01:49:24.102		0.83077			4
2025.03.05	01:49:24.413		0.83076			4
2025.03.05	01:49:27.411		0.83077			4
2025.03.05	01:49:28.348	0.83074				2
2025.03.05	01:49:30.665		0.83078			4
2025.03.05	01:49:31.213		0.83077			4
2025.03.05	01:49:31.588	0.83073	0.83078			6
2025.03.05	01:49:31.891		0.83077			4
2025.03.05	01:49:32.625	0.83075	0.83078			6
2025.03.05	01:49:33.004	0.83076				2
2025.03.05	01:49:33.977	0.83077				2
2025.03.05	01:49:34.558		0.83079			4
2025.03.05	01:49:35.013	0.83075	0.83078			6
2025.03.05	01:49:35.335		0.83077			4
2025.03.05	01:49:36.350	0.83076	0.83078			6
2025.03.05	01:49:46.350	0.83077				2
2025.03.05	01:49:52.424	0.83076				2
2025.03.05	01:49:53.157		0.83077			4
2025.03.05	01:49:54.374		0.83078			4
2025.03.05	01:49:55.733		0.83077			4
2025.03.05	01:49:57.037		0.83078			4
2025.03.05	01:49:57.709	0.83073				2
2025.03.05	01:49:59.718		0.83077			4
2025.03.05	01:50:00.668	0.83073				2
2025.03.05	01:50:01.170		0.83076			4
2025.03.05	01:50:02.594		0.83077			4
2025.03.05	01:50:03.750		0.83078			4
2025.03.05	01:50:04.140		0.83076			4
2025.03.05	01:50:04.446		0.83077			4
2025.03.05	01:50:04.877		0.83076			4
2025.03.05	01:50:06.444		0.83077			4
2025.03.05	01:50:11.509	0.83075				2
2025.03.05	01:50:12.764	0.83074				2
2025.03.05	01:50:20.624		0.83078			4
2025.03.05	01:50:21.270		0.83077			4
2025.03.05	01:50:24.916		0.83078			4
2025.03.05	01:50:25.952		0.83077			4
2025.03.05	01:50:26.688		0.83078			4
2025.03.05	01:50:26.990	0.83075	0.83080			6
2025.03.05	01:50:27.291		0.83079			4
2025.03.05	01:50:27.744		0.83080			4
2025.03.05	01:50:33.547		0.83079			4
2025.03.05	01:50:37.755	0.83074	0.83078			6
2025.03.05	01:50:38.799		0.83077			4
2025.03.05	01:50:40.066		0.83078			4
2025.03.05	01:50:40.430		0.83077			4
2025.03.05	01:50:41.463	0.83073				2
2025.03.05	01:50:42.971	0.83072				2
2025.03.05	01:50:51.802		0.83076			4
2025.03.05	01:50:54.098		0.83077			4
2025.03.05	01:51:00.210	0.83072				2
2025.03.05	01:51:01.121		0.83076			4
2025.03.05	01:51:02.064		0.83077			4
2025.03.05	01:51:02.377	0.83073				2
2025.03.05	01:51:03.423	0.83074				2
2025.03.05	01:51:03.917	0.83073	0.83076			6
2025.03.05	01:51:05.794		0.83077			4
2025.03.05	01:51:06.583		0.83076			4
2025.03.05	01:51:11.513		0.83077			4
2025.03.05	01:51:14.296		0.83076			4
2025.03.05	01:51:18.865		0.83077			4
2025.03.05	01:51:21.805		0.83076			4
2025.03.05	01:51:26.942	0.83075	0.83077			6
2025.03.05	01:51:32.569	0.83076	0.83078			6
2025.03.05	01:51:34.524	0.83078	0.83079			6
2025.03.05	01:51:46.583	0.83076	0.83077			6
2025.03.05	01:51:46.919		0.83078			4
2025.03.05	01:51:47.459		0.83077			4
2025.03.05	01:51:49.114		0.83078			4
2025.03.05	01:51:50.262	0.83078	0.83080			6
2025.03.05	01:51:54.021		0.83079			4
2025.03.05	01:51:56.268		0.83080			4
2025.03.05	01:51:56.633		0.83079			4
2025.03.05	01:51:57.496		0.83080			4
2025.03.05	01:51:59.013		0.83082			4
2025.03.05	01:51:59.762		0.83079			4
2025.03.05	01:52:00.342	0.83079	0.83080			6
2025.03.05	01:52:00.939		0.83083			4
2025.03.05	01:52:02.172		0.83082			4
2025.03.05	01:52:02.841		0.83083			4
2025.03.05	01:52:03.480	0.83080				2
2025.03.05	01:52:04.476		0.83082			4
2025.03.05	01:52:04.909	0.83079				2
2025.03.05	01:52:07.355	0.83078	0.83083			6
2025.03.05	01:52:09.232		0.83084			4
2025.03.05	01:52:09.550		0.83083			4
2025.03.05	01:52:10.022		0.83082			4
2025.03.05	01:52:10.377		0.83083			4
2025.03.05	01:52:17.910	0.83074	0.83078			6
2025.03.05	01:52:20.661		0.83079			4
2025.03.05	01:52:22.488		0.83080			4
2025.03.05	01:52:23.873		0.83079			4
2025.03.05	01:52:24.349	0.83078	0.83082			6
2025.03.05	01:52:24.666		0.83081			4
2025.03.05	01:52:25.009		0.83082			4
2025.03.05	01:52:25.635		0.83083			4
2025.03.05	01:52:26.262	0.83079				2
2025.03.05	01:52:30.569		0.83084			4
2025.03.05	01:52:30.870		0.83083			4
2025.03.05	01:52:32.041		0.83084			4
2025.03.05	01:52:32.347	0.83077	0.83081			6
2025.03.05	01:52:34.965		0.83082			4
2025.03.05	01:52:37.098	0.83078				2
2025.03.05	01:52:37.946	0.83077	0.83081			6
2025.03.05	01:52:38.692	0.83076				2
2025.03.05	01:52:40.103		0.83082			4
2025.03.05	01:52:42.698		0.83081			4
2025.03.05	01:52:43.155	0.83077	0.83082			6
2025.03.05	01:52:52.498	0.83079	0.83084			6
2025.03.05	01:52:52.898		0.83085			4
2025.03.05	01:52:53.219		0.83084			4
2025.03.05	01:52:53.746		0.83085			4
2025.03.05	01:52:56.935	0.83080				2
2025.03.05	01:52:59.226		0.83086			4
2025.03.05	01:52:59.567		0.83084			4
2025.03.05	01:52:59.962	0.83078				2
2025.03.05	01:53:00.459	0.83079				2
2025.03.05	01:53:05.454		0.83083			4
2025.03.05	01:53:09.781	0.83078				2
2025.03.05	01:53:16.686	0.83077	0.83081			6
2025.03.05	01:53:27.768	0.83076	0.83079			6
2025.03.05	01:53:41.506		0.83078			4
2025.03.05	01:53:42.092		0.83080			4
2025.03.05	01:53:42.406	0.83075	0.83078			6
2025.03.05	01:53:45.844		0.83080			4
2025.03.05	01:53:50.718		0.83079			4
2025.03.05	01:53:53.203		0.83078			4
2025.03.05	01:53:56.747		0.83079			4
2025.03.05	01:54:00.469	0.83073	0.83078			6
2025.03.05	01:54:00.772	0.83072	0.83077			6
2025.03.05	01:54:02.227	0.83073				2
2025.03.05	01:54:02.547		0.83076			4
2025.03.05	01:54:03.963	0.83072	0.83075			6
2025.03.05	01:54:06.057	0.83070				2
2025.03.05	01:54:11.761	0.83071				2
2025.03.05	01:54:12.888		0.83076			4
2025.03.05	01:54:16.122		0.83075			4
2025.03.05	01:54:18.513	0.83070				2
2025.03.05	01:54:18.949		0.83074			4
2025.03.05	01:54:21.461		0.83075			4
2025.03.05	01:54:29.355		0.83074			4
2025.03.05	01:54:36.542	0.83072	0.83075			6
2025.03.05	01:54:38.273	0.83071				2
2025.03.05	01:54:39.036	0.83070				2
2025.03.05	01:54:39.763		0.83073			4
2025.03.05	01:54:40.572	0.83069				2
2025.03.05	01:54:41.091	0.83070	0.83074			6
2025.03.05	01:54:42.696	0.83069				2
2025.03.05	01:54:43.446		0.83073			4
2025.03.05	01:54:46.418	0.83070	0.83074			6
2025.03.05	01:54:46.839	0.83071				2
2025.03.05	01:54:50.199		0.83075			4
2025.03.05	01:54:50.898	0.83069	0.83074			6
2025.03.05	01:54:52.105	0.83072				2
2025.03.05	01:54:53.039	0.83075	0.83076			6
2025.03.05	01:54:56.052	0.83072	0.83074			6
2025.03.05	01:54:56.365	0.83071				2
2025.03.05	01:54:58.422	0.83072				2
2025.03.05	01:54:59.946	0.83075	0.83076			6
2025.03.05	01:55:00.490	0.83071	0.83075			6
2025.03.05	01:55:00.850		0.83074			4
2025.03.05	01:55:02.374	0.83073				2
2025.03.05	01:55:04.780	0.83070				2
2025.03.05	01:55:06.127		0.83073			4
2025.03.05	01:55:08.508	0.83071	0.83074			6
2025.03.05	01:55:10.084	0.83070				2
2025.03.05	01:55:11.731	0.83073	0.83075			6
2025.03.05	01:55:12.290		0.83076			4
2025.03.05	01:55:12.773		0.83075			4
2025.03.05	01:55:13.300		0.83076			4
2025.03.05	01:55:15.476		0.83075			4
2025.03.05	01:55:16.370		0.83076			4
2025.03.05	01:55:17.128		0.83075			4
2025.03.05	01:55:25.398	0.83072				2
2025.03.05	01:55:25.777		0.83074			4
2025.03.05	01:55:26.330	0.83070				2
2025.03.05	01:55:41.994		0.83075			4
2025.03.05	01:55:42.565		0.83074			4
2025.03.05	01:55:44.382	0.83069				2
2025.03.05	01:55:44.708	0.83066	0.83070			6
2025.03.05	01:55:45.037		0.83071			4
2025.03.05	01:55:46.684	0.83065	0.83070			6
2025.03.05	01:55:48.379		0.83069			4
2025.03.05	01:55:51.949		0.83068			4
2025.03.05	01:55:53.391	0.83064				2
2025.03.05	01:55:54.350	0.83062	0.83065			6
2025.03.05	01:55:55.421	0.83063	0.83066			6
2025.03.05	01:56:01.419	0.83065	0.83067			6
2025.03.05	01:56:01.729	0.83067	0.83068			6
2025.03.05	01:56:03.753	0.83068	0.83069			6
2025.03.05	01:56:04.069	0.83067	0.83070			6
2025.03.05	01:56:04.376	0.83065	0.83066			6
2025.03.05	01:56:04.935	0.83064	0.83065			6
2025.03.05	01:56:07.392	0.83063				2
2025.03.05	01:56:07.710	0.83060	0.83064			6
2025.03.05	01:56:08.018		0.83063			4
2025.03.05	01:56:08.690	0.83059	0.83064			6
2025.03.05	01:56:09.546	0.83062				2
2025.03.05	01:56:12.488	0.83063				2
2025.03.05	01:56:15.206	0.83060				2
2025.03.05	01:56:16.116	0.83063				2
2025.03.05	01:56:16.427	0.83058	0.83059			6
2025.03.05	01:56:16.758	0.83057	0.83058			6
2025.03.05	01:56:18.351	0.83061	0.83062			6
2025.03.05	01:56:21.042		0.83063			4
2025.03.05	01:56:22.379	0.83060	0.83062			6
2025.03.05	01:56:23.246	0.83059	0.83061			6
2025.03.05	01:56:28.354	0.83060	0.83062			6
2025.03.05	01:56:28.708		0.83061			4
2025.03.05	01:56:29.687	0.83057				2
2025.03.05	01:56:30.001		0.83060			4
2025.03.05	01:56:32.359	0.83053	0.83057			6
2025.03.05	01:56:32.996	0.83054				2
2025.03.05	01:56:35.725	0.83057	0.83061			6
2025.03.05	01:56:37.114		0.83060			4
2025.03.05	01:56:37.929		0.83061			4
2025.03.05	01:56:40.702		0.83060			4
2025.03.05	01:56:41.380		0.83061			4
2025.03.05	01:56:41.972		0.83060			4
2025.03.05	01:56:42.379	0.83056	0.83059			6
2025.03.05	01:56:43.400		0.83060			4
2025.03.05	01:56:44.609		0.83059			4
2025.03.05	01:56:49.472		0.83058			4
2025.03.05	01:56:50.360	0.83054	0.83057			6
2025.03.05	01:56:51.835	0.83050	0.83052			6
2025.03.05	01:56:52.186		0.83051			4
2025.03.05	01:56:52.488		0.83052			4
2025.03.05	01:56:52.802	0.83049	0.83051			6
2025.03.05	01:56:53.110	0.83050				2
2025.03.05	01:56:54.754	0.83049	0.83052			6
2025.03.05	01:56:55.379	0.83048				2
2025.03.05	01:56:56.608	0.83049				2
2025.03.05	01:56:57.001	0.83053	0.83055			6
2025.03.05	01:56:57.346		0.83056			4
2025.03.05	01:57:00.256	0.83053	0.83057			6
2025.03.05	01:57:00.567		0.83056			4
2025.03.05	01:57:01.004		0.83055			4
2025.03.05	01:57:01.331	0.83052				2
2025.03.05	01:57:03.129	0.83050	0.83054			6
2025.03.05	01:57:05.032	0.83051	0.83055			6
2025.03.05	01:57:06.199	0.83052				2
2025.03.05	01:57:07.213	0.83051	0.83054			6
2025.03.05	01:57:08.122	0.83052	0.83055			6
2025.03.05	01:57:09.752		0.83054			4
2025.03.05	01:57:10.244		0.83055			4
2025.03.05	01:57:10.719	0.83054				2
2025.03.05	01:57:11.324	0.83051	0.83053			6
2025.03.05	01:57:13.417		0.83054			4
2025.03.05	01:57:13.775	0.83052	0.83055			6
2025.03.05	01:57:14.708		0.83054			4
2025.03.05	01:57:16.100		0.83055			4
2025.03.05	01:57:18.307	0.83056	0.83057			6
2025.03.05	01:57:18.617		0.83058			4
2025.03.05	01:57:19.030		0.83057			4
2025.03.05	01:57:19.798	0.83057	0.83058			6
2025.03.05	01:57:21.374	0.83056	0.83057			6
2025.03.05	01:57:22.830	0.83054				2
2025.03.05	01:57:27.674	0.83051	0.83054			6
2025.03.05	01:57:28.307		0.83055			4
2025.03.05	01:57:28.711		0.83054			4
2025.03.05	01:57:30.601	0.83050	0.83053			6
2025.03.05	01:57:31.958	0.83051	0.83054			6
2025.03.05	01:57:33.380	0.83050				2
2025.03.05	01:57:34.212		0.83053			4
2025.03.05	01:57:35.243	0.83049				2
2025.03.05	01:57:36.522		0.83052			4
2025.03.05	01:57:40.335		0.83051			4
2025.03.05	01:57:41.237	0.83048	0.83053			6
2025.03.05	01:57:41.840	0.83049	0.83052			6
2025.03.05	01:57:49.376		0.83053			4
2025.03.05	01:57:52.998		0.83052			4
2025.03.05	01:57:57.232	0.83047	0.83049			6
2025.03.05	01:57:57.534	0.83046	0.83048			6
2025.03.05	01:57:58.985	0.83045	0.83049			6
2025.03.05	01:57:59.285	0.83043	0.83048			6
2025.03.05	01:58:00.111	0.83043				2
2025.03.05	01:58:00.414		0.83047			4
2025.03.05	01:58:01.998		0.83046			4
2025.03.05	01:58:06.229		0.83047			4
2025.03.05	01:58:09.612	0.83042	0.83046			6
2025.03.05	01:58:16.212	0.83043				2
2025.03.05	01:58:18.212	0.83042	0.83045			6
2025.03.05	01:58:27.081	0.83043	0.83044			6
2025.03.05	01:58:29.815		0.83046			4
2025.03.05	01:58:30.533	0.83044	0.83047			6
2025.03.05	01:58:33.848	0.83043				2
2025.03.05	01:58:34.475	0.83041	0.83044			6
2025.03.05	01:58:37.498	0.83042	0.83045			6
2025.03.05	01:58:45.482	0.83041	0.83042			6
2025.03.05	01:58:45.785	0.83040				2
2025.03.05	01:58:50.324		0.83043			4
2025.03.05	01:59:00.472	0.83040				2
2025.03.05	01:59:01.113		0.83042			4
2025.03.05	01:59:01.672	0.83039				2
2025.03.05	01:59:01.992	0.83040				2
2025.03.05	01:59:02.297	0.83042	0.83043			6
2025.03.05	01:59:02.722	0.83041				2
2025.03.05	01:59:03.704	0.83040				2
2025.03.05	01:59:09.233		0.83042			4
2025.03.05	01:59:11.145	0.83038				2
2025.03.05	01:59:11.466		0.83041			4
2025.03.05	01:59:11.780		0.83042			4
2025.03.05	01:59:13.474	0.83037	0.83039			6
2025.03.05	01:59:13.787	0.83035	0.83038			6
2025.03.05	01:59:14.626	0.83036				2
2025.03.05	01:59:16.006	0.83035				2
2025.03.05	01:59:17.147	0.83034	0.83036			6
2025.03.05	01:59:17.464	0.83032	0.83034			6
2025.03.05	01:59:17.782		0.83035			4
2025.03.05	01:59:22.765		0.83034			4
2025.03.05	01:59:25.338		0.83035			4
2025.03.05	01:59:28.468		0.83034			4
2025.03.05	01:59:33.040	0.83031				2
2025.03.05	01:59:41.389	0.83029	0.83032			6
2025.03.05	01:59:44.172	0.83028	0.83031			6
2025.03.05	01:59:45.313	0.83029	0.83032			6
2025.03.05	01:59:46.649	0.83028	0.83031			6
2025.03.05	01:59:47.606	0.83027	0.83030			6
2025.03.05	01:59:48.675	0.83024	0.83027			6
2025.03.05	01:59:48.985	0.83025	0.83026			6
2025.03.05	01:59:50.367	0.83026	0.83027			6
2025.03.05	01:59:51.373	0.83021	0.83025			6
2025.03.05	01:59:51.679	0.83023				2
2025.03.05	01:59:52.036	0.83021				2
2025.03.05	01:59:52.849	0.83023	0.83026			6
2025.03.05	01:59:53.204	0.83024	0.83025			6
2025.03.05	01:59:53.534	0.83022				2
2025.03.05	01:59:54.548		0.83026			4
2025.03.05	01:59:55.837	0.83023				2
2025.03.05	01:59:58.360	0.83022	0.83025			6
2025.03.05	02:00:00.328	0.83023	0.83024			6
2025.03.05	02:00:01.074		0.83025			4
2025.03.05	02:00:01.410	0.83024				2
2025.03.05	02:00:01.734	0.83028	0.83029			6
2025.03.05	02:00:02.536	0.83027	0.83028			6
2025.03.05	02:00:03.689	0.83028	0.83029			6
2025.03.05	02:00:04.357	0.83030	0.83031			6
2025.03.05	02:00:07.300	0.83031	0.83032			6
2025.03.05	02:00:08.175	0.83029	0.83030			6
2025.03.05	02:00:08.517	0.83028	0.83029			6
2025.03.05	02:00:09.278	0.83027	0.83028			6
2025.03.05	02:00:15.395	0.83029	0.83030			6
2025.03.05	02:00:17.667	0.83027	0.83028			6
2025.03.05	02:00:18.353	0.83026	0.83027			6
2025.03.05	02:00:18.673	0.83027	0.83028			6
2025.03.05	02:00:18.987	0.83026	0.83027			6
2025.03.05	02:00:20.084	0.83024	0.83025			6
2025.03.05	02:00:23.703	0.83019	0.83020			6
2025.03.05	02:00:24.007	0.83017				2
2025.03.05	02:00:24.367		0.83021			4
2025.03.05	02:00:24.687	0.83015	0.83016			6
2025.03.05	02:00:25.430	0.83016	0.83017			6
2025.03.05	02:00:26.079	0.83015	0.83018			6
2025.03.05	02:00:26.385	0.83016	0.83017			6
2025.03.05	02:00:29.224		0.83019			4
2025.03.05	02:00:29.551	0.83017	0.83018			6
2025.03.05	02:00:30.265	0.83019	0.83023			6
2025.03.05	02:00:30.576	0.83017	0.83018			6
2025.03.05	02:00:31.002	0.83018	0.83019			6
2025.03.05	02:00:31.392	0.83021	0.83023			6
2025.03.05	02:00:32.334	0.83022	0.83024			6
2025.03.05	02:00:32.928	0.83019	0.83023			6
2025.03.05	02:00:33.245	0.83018	0.83022			6
2025.03.05	02:00:33.733	0.83019				2
2025.03.05	02:00:34.428	0.83018	0.83019			6
2025.03.05	02:00:34.746	0.83017				2
2025.03.05	02:00:35.112		0.83020			4
2025.03.05	02:00:36.410	0.83018	0.83019			6
2025.03.05	02:00:37.094	0.83016	0.83017			6
2025.03.05	02:00:37.396	0.83018	0.83022			6
2025.03.05	02:00:37.711	0.83016	0.83021			6
2025.03.05	02:00:38.027		0.83022			4
2025.03.05	02:00:38.334	0.83017	0.83020			6
2025.03.05	02:00:39.959		0.83018			4
2025.03.05	02:00:42.130	0.83018	0.83019			6
2025.03.05	02:00:42.496	0.83016	0.83017			6
2025.03.05	02:00:42.864	0.83015	0.83019			6
2025.03.05	02:00:44.032		0.83017			4
2025.03.05	02:00:44.343	0.83016				2
2025.03.05	02:00:45.374	0.83015				2
2025.03.05	02:00:46.478		0.83016			4
2025.03.05	02:00:49.197	0.83018	0.83019			6
2025.03.05	02:00:49.503	0.83014	0.83016			6
2025.03.05	02:00:49.805	0.83012	0.83017			6
2025.03.05	02:00:50.488	0.83014	0.83015			6
2025.03.05	02:00:50.790	0.83013	0.83016			6
2025.03.05	02:00:53.381		0.83015			4
2025.03.05	02:00:58.903		0.83014			4
2025.03.05	02:00:59.737		0.83015			4
2025.03.05	02:01:00.046	0.83013				2
2025.03.05	02:01:01.076	0.83014				2
2025.03.05	02:01:01.931	0.83013				2
2025.03.05	02:01:03.295	0.83017	0.83018			6
2025.03.05	02:01:03.648	0.83015	0.83016			6
2025.03.05	02:01:04.670	0.83014	0.83015			6
2025.03.05	02:01:05.065	0.83015	0.83016			6
2025.03.05	02:01:05.367	0.83016	0.83017			6
2025.03.05	02:01:05.670	0.83014	0.83015			6
2025.03.05	02:01:10.328	0.83015	0.83016			6
2025.03.05	02:01:11.157	0.83014	0.83015			6
2025.03.05	02:01:11.783	0.83013	0.83014			6
2025.03.05	02:01:17.052		0.83015			4
2025.03.05	02:01:17.368	0.83014				2
2025.03.05	02:01:18.800	0.83015	0.83016			6
2025.03.05	02:01:19.104	0.83016	0.83017			6
2025.03.05	02:01:20.097	0.83015	0.83016			6
2025.03.05	02:01:22.967	0.83014	0.83015			6
2025.03.05	02:01:23.941		0.83016			4
2025.03.05	02:01:24.688		0.83015			4
2025.03.05	02:01:26.070	0.83013	0.83014			6
2025.03.05	02:01:26.385	0.83012	0.83013			6
2025.03.05	02:01:30.048	0.83011	0.83012			6
2025.03.05	02:01:31.493	0.83010	0.83011			6
2025.03.05	02:01:34.283	0.83009	0.83010			6
2025.03.05	02:01:36.631	0.83010	0.83011			6
2025.03.05	02:01:40.683	0.83009	0.83010			6
2025.03.05	02:01:40.987	0.83010	0.83011			6
2025.03.05	02:01:42.807	0.83008	0.83009			6
2025.03.05	02:01:43.109	0.83007	0.83008			6
2025.03.05	02:01:44.813	0.83009	0.83010			6
2025.03.05	02:01:45.135	0.83008	0.83009			6
2025.03.05	02:01:49.616	0.83007	0.83008			6
2025.03.05	02:01:51.045	0.83008	0.83009			6
2025.03.05	02:01:51.929	0.83007	0.83008			6
2025.03.05	02:01:57.713	0.83010	0.83011			6
2025.03.05	02:01:59.451	0.83007	0.83008			6
2025.03.05	02:02:00.104	0.83007				2
2025.03.05	02:02:02.227	0.83008	0.83009			6
2025.03.05	02:02:02.651	0.83009	0.83010			6
2025.03.05	02:02:07.858	0.83010	0.83011			6
2025.03.05	02:02:18.390	0.83011	0.83012			6
2025.03.05	02:02:19.086	0.83012	0.83013			6
2025.03.05	02:02:26.734	0.83011				2
2025.03.05	02:02:31.424		0.83012			4
2025.03.05	02:02:40.212	0.83010	0.83011			6
2025.03.05	02:02:40.599	0.83009	0.83010			6
2025.03.05	02:02:40.909	0.83008	0.83009			6
2025.03.05	02:02:41.595	0.83009	0.83010			6
2025.03.05	02:02:42.354	0.83007	0.83008			6
2025.03.05	02:02:42.741	0.83006				2
2025.03.05	02:02:43.152	0.83004	0.83005			6
2025.03.05	02:02:47.152	0.83005	0.83006			6
2025.03.05	02:02:51.611	0.83006	0.83007			6
2025.03.05	02:03:00.382	0.83006				2
2025.03.05	02:03:01.546	0.83005	0.83006			6
2025.03.05	02:03:02.444	0.83006	0.83007			6
2025.03.05	02:03:03.990	0.83005	0.83006			6
2025.03.05	02:03:11.217	0.83006	0.83007			6
2025.03.05	02:03:12.132	0.83005	0.83006			6
2025.03.05	02:03:12.446	0.83004	0.83005			6
2025.03.05	02:03:16.740	0.83003	0.83004			6
2025.03.05	02:03:17.126		0.83005			4
2025.03.05	02:03:17.427		0.83004			4
2025.03.05	02:03:18.134	0.83004	0.83005			6
2025.03.05	02:03:19.781	0.83005	0.83006			6
2025.03.05	02:03:20.419	0.83004	0.83005			6
2025.03.05	02:03:20.726	0.83003	0.83004			6
2025.03.05	02:03:23.570	0.83002	0.83003			6
2025.03.05	02:03:27.018	0.83004	0.83005			6
2025.03.05	02:03:32.442	0.83000	0.83001			6
2025.03.05	02:03:33.177	0.82999	0.83000			6
2025.03.05	02:03:34.424	0.83000	0.83001			6
2025.03.05	02:03:37.003	0.82999	0.83000			6
2025.03.05	02:03:46.100	0.83000	0.83001			6
2025.03.05	02:03:49.201	0.83001	0.83002			6
2025.03.05	02:03:55.857	0.83000	0.83001			6
2025.03.05	02:03:58.730	0.83001	0.83002			6
2025.03.05	02:04:00.303	0.83001				2
2025.03.05	02:04:03.497	0.83002	0.83003			6
2025.03.05	02:04:03.810	0.83001				2
2025.03.05	02:04:06.880	0.83003	0.83004			6
2025.03.05	02:04:07.887	0.83002	0.83003			6
2025.03.05	02:04:10.363	0.83003	0.83004			6
2025.03.05	02:04:13.526	0.83002	0.83003			6
2025.03.05	02:04:13.975	0.83000	0.83001			6
2025.03.05	02:04:14.286	0.82999	0.83000			6
2025.03.05	02:04:15.018	0.83000	0.83001			6
2025.03.05	02:04:15.326	0.83001	0.83002			6
2025.03.05	02:04:23.850	0.83002	0.83003			6
2025.03.05	02:04:24.485	0.83003	0.83004			6
2025.03.05	02:04:25.148	0.83002	0.83003			6
2025.03.05	02:04:25.488	0.83001				2
2025.03.05	02:04:26.394	0.83002				2
2025.03.05	02:04:26.696	0.83001	0.83002			6
2025.03.05	02:04:26.998	0.83002	0.83003			6
2025.03.05	02:04:30.636	0.83003	0.83005			6
2025.03.05	02:04:31.179	0.83004				2
2025.03.05	02:04:33.329	0.83003	0.83004			6
2025.03.05	02:04:33.656	0.83004	0.83005			6
2025.03.05	02:04:38.885	0.83003	0.83004			6
2025.03.05	02:04:40.161	0.83002	0.83003			6
2025.03.05	02:04:46.304	0.83004	0.83005			6
2025.03.05	02:04:46.680	0.83005	0.83006			6
2025.03.05	02:04:47.288	0.83006	0.83007			6
2025.03.05	02:04:48.355	0.83005	0.83006			6
2025.03.05	02:04:51.544	0.83006	0.83007			6
2025.03.05	02:04:53.347	0.83005	0.83006			6
2025.03.05	02:04:54.295	0.83004	0.83005			6
2025.03.05	02:04:59.409	0.83006	0.83007			6
2025.03.05	02:05:00.210	0.83006				2
2025.03.05	02:05:00.997	0.83005	0.83006			6
2025.03.05	02:05:01.470	0.83006	0.83007			6
2025.03.05	02:05:03.081	0.83005	0.83006			6
2025.03.05	02:05:04.452	0.83006	0.83007			6
2025.03.05	02:05:09.236	0.83007	0.83008			6
2025.03.05	02:05:10.247	0.83006	0.83007			6
2025.03.05	02:05:11.664	0.83005	0.83006			6
2025.03.05	02:05:12.101	0.83006	0.83007			6
2025.03.05	02:05:13.244	0.83005	0.83006			6
2025.03.05	02:05:14.260	0.83004	0.83005			6
2025.03.05	02:05:16.608	0.83003	0.83004			6
2025.03.05	02:05:24.906	0.83004	0.83005			6
2025.03.05	02:05:25.305	0.83002	0.83003			6
2025.03.05	02:05:26.780	0.83000	0.83001			6
2025.03.05	02:05:27.787	0.83002	0.83003			6
2025.03.05	02:05:32.928	0.83003	0.83004			6
2025.03.05	02:05:33.866	0.83005	0.83006			6
