<DATE>	<TIME>	<BID>	<ASK>	<LAST>	<VOLUME>	<FLAGS>
2025.05.27	00:03:31.206	0.83832	0.83990			6
2025.05.27	00:04:10.567	0.83832				2
2025.05.27	00:04:32.124		0.83990			4
2025.05.27	00:05:02.123	0.83832				2
2025.05.27	00:05:34.354		0.83990			4
2025.05.27	00:06:00.384	0.83832	0.83991			6
2025.05.27	00:06:21.042	0.83842	0.83972			6
2025.05.27	00:06:46.361	0.83843				2
2025.05.27	00:07:00.571	0.83843				2
2025.05.27	00:07:03.662	0.83853				2
2025.05.27	00:07:21.083	0.83856	0.83972			6
2025.05.27	00:08:11.046	0.83856				2
2025.05.27	00:08:31.688		0.83972			4
2025.05.27	00:08:55.017	0.83852				2
2025.05.27	00:09:06.352	0.83852				2
2025.05.27	00:09:33.953		0.83972			4
2025.05.27	00:10:00.361	0.83903				2
2025.05.27	00:10:07.762	0.83898				2
2025.05.27	00:10:08.806	0.83897				2
2025.05.27	00:10:09.747	0.83896				2
2025.05.27	00:10:12.879	0.83893	0.84007			6
2025.05.27	00:10:20.774	0.83896				2
2025.05.27	00:10:27.133	0.83894				2
2025.05.27	00:10:31.673	0.83898				2
2025.05.27	00:10:36.817	0.83896				2
2025.05.27	00:10:53.766	0.83890	0.83973			6
2025.05.27	00:10:55.347	0.83903	0.83972			6
2025.05.27	00:10:58.596	0.83896	0.84007			6
2025.05.27	00:10:58.910	0.83895				2
2025.05.27	00:10:59.211	0.83903	0.83972			6
2025.05.27	00:11:02.254	0.83903				2
2025.05.27	00:11:05.549	0.83895	0.84007			6
2025.05.27	00:11:06.473	0.83903	0.83972			6
2025.05.27	00:11:12.642	0.83896	0.84007			6
2025.05.27	00:11:13.281	0.83903	0.83972			6
2025.05.27	00:11:15.272	0.83898				2
2025.05.27	00:11:19.739	0.83897	0.84007			6
2025.05.27	00:11:20.340	0.83898	0.83972			6
2025.05.27	00:11:24.691		0.83989			4
2025.05.27	00:11:26.686	0.83893	0.84006			6
2025.05.27	00:11:27.303	0.83898	0.83989			6
2025.05.27	00:12:01.347	0.83898				2
2025.05.27	00:12:29.609		0.83989			4
2025.05.27	00:13:00.565	0.83898				2
2025.05.27	00:13:30.022		0.83989			4
2025.05.27	00:13:42.147	0.83895				2
2025.05.27	00:13:47.162	0.83898				2
2025.05.27	00:14:04.351	0.83898				2
2025.05.27	00:14:28.647	0.83897				2
2025.05.27	00:14:30.149		0.83989			4
2025.05.27	00:15:00.411	0.83897				2
2025.05.27	00:15:16.655	0.83898				2
2025.05.27	00:15:30.575		0.83989			4
2025.05.27	00:16:01.453	0.83898				2
2025.05.27	00:16:07.306	0.83895				2
2025.05.27	00:16:31.493		0.83989			4
2025.05.27	00:16:33.448	0.83896				2
2025.05.27	00:16:36.497	0.83897				2
2025.05.27	00:17:00.516	0.83897				2
2025.05.27	00:17:04.409	0.83901	0.83980			6
2025.05.27	00:17:26.897		0.84006			4
2025.05.27	00:17:27.647		0.83981			4
2025.05.27	00:17:39.743	0.83906				2
2025.05.27	00:17:40.342	0.83907				2
2025.05.27	00:18:00.568	0.83907				2
2025.05.27	00:18:09.266	0.83908				2
2025.05.27	00:18:29.247	0.83909	0.83981			6
2025.05.27	00:19:00.186	0.83909				2
2025.05.27	00:19:30.153		0.83981			4
2025.05.27	00:19:38.903	0.83913				2
2025.05.27	00:19:39.749	0.83914				2
2025.05.27	00:19:43.350	0.83913				2
2025.05.27	00:19:44.356	0.83914				2
2025.05.27	00:19:47.459	0.83915				2
2025.05.27	00:20:00.455	0.83915				2
2025.05.27	00:20:18.148	0.83916				2
2025.05.27	00:20:30.158		0.83981			4
2025.05.27	00:20:38.003	0.83921	0.83969			6
2025.05.27	00:20:55.745	0.83922				2
2025.05.27	00:21:01.055	0.83922				2
2025.05.27	00:21:11.566	0.83923				2
2025.05.27	00:21:18.127	0.83924				2
2025.05.27	00:21:24.419	0.83928	0.84021			6
2025.05.27	00:21:25.325	0.83929				2
2025.05.27	00:21:26.535	0.83924	0.83969			6
2025.05.27	00:21:38.527	0.83919	0.83966			6
2025.05.27	00:21:45.318	0.83924	0.83968			6
2025.05.27	00:22:00.569	0.83924				2
2025.05.27	00:22:01.186		0.83975			4
2025.05.27	00:22:04.189	0.83919	0.83972			6
2025.05.27	00:22:18.810		0.83968			4
2025.05.27	00:22:22.440	0.83920				2
2025.05.27	00:22:25.421		0.83972			4
2025.05.27	00:22:53.361		0.83968			4
2025.05.27	00:22:58.432		0.83972			4
2025.05.27	00:23:00.568	0.83920				2
2025.05.27	00:23:13.134	0.83918				2
2025.05.27	00:23:22.120	0.83929	0.84008			6
2025.05.27	00:23:27.236		0.84007			4
2025.05.27	00:23:27.713	0.83918	0.83968			6
2025.05.27	00:23:31.682		0.83972			4
2025.05.27	00:23:53.115		0.83968			4
2025.05.27	00:23:58.029		0.83972			4
2025.05.27	00:24:00.566	0.83918				2
2025.05.27	00:24:23.677		0.83968			4
2025.05.27	00:24:28.704		0.83972			4
2025.05.27	00:24:56.615		0.83968			4
2025.05.27	00:25:00.309	0.83918				2
2025.05.27	00:25:01.674		0.83972			4
2025.05.27	00:25:24.268		0.83968			4
2025.05.27	00:25:30.299		0.83972			4
2025.05.27	00:25:57.074		0.83969			4
2025.05.27	00:26:02.853	0.83918				2
2025.05.27	00:26:03.866		0.83973			4
2025.05.27	00:26:05.148	0.83930	0.83969			6
2025.05.27	00:26:26.139	0.83931				2
2025.05.27	00:26:29.581		0.83965			4
2025.05.27	00:26:36.162		0.83969			4
2025.05.27	00:26:44.651	0.83932				2
2025.05.27	00:26:44.958	0.83931				2
2025.05.27	00:26:48.144	0.83932				2
2025.05.27	00:26:49.396	0.83933				2
2025.05.27	00:27:02.123	0.83933				2
2025.05.27	00:27:02.497		0.83965			4
2025.05.27	00:27:04.655		0.83966			4
2025.05.27	00:27:05.217		0.83976			4
2025.05.27	00:27:07.927		0.84017			4
2025.05.27	00:27:29.544		0.83976			4
2025.05.27	00:27:36.309		0.84016			4
2025.05.27	00:27:59.501		0.83976			4
2025.05.27	00:28:01.495	0.83933				2
2025.05.27	00:28:05.271		0.84016			4
2025.05.27	00:28:06.328	0.83936	0.84015			6
2025.05.27	00:28:20.676	0.83938				2
2025.05.27	00:28:28.347		0.83981			4
2025.05.27	00:28:34.990		0.84015			4
2025.05.27	00:28:41.072	0.83940	0.84017			6
2025.05.27	00:28:43.599	0.83938				2
2025.05.27	00:28:49.250	0.83940				2
2025.05.27	00:28:54.355	0.83941				2
2025.05.27	00:28:59.691		0.83984			4
2025.05.27	00:29:00.569	0.83941				2
2025.05.27	00:29:05.258	0.83942				2
2025.05.27	00:29:05.603	0.83943				2
2025.05.27	00:29:06.422		0.84017			4
2025.05.27	00:29:18.894	0.83921	0.84014			6
2025.05.27	00:29:19.352	0.83930				2
2025.05.27	00:29:20.258		0.84013			4
2025.05.27	00:29:25.513	0.83931				2
2025.05.27	00:29:29.696		0.83983			4
2025.05.27	00:29:33.842	0.83902				2
2025.05.27	00:29:35.073	0.83901				2
2025.05.27	00:29:36.479		0.84008			4
2025.05.27	00:29:46.650		0.84009			4
2025.05.27	00:30:00.310	0.83903	0.84006			6
2025.05.27	00:30:01.666		0.84007			4
2025.05.27	00:30:03.475		0.83983			4
2025.05.27	00:30:04.949	0.83904				2
2025.05.27	00:30:08.635	0.83905	0.84005			6
2025.05.27	00:30:09.206	0.83931	0.84035			6
2025.05.27	00:30:09.693	0.83905	0.84005			6
2025.05.27	00:30:14.451	0.83906	0.84004			6
2025.05.27	00:30:15.382	0.83907	0.84003			6
2025.05.27	00:30:21.066		0.84002			4
2025.05.27	00:30:21.392		0.84003			4
2025.05.27	00:30:33.829	0.83905	0.84005			6
2025.05.27	00:30:34.387	0.83904	0.84006			6
2025.05.27	00:30:35.556	0.83906	0.84003			6
2025.05.27	00:30:35.987		0.83983			4
2025.05.27	00:30:36.389	0.83905				2
2025.05.27	00:30:36.771	0.83908				2
2025.05.27	00:30:38.660	0.83907				2
2025.05.27	00:30:40.954	0.83905				2
2025.05.27	00:30:41.403	0.83908				2
2025.05.27	00:30:42.084		0.84002			4
2025.05.27	00:30:45.603	0.83910	0.83999			6
2025.05.27	00:30:46.334	0.83907	0.84003			6
2025.05.27	00:30:47.391	0.83909	0.84002			6
2025.05.27	00:30:47.697		0.84000			4
2025.05.27	00:30:50.605	0.83905	0.84005			6
2025.05.27	00:30:51.390	0.83908	0.84002			6
2025.05.27	00:30:52.393	0.83907	0.84003			6
2025.05.27	00:30:52.752	0.83906	0.84004			6
2025.05.27	00:30:53.391	0.83908	0.84002			6
2025.05.27	00:30:54.390	0.83907	0.84003			6
2025.05.27	00:30:59.026	0.83906				2
2025.05.27	00:31:04.239	0.83906				2
2025.05.27	00:31:21.881	0.83907	0.84002			6
2025.05.27	00:31:28.507	0.83908				2
2025.05.27	00:31:54.395	0.83912	0.83998			6
2025.05.27	00:32:02.852	0.83912				2
2025.05.27	00:32:12.457	0.83911				2
2025.05.27	00:32:15.204	0.83912	0.83997			6
2025.05.27	00:32:31.946		0.83998			4
2025.05.27	00:32:37.923		0.83997			4
2025.05.27	00:32:39.410	0.83911	0.83998			6
2025.05.27	00:32:41.451	0.83907	0.84003			6
2025.05.27	00:32:41.920	0.83906				2
2025.05.27	00:32:42.929	0.83908	0.84001			6
2025.05.27	00:32:43.398	0.83907	0.84003			6
2025.05.27	00:32:44.961	0.83909	0.84001			6
2025.05.27	00:32:45.397	0.83906	0.84003			6
2025.05.27	00:32:46.977		0.84004			4
2025.05.27	00:32:47.394	0.83908	0.84002			6
2025.05.27	00:32:48.401	0.83905	0.84005			6
2025.05.27	00:32:48.715	0.83908	0.84003			6
2025.05.27	00:32:49.018	0.83909	0.84000			6
2025.05.27	00:32:49.399	0.83906	0.84003			6
2025.05.27	00:32:51.021	0.83908	0.84002			6
2025.05.27	00:32:51.396	0.83906	0.84003			6
2025.05.27	00:32:53.920	0.83909	0.84001			6
2025.05.27	00:32:54.229	0.83911	0.83998			6
2025.05.27	00:32:55.400	0.83910	0.84000			6
2025.05.27	00:32:56.078	0.83907	0.84003			6
2025.05.27	00:32:56.397	0.83912	0.83998			6
2025.05.27	00:32:57.395	0.83910	0.84000			6
2025.05.27	00:32:58.095	0.83908	0.84002			6
2025.05.27	00:32:58.399	0.83909	0.84000			6
2025.05.27	00:32:59.401		0.84001			4
2025.05.27	00:33:00.575	0.83909				2
2025.05.27	00:33:14.114		0.84002			4
2025.05.27	00:33:14.418		0.84001			4
2025.05.27	00:33:14.779	0.83911	0.83999			6
2025.05.27	00:33:15.396	0.83909	0.84001			6
2025.05.27	00:33:16.293	0.83910	0.84000			6
2025.05.27	00:33:17.398	0.83909	0.84001			6
2025.05.27	00:33:18.323	0.83910	0.84000			6
2025.05.27	00:33:19.402	0.83909	0.84001			6
2025.05.27	00:33:20.348	0.83911	0.83999			6
2025.05.27	00:33:21.396	0.83909	0.84000			6
2025.05.27	00:33:22.363	0.83911	0.83998			6
2025.05.27	00:33:23.398	0.83909	0.84000			6
2025.05.27	00:33:24.388	0.83910				2
2025.05.27	00:33:25.397	0.83909	0.84001			6
2025.05.27	00:33:30.450		0.84000			4
2025.05.27	00:33:36.513	0.83907	0.84002			6
2025.05.27	00:33:37.397	0.83910	0.83999			6
2025.05.27	00:33:38.401	0.83907	0.84003			6
2025.05.27	00:33:39.401	0.83911	0.83999			6
2025.05.27	00:33:40.398	0.83908	0.84002			6
2025.05.27	00:33:41.399	0.83911	0.83998			6
2025.05.27	00:33:42.402	0.83907	0.84003			6
2025.05.27	00:33:43.400	0.83910	0.83999			6
2025.05.27	00:33:44.336	0.83907	0.84003			6
2025.05.27	00:33:45.401	0.83910	0.84000			6
2025.05.27	00:33:46.398	0.83908	0.84002			6
2025.05.27	00:33:47.401	0.83910	0.84000			6
2025.05.27	00:33:48.403	0.83907	0.84003			6
2025.05.27	00:33:49.404	0.83912	0.83998			6
2025.05.27	00:33:50.399	0.83910	0.84000			6
2025.05.27	00:33:50.719	0.83907	0.84002			6
2025.05.27	00:33:52.117	0.83908				2
2025.05.27	00:33:52.419	0.83912	0.83999			6
2025.05.27	00:33:52.721		0.83997			4
2025.05.27	00:33:53.409	0.83909	0.84001			6
2025.05.27	00:33:54.363		0.84000			4
2025.05.27	00:33:54.716	0.83908	0.84001			6
2025.05.27	00:33:55.406	0.83912	0.83998			6
2025.05.27	00:33:56.366	0.83911	0.83999			6
2025.05.27	00:33:58.403	0.83912	0.83997			6
2025.05.27	00:34:00.365	0.83913				2
2025.05.27	00:34:08.243	0.83912				2
2025.05.27	00:34:08.882	0.83909	0.84000			6
2025.05.27	00:34:09.390	0.83911	0.83999			6
2025.05.27	00:34:10.399	0.83910	0.84000			6
2025.05.27	00:34:10.892	0.83908	0.84002			6
2025.05.27	00:34:11.402	0.83910	0.83999			6
2025.05.27	00:34:13.414	0.83909	0.84000			6
2025.05.27	00:34:50.891		0.84001			4
2025.05.27	00:34:54.363	0.83913	0.83997			6
2025.05.27	00:34:55.432	0.83914	0.83996			6
2025.05.27	00:34:59.484	0.83911	0.83998			6
2025.05.27	00:35:00.054	0.83911	0.83999			6
2025.05.27	00:35:00.696	0.83885				2
2025.05.27	00:35:00.997	0.83888				2
2025.05.27	00:35:01.299	0.83885				2
2025.05.27	00:35:01.604	0.83887				2
2025.05.27	00:35:03.407	0.83893	0.84000			6
2025.05.27	00:35:05.405	0.83885	0.83998			6
2025.05.27	00:35:06.354	0.83893	0.84002			6
2025.05.27	00:35:06.767	0.83891	0.84001			6
2025.05.27	00:35:07.093	0.83893				2
2025.05.27	00:35:07.404	0.83888	0.83999			6
2025.05.27	00:35:08.029		0.83998			4
2025.05.27	00:35:08.407	0.83894	0.84000			6
2025.05.27	00:35:08.991		0.84002			4
2025.05.27	00:35:09.405	0.83887	0.83998			6
2025.05.27	00:35:10.360	0.83894	0.84001			6
2025.05.27	00:35:11.407	0.83887	0.83997			6
2025.05.27	00:35:14.468	0.83893	0.84002			6
2025.05.27	00:35:15.411	0.83889	0.83997			6
2025.05.27	00:35:16.404	0.83895	0.84003			6
2025.05.27	00:35:17.402	0.83889	0.84001			6
2025.05.27	00:35:18.407	0.83895	0.84002			6
2025.05.27	00:35:19.404	0.83889	0.84001			6
2025.05.27	00:35:20.272	0.83895	0.84002			6
2025.05.27	00:35:21.300		0.84001			4
2025.05.27	00:35:22.406	0.83892				2
2025.05.27	00:35:25.693	0.83895	0.84003			6
2025.05.27	00:35:26.071		0.84002			4
2025.05.27	00:35:26.706	0.83890	0.83999			6
2025.05.27	00:35:27.407	0.83893	0.84002			6
2025.05.27	00:35:28.407	0.83895				2
2025.05.27	00:35:32.241		0.84001			4
2025.05.27	00:35:33.433		0.84003			4
2025.05.27	00:35:34.418		0.84002			4
2025.05.27	00:35:45.644	0.83893	0.84000			6
2025.05.27	00:35:45.957	0.83890	0.83999			6
2025.05.27	00:35:46.408	0.83895	0.84002			6
2025.05.27	00:35:47.405		0.84001			4
2025.05.27	00:35:47.827	0.83890	0.83999			6
2025.05.27	00:35:48.409	0.83893	0.84002			6
2025.05.27	00:35:49.310	0.83895	0.84001			6
2025.05.27	00:35:49.959	0.83890	0.83998			6
2025.05.27	00:35:50.409	0.83893	0.84001			6
2025.05.27	00:35:51.442	0.83895				2
2025.05.27	00:35:51.769	0.83893	0.83997			6
2025.05.27	00:35:52.076	0.83890				2
2025.05.27	00:35:52.411	0.83900				2
2025.05.27	00:35:53.089		0.83998			4
2025.05.27	00:36:04.732	0.83900				2
2025.05.27	00:36:06.066	0.83896				2
2025.05.27	00:36:06.691		0.83997			4
2025.05.27	00:36:08.687	0.83900				2
2025.05.27	00:36:21.836	0.83894	0.83996			6
2025.05.27	00:36:26.947	0.83897	0.83997			6
2025.05.27	00:36:58.245	0.83895				2
2025.05.27	00:37:02.252	0.83895				2
2025.05.27	00:37:03.255	0.83897				2
2025.05.27	00:37:21.406	0.83902	0.83999			6
2025.05.27	00:37:23.983		0.84002			4
2025.05.27	00:37:24.415		0.83999			4
2025.05.27	00:37:25.413		0.84000			4
2025.05.27	00:37:26.591	0.83898	0.83998			6
2025.05.27	00:37:33.126	0.83904	0.83999			6
2025.05.27	00:37:33.433	0.83898	0.83998			6
2025.05.27	00:37:34.637	0.83902	0.84001			6
2025.05.27	00:37:35.098	0.83905				2
2025.05.27	00:37:35.414		0.83999			4
2025.05.27	00:37:36.413	0.83904	0.84001			6
2025.05.27	00:37:37.125		0.84000			4
2025.05.27	00:37:39.149	0.83899	0.83998			6
2025.05.27	00:37:44.210	0.83904	0.84001			6
2025.05.27	00:37:46.417		0.83999			4
2025.05.27	00:37:47.418		0.84001			4
2025.05.27	00:37:51.362	0.83900	0.83998			6
2025.05.27	00:37:55.206	0.83904	0.84001			6
2025.05.27	00:38:00.369	0.83904	0.84000			6
2025.05.27	00:38:01.389		0.84001			4
2025.05.27	00:38:04.419		0.83999			4
2025.05.27	00:38:06.417	0.83902				2
2025.05.27	00:38:17.417	0.83905				2
2025.05.27	00:38:40.846		0.84000			4
2025.05.27	00:38:43.265		0.84001			4
2025.05.27	00:38:44.420		0.84000			4
2025.05.27	00:38:44.820	0.83902	0.83999			6
2025.05.27	00:38:45.291		0.84000			4
2025.05.27	00:38:46.846		0.83997			4
2025.05.27	00:38:47.413	0.83908	0.84001			6
2025.05.27	00:38:47.855	0.83906				2
2025.05.27	00:38:48.414	0.83902	0.83998			6
2025.05.27	00:38:49.419		0.84000			4
2025.05.27	00:38:49.814	0.83910	0.84001			6
2025.05.27	00:38:50.415	0.83905				2
2025.05.27	00:38:51.896	0.83901	0.83996			6
2025.05.27	00:38:52.414	0.83905	0.84001			6
2025.05.27	00:38:53.434		0.84000			4
2025.05.27	00:38:53.921	0.83902	0.83997			6
2025.05.27	00:38:54.415	0.83905	0.84001			6
2025.05.27	00:38:55.416		0.84000			4
2025.05.27	00:38:55.941		0.83998			4
2025.05.27	00:38:56.418		0.84001			4
2025.05.27	00:38:57.417		0.84000			4
2025.05.27	00:38:57.963	0.83902	0.83998			6
2025.05.27	00:38:58.416	0.83908	0.83999			6
2025.05.27	00:38:58.787	0.83905	0.84000			6
2025.05.27	00:38:59.419		0.83999			4
2025.05.27	00:38:59.936	0.83909				2
2025.05.27	00:39:00.435	0.83904				2
2025.05.27	00:39:00.936	0.83910	0.84000			6
2025.05.27	00:39:01.415	0.83901	0.83996			6
2025.05.27	00:39:02.418	0.83908	0.83997			6
2025.05.27	00:39:03.936	0.83904	0.84000			6
2025.05.27	00:39:04.421		0.83999			4
2025.05.27	00:39:04.934	0.83909	0.84000			6
2025.05.27	00:39:05.417	0.83905	0.83998			6
2025.05.27	00:39:06.420		0.84000			4
2025.05.27	00:39:07.063	0.83902	0.83995			6
2025.05.27	00:39:07.418		0.83998			4
2025.05.27	00:39:08.065		0.83999			4
2025.05.27	00:39:11.104		0.83996			4
2025.05.27	00:39:11.417	0.83907	0.84000			6
2025.05.27	00:39:12.835	0.83902				2
2025.05.27	00:39:13.627	0.83907				2
2025.05.27	00:39:14.262		0.83999			4
2025.05.27	00:39:15.146	0.83902				2
2025.05.27	00:39:15.472	0.83907				2
2025.05.27	00:39:16.421		0.84000			4
2025.05.27	00:39:17.168	0.83902	0.83998			6
2025.05.27	00:39:17.668	0.83907				2
2025.05.27	00:39:18.207		0.83997			4
2025.05.27	00:39:20.200	0.83902	0.83998			6
2025.05.27	00:39:20.703	0.83906				2
2025.05.27	00:39:21.972		0.83995			4
2025.05.27	00:39:22.322	0.83908	0.83998			6
2025.05.27	00:39:23.425	0.83904				2
2025.05.27	00:39:23.929	0.83908				2
2025.05.27	00:39:24.252	0.83909	0.83999			6
2025.05.27	00:39:24.925	0.83904				2
2025.05.27	00:39:25.420	0.83908	0.83998			6
2025.05.27	00:39:25.925	0.83904	0.83997			6
2025.05.27	00:39:26.283		0.83999			4
2025.05.27	00:39:26.934	0.83908				2
2025.05.27	00:39:27.419	0.83904	0.83997			6
2025.05.27	00:39:29.254	0.83908	0.83998			6
2025.05.27	00:39:30.957	0.83904	0.83997			6
2025.05.27	00:39:31.324	0.83908	0.83998			6
2025.05.27	00:39:32.416	0.83907	0.83997			6
2025.05.27	00:39:32.793	0.83904				2
2025.05.27	00:39:33.351		0.83998			4
2025.05.27	00:39:33.995	0.83910				2
2025.05.27	00:39:34.417	0.83906	0.83997			6
2025.05.27	00:39:36.511	0.83903				2
2025.05.27	00:39:36.997	0.83908				2
2025.05.27	00:39:37.392	0.83909	0.83998			6
2025.05.27	00:39:38.425	0.83906	0.83996			6
2025.05.27	00:39:38.995	0.83904				2
2025.05.27	00:39:39.416	0.83908	0.83997			6
2025.05.27	00:39:40.000	0.83905				2
2025.05.27	00:39:40.416	0.83901	0.83996			6
2025.05.27	00:39:41.105		0.83994			4
2025.05.27	00:39:42.353		0.83993			4
2025.05.27	00:39:44.425	0.83897				2
2025.05.27	00:39:46.421		0.83991			4
2025.05.27	00:39:47.493		0.83993			4
2025.05.27	00:39:48.421	0.83900				2
2025.05.27	00:39:49.118		0.83992			4
2025.05.27	00:39:49.421	0.83902				2
2025.05.27	00:39:50.423	0.83900	0.83990			6
2025.05.27	00:39:52.037		0.83991			4
2025.05.27	00:39:53.421	0.83902				2
2025.05.27	00:39:57.297		0.83992			4
2025.05.27	00:39:58.340	0.83904				2
2025.05.27	00:39:59.068	0.83900				2
2025.05.27	00:40:00.369	0.83900				2
2025.05.27	00:40:00.883		0.83991			4
2025.05.27	00:40:03.951		0.83992			4
2025.05.27	00:40:04.256	0.83905	0.83993			6
2025.05.27	00:40:05.023	0.83908				2
2025.05.27	00:40:06.252	0.83904				2
2025.05.27	00:40:06.758	0.83908				2
2025.05.27	00:40:07.752	0.83904	0.83994			6
2025.05.27	00:40:08.725	0.83908				2
2025.05.27	00:40:09.752	0.83905				2
2025.05.27	00:40:13.947		0.83993			4
2025.05.27	00:40:22.860	0.83902				2
2025.05.27	00:40:31.782		0.83992			4
2025.05.27	00:41:00.449	0.83902				2
2025.05.27	00:41:01.292	0.83905	0.83993			6
2025.05.27	00:41:11.395		0.83992			4
2025.05.27	00:41:11.896		0.83993			4
2025.05.27	00:41:12.658		0.83991			4
2025.05.27	00:41:13.926		0.83994			4
2025.05.27	00:41:14.952		0.83993			4
2025.05.27	00:41:15.427		0.83991			4
2025.05.27	00:41:16.429		0.83992			4
2025.05.27	00:41:53.093	0.83902	0.83991			6
2025.05.27	00:41:53.536	0.83906				2
2025.05.27	00:41:54.427	0.83904	0.83992			6
2025.05.27	00:41:55.429		0.83993			4
2025.05.27	00:41:55.823		0.83991			4
2025.05.27	00:41:56.248	0.83908	0.83993			6
2025.05.27	00:41:57.153	0.83901				2
2025.05.27	00:41:57.457	0.83905	0.83992			6
2025.05.27	00:41:57.846	0.83903				2
2025.05.27	00:41:58.502	0.83899				2
2025.05.27	00:41:58.825	0.83895	0.83991			6
2025.05.27	00:41:59.139	0.83902				2
2025.05.27	00:41:59.445	0.83900				2
2025.05.27	00:42:00.428	0.83904				2
2025.05.27	00:42:01.949		0.83990			4
2025.05.27	00:42:02.286	0.83902	0.83991			6
2025.05.27	00:42:03.662	0.83903				2
2025.05.27	00:42:07.229		0.83992			4
2025.05.27	00:42:13.419	0.83901	0.83991			6
2025.05.27	00:42:23.760	0.83900				2
2025.05.27	00:42:25.491		0.83990			4
2025.05.27	00:42:26.150	0.83902	0.83991			6
2025.05.27	00:42:26.462	0.83900				2
2025.05.27	00:42:26.790	0.83901				2
2025.05.27	00:42:27.310		0.83995			4
2025.05.27	00:42:27.820		0.83994			4
2025.05.27	00:42:30.645	0.83905				2
2025.05.27	00:42:31.893		0.83995			4
2025.05.27	00:42:42.214		0.83985			4
2025.05.27	00:42:48.458		0.83995			4
2025.05.27	00:42:58.662		0.83994			4
2025.05.27	00:43:01.055	0.83905				2
2025.05.27	00:43:03.753		0.83995			4
2025.05.27	00:43:10.684		0.83985			4
2025.05.27	00:43:16.976		0.83995			4
2025.05.27	00:43:38.544	0.83908				2
2025.05.27	00:43:42.479		0.83985			4
2025.05.27	00:43:47.548		0.83995			4
2025.05.27	00:43:52.457		0.83994			4
2025.05.27	00:43:55.049		0.83995			4
2025.05.27	00:44:00.087	0.83908	0.83994			6
2025.05.27	00:44:05.420	0.83911	0.83996			6
2025.05.27	00:44:06.047	0.83914				2
2025.05.27	00:44:10.806	0.83910	0.83985			6
2025.05.27	00:44:17.475		0.83996			4
2025.05.27	00:44:21.716	0.83914				2
2025.05.27	00:44:33.219		0.83995			4
2025.05.27	00:44:34.318	0.83911				2
2025.05.27	00:44:38.936		0.83985			4
2025.05.27	00:44:44.289		0.83995			4
2025.05.27	00:45:02.124	0.83929	0.84002			6
2025.05.27	00:45:04.597	0.83911	0.83995			6
2025.05.27	00:45:04.987		0.83985			4
2025.05.27	00:45:09.020	0.83923	0.83973			6
2025.05.27	00:45:11.527		0.83983			4
2025.05.27	00:45:32.210	0.83918	0.83984			6
2025.05.27	00:45:32.710	0.83922				2
2025.05.27	00:45:33.777		0.83983			4
2025.05.27	00:45:34.966	0.83918	0.83982			6
2025.05.27	00:45:35.277		0.83973			4
2025.05.27	00:45:41.343		0.83982			4
2025.05.27	00:45:48.454	0.83923				2
2025.05.27	00:45:48.754	0.83919				2
2025.05.27	00:46:00.568	0.83919				2
2025.05.27	00:46:01.124		0.83983			4
2025.05.27	00:46:02.517		0.83973			4
2025.05.27	00:46:07.568		0.83982			4
2025.05.27	00:46:08.566		0.83981			4
2025.05.27	00:46:09.441	0.83918				2
2025.05.27	00:46:10.446		0.83982			4
2025.05.27	00:46:13.837	0.83919	0.83981			6
2025.05.27	00:46:14.141	0.83918	0.83982			6
2025.05.27	00:46:16.546		0.83981			4
2025.05.27	00:46:26.657	0.83915	0.83982			6
2025.05.27	00:46:32.455		0.83973			4
2025.05.27	00:46:37.757		0.83982			4
2025.05.27	00:46:58.608		0.83981			4
2025.05.27	00:47:01.065	0.83915				2
2025.05.27	00:47:02.186	0.83932	0.83986			6
2025.05.27	00:47:04.347	0.83915	0.83981			6
2025.05.27	00:47:05.650		0.83973			4
2025.05.27	00:47:11.834		0.83982			4
2025.05.27	00:47:16.650	0.83919	0.83984			6
2025.05.27	00:47:16.956	0.83914	0.83980			6
2025.05.27	00:47:18.816	0.83915				2
2025.05.27	00:47:19.418	0.83914	0.83983			6
2025.05.27	00:47:19.970	0.83919				2
2025.05.27	00:47:21.638	0.83915	0.83980			6
2025.05.27	00:47:33.347	0.83914	0.83981			6
2025.05.27	00:47:33.681	0.83915				2
2025.05.27	00:47:35.164		0.83973			4
2025.05.27	00:47:39.957	0.83918				2
2025.05.27	00:47:41.677		0.83983			4
2025.05.27	00:47:44.295	0.83921	0.83982			6
2025.05.27	00:47:50.238	0.83923				2
2025.05.27	00:48:00.364	0.83923				2
2025.05.27	00:48:01.475		0.83983			4
2025.05.27	00:48:09.090		0.83973			4
2025.05.27	00:48:13.992	0.83921				2
2025.05.27	00:48:15.047		0.83983			4
2025.05.27	00:48:15.998	0.83922				2
2025.05.27	00:48:16.502	0.83925				2
2025.05.27	00:48:25.854	0.83919				2
2025.05.27	00:48:26.353	0.83921				2
2025.05.27	00:48:26.859	0.83925				2
2025.05.27	00:48:30.449		0.83984			4
2025.05.27	00:48:31.941	0.83921				2
2025.05.27	00:48:41.028		0.83973			4
2025.05.27	00:48:47.269		0.83984			4
2025.05.27	00:49:01.344	0.83925				2
2025.05.27	00:49:03.314		0.83988			4
2025.05.27	00:49:04.572	0.83927				2
2025.05.27	00:49:04.915	0.83931				2
2025.05.27	00:49:09.862		0.83973			4
2025.05.27	00:49:16.829		0.83987			4
2025.05.27	00:49:18.447		0.83988			4
2025.05.27	00:49:19.559	0.83932				2
2025.05.27	00:49:22.949	0.83927	0.83987			6
2025.05.27	00:49:34.451	0.83932				2
2025.05.27	00:49:39.156	0.83916	0.83984			6
2025.05.27	00:49:40.364		0.83973			4
2025.05.27	00:50:00.566	0.83916				2
2025.05.27	00:50:38.652	0.83917				2
2025.05.27	00:50:48.835		0.83973			4
2025.05.27	00:51:06.149	0.83917				2
2025.05.27	00:51:23.842	0.83914				2
2025.05.27	00:51:27.315	0.83915				2
2025.05.27	00:51:30.424	0.83916				2
2025.05.27	00:51:40.582	0.83913	0.83982			6
2025.05.27	00:51:40.888	0.83918	0.83985			6
2025.05.27	00:51:41.818	0.83914	0.83982			6
2025.05.27	00:51:50.701		0.83981			4
2025.05.27	00:51:54.400	0.83915				2
2025.05.27	00:52:03.148	0.83915	0.83980			6
2025.05.27	00:52:48.244	0.83914	0.83982			6
2025.05.27	00:52:48.546	0.83915	0.83981			6
2025.05.27	00:52:49.178	0.83914	0.83982			6
2025.05.27	00:52:49.798	0.83915	0.83981			6
2025.05.27	00:52:50.400	0.83914				2
2025.05.27	00:52:50.717		0.83982			4
2025.05.27	00:52:51.019	0.83917				2
2025.05.27	00:52:51.624		0.83980			4
2025.05.27	00:52:52.240		0.83981			4
2025.05.27	00:52:52.558		0.83980			4
2025.05.27	00:52:52.877		0.83981			4
2025.05.27	00:52:54.654	0.83915				2
2025.05.27	00:53:00.396	0.83915				2
2025.05.27	00:53:01.110	0.83913	0.83982			6
2025.05.27	00:53:11.172	0.83916	0.83980			6
2025.05.27	00:53:13.364	0.83918	0.83977			6
2025.05.27	00:53:16.590	0.83919				2
2025.05.27	00:53:24.178		0.83976			4
2025.05.27	00:53:24.542	0.83918	0.83977			6
2025.05.27	00:53:26.287	0.83919	0.83976			6
2025.05.27	00:53:30.563	0.83920				2
2025.05.27	00:53:42.247		0.83975			4
2025.05.27	00:53:54.297	0.83919	0.83976			6
2025.05.27	00:54:00.077	0.83919				2
2025.05.27	00:54:01.270	0.83918	0.83977			6
2025.05.27	00:54:05.549	0.83919	0.83976			6
2025.05.27	00:54:09.865	0.83916	0.83979			6
2025.05.27	00:54:11.041		0.83977			4
2025.05.27	00:54:11.531	0.83913				2
2025.05.27	00:54:12.051	0.83911	0.83979			6
2025.05.27	00:54:13.054	0.83907	0.83974			6
2025.05.27	00:54:14.066		0.83975			4
2025.05.27	00:54:15.072		0.83974			4
2025.05.27	00:54:16.472		0.83975			4
2025.05.27	00:54:21.143		0.83977			4
2025.05.27	00:54:21.472		0.83974			4
2025.05.27	00:54:22.484		0.83975			4
2025.05.27	00:54:24.169		0.83977			4
2025.05.27	00:54:24.470		0.83974			4
2025.05.27	00:54:25.477		0.83975			4
2025.05.27	00:54:57.655	0.83911				2
2025.05.27	00:55:00.220	0.83911				2
2025.05.27	00:55:01.779		0.83976			4
2025.05.27	00:55:31.474		0.83977			4
2025.05.27	00:55:31.910		0.83979			4
2025.05.27	00:55:32.471	0.83914	0.83976			6
2025.05.27	00:55:33.932		0.83979			4
2025.05.27	00:55:34.475		0.83976			4
2025.05.27	00:55:40.347		0.83977			4
2025.05.27	00:56:00.453	0.83914				2
2025.05.27	00:56:37.621		0.83979			4
2025.05.27	00:56:39.481		0.83977			4
2025.05.27	00:56:39.983	0.83909	0.83976			6
2025.05.27	00:56:40.479	0.83913				2
2025.05.27	00:56:41.480		0.83977			4
2025.05.27	00:56:42.677	0.83909	0.83975			6
2025.05.27	00:56:43.485		0.83977			4
2025.05.27	00:56:44.490		0.83976			4
2025.05.27	00:56:45.500		0.83977			4
2025.05.27	00:56:46.480		0.83976			4
2025.05.27	00:56:47.488	0.83912	0.83977			6
2025.05.27	00:56:48.476	0.83909	0.83975			6
2025.05.27	00:56:49.495		0.83976			4
2025.05.27	00:56:49.987		0.83977			4
2025.05.27	00:56:50.483		0.83975			4
2025.05.27	00:56:51.483		0.83977			4
2025.05.27	00:56:52.480		0.83976			4
2025.05.27	00:56:53.798		0.83977			4
2025.05.27	00:56:54.482		0.83975			4
2025.05.27	00:56:55.818		0.83978			4
2025.05.27	00:56:56.480		0.83975			4
2025.05.27	00:56:57.387		0.83977			4
2025.05.27	00:56:57.843		0.83976			4
2025.05.27	00:57:06.205	0.83909				2
2025.05.27	00:57:10.986		0.83977			4
2025.05.27	00:57:11.312		0.83974			4
2025.05.27	00:57:15.511		0.83975			4
2025.05.27	00:57:45.449		0.83976			4
2025.05.27	00:57:50.954		0.83975			4
2025.05.27	00:58:03.450	0.83909				2
2025.05.27	00:58:16.526		0.83974			4
2025.05.27	00:58:16.881		0.83973			4
2025.05.27	00:58:28.119		0.83972			4
2025.05.27	00:58:31.234	0.83890	0.83961			6
2025.05.27	00:58:32.354		0.83960			4
2025.05.27	00:58:34.305		0.83961			4
2025.05.27	00:58:42.198		0.83962			4
2025.05.27	00:58:45.777		0.83957			4
2025.05.27	00:58:52.355		0.83958			4
2025.05.27	00:58:55.393		0.83959			4
2025.05.27	00:59:00.571	0.83890				2
2025.05.27	00:59:00.919		0.83956			4
2025.05.27	00:59:08.652	0.83885	0.83952			6
2025.05.27	00:59:19.052		0.83953			4
2025.05.27	00:59:25.258		0.83955			4
2025.05.27	00:59:26.228	0.83908	0.83962			6
2025.05.27	00:59:29.547	0.83907				2
2025.05.27	00:59:35.815		0.83963			4
2025.05.27	00:59:53.435	0.83906				2
2025.05.27	00:59:58.089		0.83964			4
2025.05.27	01:00:00.314	0.83888	0.83982			6
2025.05.27	01:00:00.625	0.83884	0.83985			6
2025.05.27	01:00:01.252	0.83885				2
2025.05.27	01:00:01.559	0.83889	0.83981			6
2025.05.27	01:00:01.869	0.83888	0.83982			6
2025.05.27	01:00:02.216	0.83887				2
2025.05.27	01:00:02.637	0.83919	0.83985			6
2025.05.27	01:00:03.286	0.83918	0.83983			6
2025.05.27	01:00:03.588	0.83916				2
2025.05.27	01:00:03.891		0.83981			4
2025.05.27	01:00:04.193	0.83918				2
2025.05.27	01:00:04.495		0.83980			4
2025.05.27	01:00:04.797	0.83889	0.83981			6
2025.05.27	01:00:06.174	0.83892	0.83978			6
2025.05.27	01:00:06.781	0.83896	0.83974			6
2025.05.27	01:00:08.979	0.83895				2
2025.05.27	01:00:10.420	0.83900	0.83969			6
2025.05.27	01:00:12.770		0.83970			4
2025.05.27	01:00:13.077	0.83897	0.83973			6
2025.05.27	01:00:13.769	0.83899	0.83971			6
2025.05.27	01:00:14.435	0.83894	0.83976			6
2025.05.27	01:00:16.079	0.83899	0.83971			6
2025.05.27	01:00:16.839	0.83901	0.83969			6
2025.05.27	01:00:18.574	0.83896	0.83974			6
2025.05.27	01:00:19.017	0.83892	0.83978			6
2025.05.27	01:00:19.319	0.83893	0.83977			6
2025.05.27	01:00:20.332	0.83897	0.83972			6
2025.05.27	01:00:24.413	0.83896	0.83974			6
2025.05.27	01:00:27.227	0.83898	0.83972			6
2025.05.27	01:00:28.742	0.83899	0.83970			6
2025.05.27	01:00:30.693	0.83900	0.83969			6
2025.05.27	01:00:31.515		0.83970			4
2025.05.27	01:00:32.412	0.83899	0.83971			6
2025.05.27	01:00:34.323	0.83898				2
2025.05.27	01:00:35.012	0.83892	0.83978			6
2025.05.27	01:00:35.999	0.83891	0.83979			6
2025.05.27	01:00:38.140	0.83890	0.83980			6
2025.05.27	01:00:39.150	0.83889	0.83981			6
2025.05.27	01:00:42.107	0.83891				2
2025.05.27	01:00:42.417	0.83894	0.83975			6
2025.05.27	01:00:42.733	0.83896	0.83973			6
2025.05.27	01:00:44.248	0.83897				2
2025.05.27	01:00:50.366	0.83896	0.83974			6
2025.05.27	01:00:51.417		0.83973			4
2025.05.27	01:00:53.248	0.83897				2
2025.05.27	01:00:54.059	0.83896				2
2025.05.27	01:00:55.520	0.83898	0.83972			6
2025.05.27	01:00:58.232	0.83891	0.83978			6
2025.05.27	01:00:58.764	0.83890	0.83980			6
2025.05.27	01:00:59.426	0.83895				2
2025.05.27	01:01:00.273	0.83894				2
2025.05.27	01:01:00.656		0.83979			4
2025.05.27	01:01:01.236	0.83896				2
2025.05.27	01:01:01.700	0.83891				2
2025.05.27	01:01:02.414		0.83978			4
2025.05.27	01:01:03.404	0.83896				2
2025.05.27	01:01:07.729	0.83892				2
2025.05.27	01:01:09.629	0.83899	0.83977			6
2025.05.27	01:01:12.171	0.83906				2
2025.05.27	01:01:12.891		0.83978			4
2025.05.27	01:01:13.410		0.83977			4
2025.05.27	01:01:14.484	0.83909	0.83975			6
2025.05.27	01:01:14.915		0.83974			4
2025.05.27	01:01:15.346		0.83978			4
2025.05.27	01:01:16.375		0.83976			4
2025.05.27	01:01:17.850		0.83977			4
2025.05.27	01:01:18.412	0.83918				2
2025.05.27	01:01:19.422	0.83914				2
2025.05.27	01:01:20.126	0.83917	0.83979			6
2025.05.27	01:01:20.549	0.83939	0.83975			6
2025.05.27	01:01:20.860	0.83946	0.83969			6
2025.05.27	01:01:23.045		0.83967			4
2025.05.27	01:01:23.508		0.83965			4
2025.05.27	01:01:25.678	0.83943	0.83963			6
2025.05.27	01:01:27.790	0.83940	0.83961			6
2025.05.27	01:01:28.507	0.83941				2
2025.05.27	01:01:32.135	0.83942				2
2025.05.27	01:01:33.254	0.83940				2
2025.05.27	01:01:36.356	0.83945	0.83965			6
2025.05.27	01:01:37.839	0.83946				2
2025.05.27	01:01:42.815	0.83945				2
2025.05.27	01:01:46.348	0.83948	0.83964			6
2025.05.27	01:01:48.429	0.83951	0.83969			6
2025.05.27	01:01:48.768	0.83952				2
2025.05.27	01:01:50.358	0.83947				2
2025.05.27	01:01:52.759	0.83953				2
2025.05.27	01:01:54.646	0.83948				2
2025.05.27	01:01:55.647	0.83955				2
2025.05.27	01:02:00.096	0.83955				2
2025.05.27	01:02:00.485	0.83953	0.83972			6
2025.05.27	01:02:02.124	0.83954				2
2025.05.27	01:02:02.536	0.83953				2
2025.05.27	01:02:10.350	0.83954				2
2025.05.27	01:02:11.802	0.83956				2
2025.05.27	01:02:12.235	0.83960	0.83976			6
2025.05.27	01:02:12.540	0.83958	0.83975			6
2025.05.27	01:02:12.895	0.83964	0.83981			6
2025.05.27	01:02:13.199	0.83961	0.83979			6
2025.05.27	01:02:13.728	0.83964	0.83982			6
2025.05.27	01:02:14.114	0.83968	0.83986			6
2025.05.27	01:02:14.418	0.83963	0.83981			6
2025.05.27	01:02:18.115	0.83969	0.83987			6
2025.05.27	01:02:18.557	0.83967	0.83985			6
2025.05.27	01:02:19.439		0.83986			4
2025.05.27	01:02:22.143	0.83969				2
2025.05.27	01:02:24.426	0.83970				2
2025.05.27	01:02:25.650	0.83971				2
2025.05.27	01:02:33.626	0.83970				2
2025.05.27	01:02:35.553	0.83971				2
2025.05.27	01:02:42.782	0.83972				2
2025.05.27	01:02:44.330	0.83975	0.83992			6
2025.05.27	01:02:44.640	0.83973	0.83988			6
2025.05.27	01:02:49.482	0.83975	0.83991			6
2025.05.27	01:02:56.353		0.83989			4
2025.05.27	01:02:56.654	0.83974				2
2025.05.27	01:03:00.261	0.83968	0.83984			6
2025.05.27	01:03:00.581		0.83983			4
2025.05.27	01:03:02.249	0.83969				2
2025.05.27	01:03:11.251	0.83968				2
2025.05.27	01:03:17.650	0.83969	0.83985			6
2025.05.27	01:03:24.747	0.83970				2
2025.05.27	01:03:29.920	0.83971				2
2025.05.27	01:03:31.951	0.83970				2
2025.05.27	01:03:46.951	0.83971				2
2025.05.27	01:03:48.448	0.83970				2
2025.05.27	01:03:49.953	0.83971				2
2025.05.27	01:03:51.185	0.83969	0.83984			6
2025.05.27	01:03:52.647	0.83970				2
2025.05.27	01:03:54.219		0.83987			4
2025.05.27	01:03:54.521	0.83973	0.83985			6
2025.05.27	01:03:54.849	0.83971				2
2025.05.27	01:03:55.261	0.83972	0.83988			6
2025.05.27	01:03:55.647	0.83973				2
2025.05.27	01:04:00.364	0.83973				2
2025.05.27	01:04:16.358	0.83974	0.83986			6
2025.05.27	01:04:17.849	0.83973				2
2025.05.27	01:04:19.295		0.83985			4
2025.05.27	01:04:20.624		0.83984			4
2025.05.27	01:04:20.932		0.83985			4
2025.05.27	01:04:30.549		0.83988			4
2025.05.27	01:04:30.857	0.83974				2
2025.05.27	01:04:41.785		0.83989			4
2025.05.27	01:04:55.512		0.83988			4
2025.05.27	01:04:56.906		0.83985			4
2025.05.27	01:04:57.294		0.83986			4
2025.05.27	01:04:58.444	0.83973	0.83987			6
2025.05.27	01:04:59.093		0.83986			4
2025.05.27	01:05:00.012	0.83974				2
2025.05.27	01:05:00.638		0.83987			4
2025.05.27	01:05:01.026	0.83972	0.83983			6
2025.05.27	01:05:01.335	0.83971				2
2025.05.27	01:05:07.649	0.83969				2
2025.05.27	01:05:08.850	0.83970				2
2025.05.27	01:05:09.594	0.83973	0.83986			6
2025.05.27	01:05:15.102		0.83987			4
2025.05.27	01:05:18.052	0.83976	0.83986			6
2025.05.27	01:05:39.855	0.83977				2
2025.05.27	01:05:54.443	0.83979	0.83989			6
2025.05.27	01:05:57.517		0.83990			4
2025.05.27	01:05:59.636		0.83988			4
2025.05.27	01:06:04.316	0.83978	0.83987			6
2025.05.27	01:06:05.459	0.83977				2
2025.05.27	01:06:07.489		0.83986			4
2025.05.27	01:06:11.550		0.83985			4
2025.05.27	01:06:11.890		0.83986			4
2025.05.27	01:06:30.828	0.83978	0.83987			6
2025.05.27	01:06:37.027		0.83986			4
2025.05.27	01:06:37.348	0.83977				2
2025.05.27	01:06:40.478		0.83987			4
2025.05.27	01:06:47.802	0.83980	0.83990			6
2025.05.27	01:06:49.661	0.83979				2
2025.05.27	01:06:50.490		0.83989			4
2025.05.27	01:06:54.553	0.83980	0.83990			6
2025.05.27	01:06:54.895	0.83981				2
2025.05.27	01:07:00.417	0.83981				2
2025.05.27	01:07:13.948	0.83980	0.83989			6
2025.05.27	01:07:16.091		0.83988			4
2025.05.27	01:07:16.414	0.83976	0.83985			6
2025.05.27	01:07:17.131	0.83971	0.83982			6
2025.05.27	01:07:19.111	0.83972				2
2025.05.27	01:07:19.670		0.83981			4
2025.05.27	01:07:20.548	0.83973	0.83983			6
2025.05.27	01:07:24.405	0.83972	0.83980			6
2025.05.27	01:07:37.028		0.83979			4
2025.05.27	01:07:47.383	0.83971				2
2025.05.27	01:07:47.700		0.83980			4
2025.05.27	01:07:49.049	0.83970				2
2025.05.27	01:07:49.758		0.83977			4
2025.05.27	01:07:50.394		0.83980			4
2025.05.27	01:07:50.848		0.83981			4
2025.05.27	01:07:51.351	0.83971				2
2025.05.27	01:07:52.948	0.83970				2
2025.05.27	01:07:54.358	0.83971				2
2025.05.27	01:07:55.949	0.83970				2
2025.05.27	01:08:01.648	0.83970				2
2025.05.27	01:08:07.348	0.83971				2
2025.05.27	01:08:16.148	0.83969	0.83978			6
2025.05.27	01:08:16.480	0.83968				2
2025.05.27	01:08:39.372	0.83967	0.83977			6
2025.05.27	01:08:39.782	0.83969				2
2025.05.27	01:08:53.692	0.83959	0.83967			6
2025.05.27	01:08:57.110	0.83960	0.83969			6
2025.05.27	01:08:57.418		0.83970			4
2025.05.27	01:08:57.725	0.83959	0.83969			6
2025.05.27	01:09:00.501	0.83953	0.83960			6
2025.05.27	01:09:00.817	0.83952	0.83961			6
2025.05.27	01:09:01.564		0.83962			4
2025.05.27	01:09:02.243	0.83957	0.83967			6
2025.05.27	01:09:09.707	0.83958	0.83968			6
2025.05.27	01:09:10.674		0.83967			4
2025.05.27	01:09:11.216	0.83959	0.83970			6
2025.05.27	01:09:11.814	0.83960				2
2025.05.27	01:09:16.165	0.83959	0.83968			6
2025.05.27	01:09:17.491		0.83967			4
2025.05.27	01:09:18.958		0.83966			4
2025.05.27	01:09:19.689	0.83958				2
2025.05.27	01:09:20.172		0.83967			4
2025.05.27	01:09:27.741	0.83959				2
2025.05.27	01:09:36.541	0.83958				2
2025.05.27	01:09:38.848	0.83960	0.83969			6
2025.05.27	01:09:39.158	0.83962	0.83970			6
2025.05.27	01:09:49.449		0.83971			4
2025.05.27	01:09:50.094	0.83964	0.83972			6
2025.05.27	01:09:50.412	0.83963				2
2025.05.27	01:09:57.352		0.83971			4
2025.05.27	01:09:59.896	0.83967	0.83976			6
2025.05.27	01:10:00.454	0.83967	0.83977			6
2025.05.27	01:10:01.491	0.83971	0.83981			6
2025.05.27	01:10:01.799		0.83979			4
2025.05.27	01:10:06.947		0.83980			4
2025.05.27	01:10:12.936	0.83967	0.83976			6
2025.05.27	01:10:13.253		0.83975			4
2025.05.27	01:10:14.353	0.83966				2
2025.05.27	01:10:15.455	0.83965	0.83974			6
2025.05.27	01:10:16.226	0.83966	0.83975			6
2025.05.27	01:10:17.250	0.83967	0.83977			6
2025.05.27	01:10:20.792	0.83963	0.83973			6
2025.05.27	01:10:22.648	0.83964				2
2025.05.27	01:10:24.703	0.83963	0.83971			6
2025.05.27	01:10:25.017	0.83962				2
2025.05.27	01:10:25.327	0.83963	0.83973			6
2025.05.27	01:10:31.049	0.83961	0.83970			6
2025.05.27	01:10:35.152	0.83960	0.83969			6
2025.05.27	01:10:36.010	0.83963	0.83973			6
2025.05.27	01:10:43.003	0.83965	0.83976			6
2025.05.27	01:10:43.648	0.83968				2
2025.05.27	01:10:47.157	0.83967	0.83975			6
2025.05.27	01:10:58.874	0.83968				2
2025.05.27	01:10:59.248	0.83967				2
2025.05.27	01:11:00.416	0.83967	0.83976			6
2025.05.27	01:11:01.409	0.83968				2
2025.05.27	01:11:11.549	0.83969				2
2025.05.27	01:11:12.151	0.83968				2
2025.05.27	01:11:21.116	0.83969	0.83977			6
2025.05.27	01:11:22.655	0.83970				2
2025.05.27	01:11:24.459	0.83968	0.83974			6
2025.05.27	01:11:40.879	0.83967	0.83976			6
2025.05.27	01:11:42.343	0.83964	0.83969			6
2025.05.27	01:11:42.676	0.83962				2
2025.05.27	01:11:44.249	0.83963				2
2025.05.27	01:12:00.381	0.83963				2
2025.05.27	01:12:04.635	0.83962				2
2025.05.27	01:12:08.290		0.83967			4
2025.05.27	01:12:17.723	0.83960				2
2025.05.27	01:12:18.085	0.83959	0.83966			6
2025.05.27	01:12:19.947	0.83958				2
2025.05.27	01:12:27.355		0.83965			4
2025.05.27	01:12:28.783	0.83957				2
2025.05.27	01:12:29.496		0.83966			4
2025.05.27	01:13:02.124	0.83957				2
2025.05.27	01:13:09.990	0.83959	0.83967			6
2025.05.27	01:13:10.615	0.83960				2
2025.05.27	01:13:11.679	0.83959	0.83968			6
2025.05.27	01:13:13.348	0.83960				2
2025.05.27	01:13:22.497	0.83959	0.83967			6
2025.05.27	01:13:33.271	0.83958	0.83966			6
2025.05.27	01:13:33.597	0.83959	0.83967			6
2025.05.27	01:13:38.494	0.83971	0.83979			6
2025.05.27	01:13:38.799	0.83972	0.83980			6
2025.05.27	01:13:39.150	0.83973				2
2025.05.27	01:13:40.355	0.83972				2
2025.05.27	01:14:02.123	0.83972				2
2025.05.27	01:14:06.053	0.83971				2
2025.05.27	01:14:06.855		0.83979			4
2025.05.27	01:14:16.948	0.83970				2
2025.05.27	01:14:45.430	0.83971	0.83980			6
2025.05.27	01:14:59.832	0.83970	0.83977			6
2025.05.27	01:15:00.138	0.83971	0.83979			6
2025.05.27	01:15:00.447	0.83972				2
2025.05.27	01:15:00.826	0.83971				2
2025.05.27	01:15:01.440	0.83973				2
2025.05.27	01:15:01.775	0.83971				2
2025.05.27	01:15:05.440	0.83972				2
2025.05.27	01:15:08.312		0.83977			4
2025.05.27	01:15:10.356	0.83971				2
2025.05.27	01:15:14.052	0.83973	0.83979			6
2025.05.27	01:15:24.788		0.83977			4
2025.05.27	01:15:25.552		0.83979			4
2025.05.27	01:15:36.360	0.83974				2
2025.05.27	01:15:41.971		0.83980			4
2025.05.27	01:15:47.204		0.83979			4
2025.05.27	01:15:51.515	0.83975	0.83980			6
2025.05.27	01:15:51.979		0.83979			4
2025.05.27	01:15:53.012		0.83980			4
2025.05.27	01:15:53.343		0.83979			4
2025.05.27	01:15:54.274		0.83980			4
2025.05.27	01:15:54.582		0.83979			4
2025.05.27	01:15:55.893		0.83980			4
2025.05.27	01:15:56.201		0.83979			4
2025.05.27	01:15:58.850	0.83970	0.83976			6
2025.05.27	01:16:00.100	0.83970				2
2025.05.27	01:16:00.402	0.83971	0.83977			6
2025.05.27	01:16:05.235		0.83976			4
2025.05.27	01:16:05.778	0.83970				2
2025.05.27	01:16:07.709	0.83969	0.83975			6
2025.05.27	01:16:08.924		0.83973			4
2025.05.27	01:16:09.476		0.83974			4
2025.05.27	01:16:09.922	0.83970	0.83975			6
2025.05.27	01:16:11.168	0.83969	0.83976			6
2025.05.27	01:16:11.487	0.83970	0.83975			6
2025.05.27	01:16:23.321	0.83969	0.83974			6
2025.05.27	01:16:33.623	0.83968	0.83973			6
2025.05.27	01:16:44.778		0.83972			4
2025.05.27	01:16:52.307		0.83974			4
2025.05.27	01:16:52.618	0.83969	0.83975			6
2025.05.27	01:16:52.972		0.83974			4
2025.05.27	01:16:53.282	0.83970				2
2025.05.27	01:17:00.644	0.83970				2
2025.05.27	01:17:10.649	0.83972	0.83975			6
2025.05.27	01:17:14.099	0.83973	0.83974			6
2025.05.27	01:17:14.425		0.83975			4
2025.05.27	01:17:20.475	0.83972				2
2025.05.27	01:17:20.935	0.83973	0.83974			6
2025.05.27	01:17:21.526		0.83975			4
2025.05.27	01:17:22.086		0.83974			4
2025.05.27	01:17:22.446	0.83970	0.83975			6
2025.05.27	01:17:29.002	0.83973	0.83974			6
2025.05.27	01:17:48.882	0.83972	0.83975			6
2025.05.27	01:17:53.364	0.83973				2
2025.05.27	01:18:01.769	0.83972				2
2025.05.27	01:18:03.102	0.83973				2
2025.05.27	01:18:03.646	0.83970				2
2025.05.27	01:18:04.117	0.83971				2
2025.05.27	01:18:07.581	0.83973	0.83977			6
2025.05.27	01:18:09.542	0.83971	0.83975			6
2025.05.27	01:18:12.422	0.83973	0.83977			6
2025.05.27	01:18:12.934	0.83971	0.83975			6
2025.05.27	01:18:16.656	0.83972				2
2025.05.27	01:18:19.978		0.83977			4
2025.05.27	01:18:29.935	0.83973				2
2025.05.27	01:19:00.964	0.83973				2
2025.05.27	01:19:02.738	0.83974				2
2025.05.27	01:19:14.438	0.83977	0.83982			6
2025.05.27	01:19:19.691	0.83975				2
2025.05.27	01:19:22.521	0.83976				2
2025.05.27	01:19:33.876	0.83980	0.83981			6
2025.05.27	01:19:34.179	0.83979	0.83980			6
2025.05.27	01:19:37.458	0.83976				2
2025.05.27	01:19:37.773		0.83979			4
2025.05.27	01:19:38.896	0.83975	0.83978			6
2025.05.27	01:19:40.245	0.83976	0.83979			6
2025.05.27	01:19:46.799	0.83975	0.83978			6
2025.05.27	01:19:47.227		0.83979			4
2025.05.27	01:19:49.607		0.83978			4
2025.05.27	01:19:50.128	0.83977	0.83980			6
2025.05.27	01:19:52.904	0.83976				2
2025.05.27	01:19:55.448	0.83977				2
2025.05.27	01:20:00.149	0.83977				2
2025.05.27	01:20:00.904	0.83974	0.83977			6
2025.05.27	01:20:07.947	0.83975				2
2025.05.27	01:20:10.549	0.83974				2
2025.05.27	01:20:16.776		0.83976			4
2025.05.27	01:20:18.716		0.83977			4
2025.05.27	01:20:26.036	0.83975	0.83978			6
2025.05.27	01:20:33.932	0.83977	0.83979			6
2025.05.27	01:20:54.607	0.83978				2
2025.05.27	01:20:56.378	0.83977				2
2025.05.27	01:21:00.339	0.83977				2
2025.05.27	01:21:03.076	0.83976	0.83978			6
2025.05.27	01:21:04.644	0.83974	0.83977			6
2025.05.27	01:21:04.992	0.83975	0.83978			6
2025.05.27	01:21:06.992	0.83974	0.83977			6
2025.05.27	01:21:07.377	0.83975				2
2025.05.27	01:21:07.844		0.83978			4
2025.05.27	01:21:08.256		0.83977			4
2025.05.27	01:21:21.900		0.83978			4
2025.05.27	01:21:44.454		0.83977			4
2025.05.27	01:21:44.993	0.83972	0.83974			6
2025.05.27	01:21:45.310		0.83975			4
2025.05.27	01:21:50.413	0.83971	0.83977			6
2025.05.27	01:21:52.203	0.83972	0.83976			6
2025.05.27	01:22:01.457	0.83971	0.83977			6
2025.05.27	01:22:01.793	0.83972				2
2025.05.27	01:22:02.262		0.83976			4
2025.05.27	01:22:06.466	0.83973	0.83975			6
2025.05.27	01:22:06.813	0.83972				2
2025.05.27	01:22:07.737	0.83973	0.83976			6
2025.05.27	01:22:08.201	0.83972				2
2025.05.27	01:22:08.820	0.83973				2
2025.05.27	01:22:09.733	0.83972				2
2025.05.27	01:22:10.372	0.83974				2
2025.05.27	01:22:10.677	0.83973				2
2025.05.27	01:22:11.772	0.83972	0.83977			6
2025.05.27	01:22:17.036	0.83975				2
2025.05.27	01:22:36.179	0.83972	0.83975			6
2025.05.27	01:22:36.731		0.83974			4
2025.05.27	01:22:37.669	0.83974	0.83977			6
2025.05.27	01:22:37.973	0.83975				2
2025.05.27	01:22:45.748		0.83978			4
2025.05.27	01:22:46.237	0.83976	0.83977			6
2025.05.27	01:22:58.744	0.83978	0.83980			6
2025.05.27	01:23:00.456	0.83978				2
2025.05.27	01:23:05.980	0.83981	0.83982			6
2025.05.27	01:23:06.361		0.83983			4
2025.05.27	01:23:07.040		0.83982			4
2025.05.27	01:23:07.507		0.83983			4
2025.05.27	01:23:07.995		0.83982			4
2025.05.27	01:23:24.551	0.83980				2
2025.05.27	01:23:29.372	0.83979				2
2025.05.27	01:23:33.362	0.83980				2
2025.05.27	01:23:55.875	0.83979				2
2025.05.27	01:23:57.523	0.83980				2
2025.05.27	01:24:01.910	0.83980				2
2025.05.27	01:24:06.619	0.83979				2
2025.05.27	01:24:08.748		0.83982			4
2025.05.27	01:24:26.846		0.83981			4
2025.05.27	01:24:33.090	0.83978	0.83980			6
2025.05.27	01:24:57.463	0.83977	0.83979			6
2025.05.27	01:24:57.827	0.83976				2
2025.05.27	01:25:01.477	0.83976				2
2025.05.27	01:25:07.368	0.83978	0.83981			6
2025.05.27	01:25:20.593	0.83979				2
2025.05.27	01:25:42.971	0.83978				2
2025.05.27	01:25:43.273		0.83980			4
2025.05.27	01:25:43.578	0.83979	0.83981			6
2025.05.27	01:25:50.293	0.83980				2
2025.05.27	01:25:54.282	0.83979				2
2025.05.27	01:26:00.376	0.83979				2
2025.05.27	01:26:16.089	0.83976	0.83977			6
2025.05.27	01:26:16.393	0.83975	0.83976			6
2025.05.27	01:26:16.813	0.83974				2
2025.05.27	01:26:19.598	0.83975				2
2025.05.27	01:26:33.561	0.83974	0.83977			6
2025.05.27	01:26:37.009		0.83976			4
2025.05.27	01:26:49.193	0.83973				2
2025.05.27	01:26:58.603	0.83974				2
2025.05.27	01:27:00.357	0.83974				2
2025.05.27	01:27:10.634	0.83973				2
2025.05.27	01:27:12.123	0.83974				2
2025.05.27	01:27:18.830	0.83973	0.83974			6
2025.05.27	01:27:19.140		0.83976			4
2025.05.27	01:27:24.202		0.83974			4
2025.05.27	01:27:24.523	0.83972				2
2025.05.27	01:27:44.655	0.83970	0.83976			6
2025.05.27	01:27:44.963	0.83973	0.83975			6
2025.05.27	01:27:49.179	0.83974	0.83976			6
2025.05.27	01:27:56.817	0.83973				2
2025.05.27	01:28:00.370	0.83973				2
2025.05.27	01:28:27.344		0.83975			4
2025.05.27	01:28:27.796		0.83976			4
2025.05.27	01:28:49.104	0.83972	0.83974			6
2025.05.27	01:28:50.636	0.83971				2
2025.05.27	01:28:50.943		0.83973			4
2025.05.27	01:28:52.539	0.83970	0.83972			6
2025.05.27	01:28:59.814	0.83967	0.83970			6
2025.05.27	01:29:00.242	0.83967				2
2025.05.27	01:29:04.627	0.83968	0.83971			6
2025.05.27	01:29:07.038	0.83970	0.83972			6
2025.05.27	01:29:49.392	0.83969				2
2025.05.27	01:29:50.150	0.83970				2
2025.05.27	01:29:50.469		0.83973			4
2025.05.27	01:29:52.151	0.83971				2
2025.05.27	01:29:53.113	0.83970	0.83972			6
2025.05.27	01:29:57.452		0.83973			4
2025.05.27	01:29:58.001		0.83972			4
2025.05.27	01:29:59.596		0.83973			4
2025.05.27	01:30:00.312	0.83970				2
2025.05.27	01:30:00.770		0.83972			4
2025.05.27	01:30:02.248		0.83971			4
2025.05.27	01:30:04.386		0.83972			4
2025.05.27	01:30:05.045	0.83969	0.83971			6
2025.05.27	01:30:07.125		0.83972			4
2025.05.27	01:30:09.638	0.83965	0.83967			6
2025.05.27	01:30:11.724	0.83966	0.83968			6
2025.05.27	01:30:12.025	0.83967	0.83969			6
2025.05.27	01:30:28.355		0.83970			4
2025.05.27	01:30:28.704	0.83968				2
2025.05.27	01:30:31.725		0.83971			4
2025.05.27	01:30:36.797	0.83969				2
2025.05.27	01:30:38.793		0.83970			4
2025.05.27	01:30:39.102		0.83971			4
2025.05.27	01:30:41.548		0.83970			4
2025.05.27	01:30:44.631	0.83968				2
2025.05.27	01:30:59.617	0.83967	0.83969			6
2025.05.27	01:31:00.558	0.83967				2
2025.05.27	01:31:01.458	0.83968	0.83970			6
2025.05.27	01:31:15.124		0.83969			4
2025.05.27	01:31:21.387	0.83967				2
2025.05.27	01:31:25.054	0.83966				2
2025.05.27	01:31:31.891	0.83967				2
2025.05.27	01:31:49.566	0.83968				2
2025.05.27	01:32:00.092	0.83968				2
2025.05.27	01:32:07.035	0.83967				2
2025.05.27	01:32:16.042	0.83968	0.83971			6
2025.05.27	01:32:20.052	0.83967	0.83970			6
2025.05.27	01:32:20.380	0.83968				2
2025.05.27	01:32:36.516	0.83969	0.83971			6
2025.05.27	01:32:38.656	0.83968				2
2025.05.27	01:32:39.579	0.83969				2
2025.05.27	01:33:04.648	0.83969				2
2025.05.27	01:33:06.706		0.83972			4
2025.05.27	01:33:08.993	0.83970				2
2025.05.27	01:33:17.806	0.83969				2
2025.05.27	01:33:56.623	0.83972	0.83974			6
2025.05.27	01:34:01.124	0.83972	0.83975			6
2025.05.27	01:34:13.384	0.83973				2
2025.05.27	01:34:15.679	0.83974				2
2025.05.27	01:34:18.006	0.83975	0.83978			6
2025.05.27	01:34:19.891	0.83976				2
2025.05.27	01:34:22.577	0.83975				2
2025.05.27	01:34:23.638	0.83977				2
2025.05.27	01:34:28.227	0.83978	0.83980			6
2025.05.27	01:34:29.532	0.83979	0.83981			6
2025.05.27	01:34:32.095	0.83978				2
2025.05.27	01:34:34.122	0.83977	0.83980			6
2025.05.27	01:34:34.631		0.83979			4
2025.05.27	01:34:35.910	0.83976				2
2025.05.27	01:34:43.765	0.83977				2
2025.05.27	01:34:44.316		0.83980			4
2025.05.27	01:35:02.124	0.83977				2
2025.05.27	01:35:03.834		0.83979			4
2025.05.27	01:35:04.527	0.83976				2
2025.05.27	01:35:14.127	0.83977				2
2025.05.27	01:35:14.632	0.83976				2
2025.05.27	01:35:15.711	0.83977				2
2025.05.27	01:35:30.745	0.83976	0.83978			6
2025.05.27	01:35:33.283	0.83977	0.83980			6
2025.05.27	01:35:55.187	0.83978				2
2025.05.27	01:36:02.839	0.83978				2
2025.05.27	01:36:05.665	0.83976	0.83977			6
2025.05.27	01:36:05.997	0.83975	0.83976			6
2025.05.27	01:36:10.756	0.83974				2
2025.05.27	01:36:25.122	0.83973	0.83975			6
2025.05.27	01:36:36.575	0.83974				2
2025.05.27	01:36:38.001		0.83977			4
2025.05.27	01:36:45.357		0.83976			4
2025.05.27	01:36:49.926	0.83973	0.83975			6
2025.05.27	01:37:00.131	0.83973				2
2025.05.27	01:37:01.697		0.83976			4
2025.05.27	01:37:06.278	0.83974				2
2025.05.27	01:37:13.442	0.83973				2
2025.05.27	01:37:13.770	0.83974	0.83977			6
2025.05.27	01:37:14.891	0.83975				2
2025.05.27	01:37:18.126	0.83974				2
2025.05.27	01:37:25.159	0.83973	0.83976			6
2025.05.27	01:37:26.358	0.83974				2
2025.05.27	01:37:28.119		0.83977			4
2025.05.27	01:37:34.145	0.83975				2
2025.05.27	01:37:36.094		0.83978			4
2025.05.27	01:37:56.308		0.83977			4
2025.05.27	01:38:00.432	0.83975				2
2025.05.27	01:38:16.294	0.83974				2
2025.05.27	01:38:36.536		0.83976			4
2025.05.27	01:39:00.388	0.83974				2
2025.05.27	01:39:13.529		0.83975			4
2025.05.27	01:39:16.997		0.83976			4
2025.05.27	01:39:24.624	0.83973				2
2025.05.27	01:39:28.816	0.83974				2
2025.05.27	01:39:35.764	0.83973				2
2025.05.27	01:39:36.755	0.83972	0.83974			6
2025.05.27	01:39:43.467	0.83973				2
2025.05.27	01:39:45.372	0.83970	0.83972			6
2025.05.27	01:39:45.936	0.83971				2
2025.05.27	01:39:56.557		0.83973			4
2025.05.27	01:40:05.991	0.83971				2
2025.05.27	01:40:08.572		0.83974			4
2025.05.27	01:40:09.110		0.83973			4
2025.05.27	01:40:09.418	0.83970	0.83972			6
2025.05.27	01:40:26.300	0.83971	0.83974			6
2025.05.27	01:40:31.561	0.83970	0.83972			6
2025.05.27	01:40:33.948	0.83969	0.83971			6
2025.05.27	01:41:01.650	0.83969				2
2025.05.27	01:41:02.117		0.83972			4
2025.05.27	01:41:25.463	0.83970				2
2025.05.27	01:42:00.609	0.83971				2
2025.05.27	01:42:00.920	0.83972	0.83973			6
2025.05.27	01:42:04.267	0.83971	0.83972			6
2025.05.27	01:42:04.780		0.83973			4
2025.05.27	01:42:05.326	0.83972	0.83974			6
2025.05.27	01:42:13.373	0.83973				2
2025.05.27	01:42:32.857	0.83974	0.83975			6
2025.05.27	01:43:01.029	0.83975	0.83977			6
2025.05.27	01:43:05.904		0.83976			4
2025.05.27	01:43:39.910		0.83977			4
2025.05.27	01:43:42.551	0.83976				2
2025.05.27	01:43:44.254	0.83978	0.83979			6
2025.05.27	01:43:44.594	0.83975	0.83977			6
2025.05.27	01:43:47.480	0.83976				2
2025.05.27	01:43:53.884	0.83975				2
2025.05.27	01:44:01.194	0.83975				2
2025.05.27	01:44:05.153	0.83974				2
2025.05.27	01:44:09.987		0.83976			4
2025.05.27	01:44:18.084	0.83973	0.83975			6
2025.05.27	01:44:31.102	0.83971	0.83974			6
2025.05.27	01:44:35.103		0.83973			4
2025.05.27	01:44:44.244		0.83974			4
2025.05.27	01:44:55.532	0.83970	0.83972			6
2025.05.27	01:45:00.038	0.83970	0.83973			6
2025.05.27	01:45:04.830		0.83972			4
2025.05.27	01:45:07.966		0.83973			4
2025.05.27	01:45:32.802	0.83971				2
2025.05.27	01:45:54.151	0.83970	0.83972			6
2025.05.27	01:45:54.652	0.83969				2
2025.05.27	01:45:56.000		0.83971			4
2025.05.27	01:46:10.327	0.83968				2
2025.05.27	01:46:23.563	0.83969	0.83972			6
2025.05.27	01:46:46.498		0.83971			4
2025.05.27	01:46:46.952		0.83972			4
2025.05.27	01:46:59.237	0.83970				2
2025.05.27	01:47:00.606	0.83970				2
2025.05.27	01:47:07.977	0.83969				2
2025.05.27	01:47:24.422	0.83970				2
2025.05.27	01:47:47.500		0.83972			4
2025.05.27	01:47:49.891	0.83969				2
2025.05.27	01:47:50.198	0.83967	0.83970			6
2025.05.27	01:48:00.359	0.83967				2
2025.05.27	01:48:00.873	0.83968				2
2025.05.27	01:48:05.364	0.83967				2
2025.05.27	01:48:05.939		0.83969			4
2025.05.27	01:48:44.177	0.83968	0.83970			6
2025.05.27	01:48:47.776	0.83959	0.83962			6
2025.05.27	01:48:50.067	0.83960				2
2025.05.27	01:48:50.582		0.83963			4
2025.05.27	01:49:00.951	0.83960				2
2025.05.27	01:49:05.283	0.83961	0.83964			6
2025.05.27	01:49:24.641	0.83960	0.83963			6
2025.05.27	01:49:30.982	0.83961				2
2025.05.27	01:50:00.283	0.83961				2
2025.05.27	01:50:04.904		0.83964			4
2025.05.27	01:50:06.451	0.83962				2
2025.05.27	01:50:18.208	0.83961				2
2025.05.27	01:50:18.634	0.83962				2
2025.05.27	01:50:18.944	0.83961				2
2025.05.27	01:50:21.169	0.83962				2
2025.05.27	01:50:29.739	0.83960	0.83962			6
2025.05.27	01:50:41.058	0.83961	0.83963			6
2025.05.27	01:50:41.374		0.83964			4
2025.05.27	01:50:45.135		0.83963			4
2025.05.27	01:50:51.354	0.83963	0.83965			6
2025.05.27	01:51:00.464	0.83963				2
2025.05.27	01:51:34.237	0.83961	0.83963			6
2025.05.27	01:51:35.424	0.83960				2
2025.05.27	01:51:43.216	0.83961				2
2025.05.27	01:51:51.918	0.83962	0.83964			6
2025.05.27	01:52:00.546	0.83963	0.83965			6
2025.05.27	01:52:00.926	0.83962				2
2025.05.27	01:52:01.239	0.83963				2
2025.05.27	01:52:01.624	0.83962				2
2025.05.27	01:52:07.593	0.83963				2
2025.05.27	01:52:40.739	0.83964				2
2025.05.27	01:52:59.018	0.83962	0.83964			6
2025.05.27	01:52:59.321		0.83965			4
2025.05.27	01:53:00.363	0.83962				2
2025.05.27	01:53:01.489	0.83963				2
2025.05.27	01:53:26.471		0.83966			4
2025.05.27	01:53:27.211	0.83962	0.83965			6
2025.05.27	01:53:28.773		0.83964			4
2025.05.27	01:53:29.922	0.83963	0.83965			6
2025.05.27	01:53:37.526	0.83962	0.83964			6
2025.05.27	01:53:41.554		0.83965			4
2025.05.27	01:53:42.158		0.83964			4
2025.05.27	01:53:53.811	0.83964	0.83966			6
2025.05.27	01:54:00.407	0.83963	0.83965			6
2025.05.27	01:54:17.811		0.83966			4
2025.05.27	01:54:26.752	0.83964				2
2025.05.27	01:54:44.718	0.83965	0.83967			6
2025.05.27	01:54:45.617	0.83964				2
2025.05.27	01:54:49.116		0.83966			4
2025.05.27	01:55:00.654	0.83964				2
2025.05.27	01:55:13.166	0.83965				2
2025.05.27	01:55:14.474	0.83964				2
2025.05.27	01:55:50.377		0.83966			4
2025.05.27	01:56:02.181	0.83963				2
2025.05.27	01:56:04.267	0.83964				2
2025.05.27	01:56:56.442		0.83966			4
2025.05.27	01:57:01.739	0.83964				2
2025.05.27	01:57:40.137	0.83963				2
2025.05.27	01:57:41.204		0.83965			4
2025.05.27	01:57:41.509	0.83964	0.83966			6
2025.05.27	01:58:00.803	0.83963				2
2025.05.27	01:58:02.904	0.83964				2
2025.05.27	01:58:11.129	0.83963				2
2025.05.27	01:58:32.513	0.83964				2
2025.05.27	01:58:39.428	0.83962	0.83964			6
2025.05.27	01:58:48.203	0.83963				2
2025.05.27	01:58:51.156		0.83965			4
2025.05.27	01:59:04.993	0.83963				2
2025.05.27	01:59:20.568		0.83966			4
2025.05.27	01:59:22.518	0.83964				2
2025.05.27	01:59:40.965	0.83963				2
2025.05.27	01:59:46.175	0.83964				2
2025.05.27	02:00:00.386	0.83963				2
2025.05.27	02:00:00.701		0.83965			4
2025.05.27	02:00:01.007		0.83966			4
2025.05.27	02:00:01.333	0.83964				2
2025.05.27	02:00:03.157		0.83967			4
2025.05.27	02:00:23.747		0.83966			4
2025.05.27	02:00:24.869	0.83965	0.83967			6
2025.05.27	02:01:00.037	0.83965				2
2025.05.27	02:01:04.394		0.83966			4
2025.05.27	02:01:09.448	0.83964				2
2025.05.27	02:01:13.980	0.83965	0.83967			6
2025.05.27	02:01:21.990	0.83964	0.83966			6
2025.05.27	02:01:27.226	0.83963				2
2025.05.27	02:01:27.933		0.83965			4
2025.05.27	02:01:49.561		0.83964			4
2025.05.27	02:02:00.448	0.83962	0.83965			6
2025.05.27	02:02:00.762	0.83963	0.83966			6
2025.05.27	02:02:02.384	0.83962	0.83965			6
2025.05.27	02:02:02.698	0.83963				2
2025.05.27	02:02:04.102	0.83964	0.83966			6
2025.05.27	02:02:15.608		0.83967			4
2025.05.27	02:02:28.143		0.83966			4
2025.05.27	02:02:28.776	0.83963	0.83965			6
2025.05.27	02:02:30.592		0.83966			4
2025.05.27	02:02:43.349	0.83964				2
2025.05.27	02:03:00.394	0.83964				2
2025.05.27	02:03:32.127		0.83966			4
2025.05.27	02:03:46.171	0.83963				2
2025.05.27	02:03:46.482	0.83964				2
2025.05.27	02:03:46.829		0.83967			4
2025.05.27	02:03:48.388	0.83965				2
2025.05.27	02:03:55.145	0.83963	0.83965			6
2025.05.27	02:03:56.246	0.83962	0.83963			6
2025.05.27	02:03:59.391	0.83961				2
2025.05.27	02:04:00.331	0.83961				2
2025.05.27	02:04:03.455	0.83960				2
2025.05.27	02:04:10.239	0.83961				2
2025.05.27	02:04:18.400	0.83963	0.83965			6
2025.05.27	02:04:19.558	0.83962	0.83964			6
2025.05.27	02:04:19.881	0.83961	0.83963			6
2025.05.27	02:04:20.394	0.83960				2
2025.05.27	02:04:20.861	0.83962	0.83964			6
2025.05.27	02:04:28.515	0.83959	0.83961			6
2025.05.27	02:04:28.817	0.83960	0.83962			6
2025.05.27	02:04:36.050		0.83963			4
2025.05.27	02:04:44.516		0.83962			4
2025.05.27	02:04:53.182		0.83963			4
2025.05.27	02:04:53.498	0.83961				2
2025.05.27	02:04:54.303	0.83960				2
2025.05.27	02:05:00.361	0.83960				2
2025.05.27	02:05:03.887	0.83961				2
2025.05.27	02:05:10.878	0.83963	0.83964			6
2025.05.27	02:05:12.305	0.83962				2
2025.05.27	02:05:21.240		0.83963			4
2025.05.27	02:05:26.480	0.83961				2
2025.05.27	02:05:37.544	0.83960				2
2025.05.27	02:05:38.111	0.83961				2
2025.05.27	02:05:42.606	0.83960				2
2025.05.27	02:06:00.312	0.83960				2
2025.05.27	02:06:03.220	0.83961				2
2025.05.27	02:06:21.286		0.83963			4
2025.05.27	02:06:30.800		0.83964			4
2025.05.27	02:06:42.288	0.83962				2
2025.05.27	02:06:56.850	0.83961				2
2025.05.27	02:07:00.355	0.83961	0.83963			6
2025.05.27	02:07:06.450	0.83962				2
2025.05.27	02:07:20.968		0.83964			4
2025.05.27	02:07:23.150		0.83963			4
2025.05.27	02:07:26.708	0.83961				2
2025.05.27	02:07:28.354	0.83960				2
2025.05.27	02:07:30.759		0.83962			4
2025.05.27	02:07:34.421		0.83963			4
2025.05.27	02:07:36.354	0.83961				2
2025.05.27	02:07:41.768	0.83960				2
2025.05.27	02:07:47.394	0.83961				2
2025.05.27	02:07:53.656	0.83959	0.83961			6
2025.05.27	02:08:01.557	0.83961	0.83962			6
2025.05.27	02:08:16.542	0.83963	0.83965			6
2025.05.27	02:08:16.843		0.83966			4
2025.05.27	02:08:17.147	0.83964				2
2025.05.27	02:08:27.792	0.83962	0.83964			6
2025.05.27	02:08:40.796	0.83963	0.83965			6
2025.05.27	02:08:41.292		0.83964			4
2025.05.27	02:08:41.823	0.83962	0.83965			6
2025.05.27	02:08:42.395	0.83963				2
2025.05.27	02:08:47.650	0.83962	0.83964			6
2025.05.27	02:08:50.093	0.83963	0.83965			6
2025.05.27	02:09:00.436	0.83963				2
2025.05.27	02:09:02.074	0.83962				2
2025.05.27	02:09:10.973		0.83964			4
2025.05.27	02:09:25.587	0.83961	0.83963			6
2025.05.27	02:09:44.911	0.83960				2
2025.05.27	02:09:45.451	0.83961				2
2025.05.27	02:10:00.395	0.83959	0.83960			6
2025.05.27	02:10:02.017	0.83960	0.83962			6
2025.05.27	02:10:02.342		0.83961			4
2025.05.27	02:10:07.357	0.83959				2
2025.05.27	02:10:07.677		0.83960			4
2025.05.27	02:10:08.101	0.83958				2
2025.05.27	02:10:10.374		0.83961			4
2025.05.27	02:10:14.932	0.83959				2
2025.05.27	02:10:17.380		0.83960			4
2025.05.27	02:10:32.277	0.83960	0.83961			6
2025.05.27	02:10:33.467	0.83959	0.83960			6
2025.05.27	02:10:36.603	0.83958	0.83959			6
2025.05.27	02:10:48.722	0.83959	0.83962			6
2025.05.27	02:10:50.348		0.83961			4
2025.05.27	02:10:54.290	0.83960				2
2025.05.27	02:10:56.408	0.83958	0.83959			6
2025.05.27	02:10:59.596		0.83960			4
2025.05.27	02:11:00.352	0.83958				2
2025.05.27	02:11:01.011	0.83959				2
2025.05.27	02:11:02.631	0.83961	0.83963			6
2025.05.27	02:11:02.937		0.83962			4
2025.05.27	02:11:03.375		0.83963			4
2025.05.27	02:11:03.677		0.83962			4
2025.05.27	02:11:04.402	0.83960				2
2025.05.27	02:11:12.314	0.83961	0.83963			6
2025.05.27	02:11:13.310	0.83960	0.83962			6
2025.05.27	02:11:14.042	0.83959				2
2025.05.27	02:11:20.809		0.83961			4
2025.05.27	02:11:22.868	0.83960				2
2025.05.27	02:11:32.610		0.83962			4
2025.05.27	02:11:34.865		0.83961			4
2025.05.27	02:11:42.936		0.83962			4
2025.05.27	02:11:58.403	0.83961	0.83963			6
2025.05.27	02:12:02.123	0.83961				2
2025.05.27	02:12:21.319	0.83963	0.83965			6
2025.05.27	02:12:23.436		0.83964			4
2025.05.27	02:12:24.734		0.83965			4
2025.05.27	02:12:34.379		0.83964			4
2025.05.27	02:12:40.780	0.83962				2
2025.05.27	02:12:41.130	0.83961				2
2025.05.27	02:12:49.172		0.83963			4
2025.05.27	02:12:53.549	0.83962				2
2025.05.27	02:13:01.427	0.83960				2
2025.05.27	02:13:04.431	0.83961	0.83962			6
2025.05.27	02:13:22.593	0.83963	0.83965			6
2025.05.27	02:13:27.843	0.83962				2
2025.05.27	02:13:30.014		0.83964			4
2025.05.27	02:13:31.224	0.83961	0.83963			6
2025.05.27	02:13:47.261	0.83960	0.83962			6
2025.05.27	02:13:47.722	0.83959				2
2025.05.27	02:13:48.406		0.83961			4
2025.05.27	02:14:02.720	0.83959				2
2025.05.27	02:14:06.007	0.83957	0.83959			6
2025.05.27	02:14:06.324		0.83960			4
2025.05.27	02:14:33.781	0.83959				2
2025.05.27	02:14:34.099	0.83957	0.83959			6
2025.05.27	02:14:36.417	0.83959	0.83960			6
2025.05.27	02:14:58.731	0.83958	0.83959			6
2025.05.27	02:15:00.618	0.83958				2
2025.05.27	02:15:20.072	0.83957				2
2025.05.27	02:15:21.548		0.83958			4
2025.05.27	02:15:26.347		0.83959			4
2025.05.27	02:15:37.891	0.83956	0.83957			6
2025.05.27	02:15:38.201		0.83959			4
2025.05.27	02:15:41.055	0.83957				2
2025.05.27	02:15:44.341	0.83956	0.83958			6
2025.05.27	02:15:47.745	0.83955				2
2025.05.27	02:15:50.606	0.83957	0.83960			6
2025.05.27	02:15:50.918		0.83959			4
2025.05.27	02:16:00.320	0.83957				2
2025.05.27	02:16:11.687	0.83956				2
2025.05.27	02:16:15.076		0.83958			4
2025.05.27	02:16:44.927	0.83957				2
2025.05.27	02:16:45.271	0.83956				2
2025.05.27	02:17:00.493	0.83958	0.83960			6
2025.05.27	02:17:01.533		0.83961			4
2025.05.27	02:17:10.507		0.83960			4
2025.05.27	02:17:29.200	0.83959	0.83961			6
2025.05.27	02:17:29.499		0.83960			4
2025.05.27	02:17:48.567	0.83958				2
2025.05.27	02:17:49.649	0.83960	0.83962			6
2025.05.27	02:17:51.654		0.83961			4
2025.05.27	02:17:59.743		0.83962			4
2025.05.27	02:18:00.079	0.83960	0.83961			6
2025.05.27	02:18:13.615		0.83962			4
2025.05.27	02:18:21.528	0.83961				2
2025.05.27	02:18:22.220	0.83960				2
2025.05.27	02:18:23.127	0.83961				2
2025.05.27	02:18:23.801	0.83960				2
2025.05.27	02:18:26.294	0.83962	0.83963			6
2025.05.27	02:18:26.600	0.83961	0.83962			6
2025.05.27	02:18:27.116		0.83963			4
2025.05.27	02:18:30.363		0.83964			4
2025.05.27	02:18:30.724		0.83963			4
2025.05.27	02:18:31.509		0.83964			4
2025.05.27	02:18:38.076		0.83963			4
2025.05.27	02:18:48.383	0.83962	0.83964			6
2025.05.27	02:18:59.343	0.83961	0.83963			6
2025.05.27	02:18:59.693		0.83964			4
2025.05.27	02:19:00.374	0.83965	0.83966			6
2025.05.27	02:19:00.948		0.83967			4
2025.05.27	02:19:09.772	0.83963	0.83965			6
2025.05.27	02:19:20.735	0.83962				2
2025.05.27	02:19:36.441		0.83964			4
2025.05.27	02:20:00.578	0.83962				2
2025.05.27	02:20:01.981	0.83961				2
2025.05.27	02:20:02.290		0.83963			4
2025.05.27	02:20:05.818	0.83960	0.83962			6
2025.05.27	02:20:06.363		0.83961			4
2025.05.27	02:20:06.748		0.83962			4
2025.05.27	02:20:07.370	0.83959	0.83961			6
2025.05.27	02:20:07.779		0.83962			4
2025.05.27	02:20:08.085	0.83960				2
2025.05.27	02:20:10.001	0.83959				2
2025.05.27	02:20:18.679	0.83963	0.83965			6
2025.05.27	02:20:45.674	0.83962	0.83964			6
2025.05.27	02:20:56.422	0.83963				2
2025.05.27	02:21:02.536	0.83962	0.83965			6
2025.05.27	02:21:03.093		0.83964			4
2025.05.27	02:21:11.953		0.83965			4
2025.05.27	02:21:12.275		0.83964			4
2025.05.27	02:21:15.168		0.83965			4
2025.05.27	02:21:21.642	0.83963				2
2025.05.27	02:21:36.065	0.83962	0.83964			6
2025.05.27	02:21:48.291	0.83961	0.83963			6
2025.05.27	02:21:52.516		0.83964			4
2025.05.27	02:21:56.788		0.83963			4
2025.05.27	02:22:00.379	0.83962	0.83965			6
2025.05.27	02:22:01.386		0.83964			4
2025.05.27	02:22:09.717	0.83963	0.83965			6
2025.05.27	02:22:10.232	0.83964	0.83966			6
2025.05.27	02:22:33.185	0.83963	0.83965			6
2025.05.27	02:23:00.436	0.83963	0.83966			6
2025.05.27	02:23:25.398		0.83965			4
2025.05.27	02:24:00.420	0.83963				2
2025.05.27	02:24:07.190	0.83962				2
2025.05.27	02:24:27.461		0.83964			4
2025.05.27	02:24:33.709	0.83961				2
2025.05.27	02:24:42.289	0.83962				2
2025.05.27	02:24:44.549	0.83961				2
2025.05.27	02:24:45.693	0.83962				2
2025.05.27	02:24:50.382		0.83963			4
2025.05.27	02:25:00.568	0.83962	0.83964			6
2025.05.27	02:25:09.782	0.83959	0.83962			6
2025.05.27	02:25:10.349		0.83961			4
2025.05.27	02:25:12.436	0.83958				2
2025.05.27	02:25:25.575		0.83959			4
2025.05.27	02:25:27.378		0.83961			4
2025.05.27	02:25:34.891	0.83959				2
2025.05.27	02:25:38.736	0.83961	0.83964			6
2025.05.27	02:25:39.278	0.83959	0.83961			6
2025.05.27	02:25:40.226	0.83958	0.83960			6
2025.05.27	02:26:00.578	0.83958	0.83959			6
2025.05.27	02:26:09.448		0.83960			4
2025.05.27	02:26:17.835	0.83954	0.83956			6
2025.05.27	02:26:18.143		0.83957			4
2025.05.27	02:26:18.449		0.83956			4
2025.05.27	02:26:23.694	0.83956	0.83958			6
2025.05.27	02:26:30.309	0.83958	0.83959			6
2025.05.27	02:26:31.240		0.83960			4
2025.05.27	02:26:34.948	0.83959	0.83961			6
2025.05.27	02:26:35.726		0.83960			4
2025.05.27	02:27:02.125	0.83959				2
2025.05.27	02:27:07.503	0.83958				2
2025.05.27	02:27:35.758		0.83960			4
2025.05.27	02:27:56.221	0.83959				2
2025.05.27	02:28:00.449	0.83959				2
2025.05.27	02:28:08.841		0.83961			4
2025.05.27	02:28:10.368	0.83958	0.83960			6
2025.05.27	02:28:10.681		0.83959			4
2025.05.27	02:28:11.171		0.83960			4
2025.05.27	02:28:16.346		0.83959			4
2025.05.27	02:28:24.056	0.83956				2
2025.05.27	02:28:26.719	0.83957	0.83960			6
2025.05.27	02:28:38.007	0.83958				2
2025.05.27	02:28:40.385	0.83956	0.83958			6
2025.05.27	02:28:40.925	0.83958	0.83960			6
2025.05.27	02:28:43.169	0.83957				2
2025.05.27	02:29:00.605	0.83957				2
2025.05.27	02:29:12.929	0.83958				2
2025.05.27	02:29:22.517	0.83955	0.83956			6
2025.05.27	02:29:29.065	0.83958	0.83960			6
2025.05.27	02:29:30.250	0.83956	0.83958			6
2025.05.27	02:29:40.634	0.83958	0.83959			6
2025.05.27	02:29:40.950		0.83960			4
2025.05.27	02:29:43.086		0.83961			4
2025.05.27	02:29:45.773		0.83960			4
2025.05.27	02:29:48.935	0.83957	0.83959			6
2025.05.27	02:30:02.871	0.83957				2
2025.05.27	02:30:12.027	0.83958				2
2025.05.27	02:30:34.168	0.83957				2
2025.05.27	02:30:41.856	0.83955	0.83957			6
2025.05.27	02:31:01.049	0.83956				2
2025.05.27	02:31:01.385		0.83958			4
2025.05.27	02:31:02.438		0.83957			4
2025.05.27	02:31:06.337		0.83958			4
2025.05.27	02:31:06.872	0.83957				2
2025.05.27	02:31:32.817	0.83958	0.83959			6
2025.05.27	02:31:48.651		0.83960			4
2025.05.27	02:32:00.457	0.83958				2
2025.05.27	02:32:04.571		0.83961			4
2025.05.27	02:32:11.730		0.83960			4
2025.05.27	02:32:15.107		0.83961			4
2025.05.27	02:32:19.527		0.83960			4
2025.05.27	02:32:39.018	0.83957	0.83959			6
2025.05.27	02:32:52.620		0.83960			4
2025.05.27	02:32:57.541	0.83958				2
2025.05.27	02:33:03.053	0.83958				2
2025.05.27	02:33:09.369		0.83961			4
2025.05.27	02:33:10.101		0.83960			4
2025.05.27	02:33:26.685	0.83959	0.83961			6
2025.05.27	02:33:28.446	0.83958				2
2025.05.27	02:33:34.157	0.83959				2
2025.05.27	02:33:39.450		0.83960			4
2025.05.27	02:33:55.358	0.83958				2
2025.05.27	02:34:01.408	0.83958				2
2025.05.27	02:34:09.450		0.83959			4
2025.05.27	02:34:10.952	0.83957				2
2025.05.27	02:34:14.986	0.83955	0.83956			6
2025.05.27	02:34:16.500		0.83957			4
2025.05.27	02:34:20.469	0.83954				2
2025.05.27	02:34:21.384	0.83955				2
2025.05.27	02:34:34.392	0.83956				2
2025.05.27	02:34:35.107		0.83958			4
2025.05.27	02:34:36.349	0.83955	0.83957			6
2025.05.27	02:34:36.661	0.83956	0.83958			6
2025.05.27	02:34:43.091		0.83959			4
2025.05.27	02:34:44.778		0.83957			4
2025.05.27	02:34:45.097	0.83957	0.83958			6
2025.05.27	02:34:53.849	0.83956				2
2025.05.27	02:35:00.523	0.83957				2
2025.05.27	02:35:09.448	0.83955				2
2025.05.27	02:35:09.760	0.83954	0.83957			6
2025.05.27	02:35:10.160	0.83955				2
2025.05.27	02:35:10.473		0.83956			4
2025.05.27	02:36:02.349	0.83955				2
2025.05.27	02:36:09.197		0.83957			4
2025.05.27	02:36:10.867	0.83954	0.83955			6
2025.05.27	02:36:46.311	0.83955	0.83956			6
2025.05.27	02:36:51.096		0.83957			4
2025.05.27	02:37:00.453	0.83955				2
2025.05.27	02:37:09.449		0.83956			4
2025.05.27	02:37:12.829	0.83956	0.83957			6
2025.05.27	02:37:27.773	0.83954	0.83956			6
2025.05.27	02:37:31.340	0.83953	0.83955			6
2025.05.27	02:37:31.646		0.83954			4
2025.05.27	02:38:00.329	0.83953				2
2025.05.27	02:38:32.112		0.83954			4
2025.05.27	02:38:37.260	0.83954	0.83955			6
2025.05.27	02:38:51.127	0.83953				2
2025.05.27	02:38:55.945		0.83954			4
2025.05.27	02:39:00.396	0.83953	0.83955			6
2025.05.27	02:39:05.030		0.83956			4
2025.05.27	02:39:05.400	0.83954				2
2025.05.27	02:39:05.886	0.83953				2
2025.05.27	02:39:09.378		0.83955			4
2025.05.27	02:39:25.426	0.83952				2
2025.05.27	02:39:29.713	0.83953				2
2025.05.27	02:39:43.117	0.83954				2
2025.05.27	02:39:53.545	0.83953				2
2025.05.27	02:39:56.596		0.83954			4
2025.05.27	02:40:01.994	0.83953				2
2025.05.27	02:40:02.377	0.83954	0.83955			6
2025.05.27	02:40:06.795	0.83955	0.83956			6
2025.05.27	02:41:00.235	0.83955				2
2025.05.27	02:41:02.348	0.83954				2
2025.05.27	02:41:05.232	0.83955				2
2025.05.27	02:41:08.350		0.83956			4
2025.05.27	02:41:22.202	0.83954	0.83957			6
2025.05.27	02:41:27.449		0.83956			4
2025.05.27	02:41:54.120	0.83955	0.83957			6
2025.05.27	02:41:57.449		0.83956			4
2025.05.27	02:42:00.340	0.83955	0.83957			6
2025.05.27	02:42:10.527	0.83954	0.83956			6
2025.05.27	02:42:10.887		0.83955			4
2025.05.27	02:42:24.520		0.83956			4
2025.05.27	02:42:25.470	0.83955				2
2025.05.27	02:43:00.318	0.83955				2
2025.05.27	02:43:31.753		0.83957			4
2025.05.27	02:43:32.362		0.83956			4
2025.05.27	02:43:45.935	0.83954	0.83955			6
2025.05.27	02:43:46.838	0.83955	0.83956			6
2025.05.27	02:43:47.300	0.83956	0.83957			6
2025.05.27	02:43:47.841	0.83957	0.83958			6
2025.05.27	02:43:49.188	0.83959	0.83960			6
2025.05.27	02:43:49.500	0.83958	0.83959			6
2025.05.27	02:43:49.822		0.83960			4
2025.05.27	02:43:53.273		0.83959			4
2025.05.27	02:43:57.448		0.83960			4
2025.05.27	02:44:00.045	0.83958	0.83959			6
2025.05.27	02:44:02.628	0.83957				2
2025.05.27	02:44:02.930	0.83958	0.83960			6
2025.05.27	02:44:07.977		0.83959			4
2025.05.27	02:44:29.059		0.83961			4
2025.05.27	02:44:32.621		0.83959			4
2025.05.27	02:44:35.535	0.83957				2
2025.05.27	02:44:39.760	0.83959	0.83960			6
2025.05.27	02:44:43.717	0.83958	0.83959			6
2025.05.27	02:44:46.099	0.83959	0.83960			6
2025.05.27	02:44:47.704	0.83960	0.83961			6
2025.05.27	02:44:48.108	0.83961	0.83962			6
2025.05.27	02:44:49.115	0.83962	0.83963			6
2025.05.27	02:44:50.316	0.83961				2
2025.05.27	02:44:50.848		0.83962			4
2025.05.27	02:44:53.864	0.83960	0.83961			6
2025.05.27	02:44:54.177	0.83959				2
2025.05.27	02:44:57.382		0.83960			4
2025.05.27	02:45:00.361	0.83959				2
2025.05.27	02:45:10.420	0.83958				2
2025.05.27	02:45:10.738	0.83959				2
2025.05.27	02:45:11.478	0.83960	0.83961			6
2025.05.27	02:45:14.333		0.83962			4
2025.05.27	02:45:16.084		0.83961			4
2025.05.27	02:45:26.281		0.83962			4
2025.05.27	02:45:30.306	0.83959	0.83961			6
2025.05.27	02:45:31.853	0.83960				2
2025.05.27	02:45:42.450		0.83962			4
2025.05.27	02:45:51.463	0.83961				2
2025.05.27	02:45:56.071	0.83965	0.83966			6
2025.05.27	02:45:56.376	0.83969	0.83970			6
2025.05.27	02:45:57.261	0.83967	0.83969			6
2025.05.27	02:45:57.562	0.83966	0.83968			6
2025.05.27	02:46:00.351	0.83966				2
2025.05.27	02:46:04.721	0.83965				2
2025.05.27	02:46:06.181		0.83967			4
2025.05.27	02:46:07.256	0.83964				2
2025.05.27	02:46:10.670	0.83965				2
2025.05.27	02:46:12.506	0.83966	0.83968			6
2025.05.27	02:46:13.810	0.83965				2
2025.05.27	02:46:17.187		0.83967			4
2025.05.27	02:46:18.416	0.83964	0.83966			6
2025.05.27	02:46:27.620	0.83965	0.83967			6
2025.05.27	02:46:34.932		0.83968			4
2025.05.27	02:46:49.170	0.83966				2
2025.05.27	02:46:51.581	0.83967	0.83969			6
2025.05.27	02:46:52.250		0.83970			4
2025.05.27	02:47:00.366	0.83967				2
2025.05.27	02:47:01.601	0.83965	0.83967			6
2025.05.27	02:47:01.909	0.83964	0.83965			6
2025.05.27	02:47:02.667	0.83961	0.83964			6
2025.05.27	02:47:14.136	0.83962				2
2025.05.27	02:47:20.812	0.83964	0.83965			6
2025.05.27	02:47:21.303		0.83966			4
2025.05.27	02:47:28.456	0.83963				2
2025.05.27	02:47:30.429		0.83965			4
2025.05.27	02:47:39.260	0.83964				2
2025.05.27	02:47:39.581		0.83966			4
2025.05.27	02:48:00.354	0.83964				2
2025.05.27	02:48:16.102	0.83963	0.83965			6
2025.05.27	02:48:18.667	0.83964	0.83966			6
2025.05.27	02:48:56.202		0.83965			4
2025.05.27	02:49:00.244	0.83964				2
2025.05.27	02:49:28.312	0.83960	0.83963			6
2025.05.27	02:49:28.620		0.83962			4
2025.05.27	02:49:29.911	0.83959	0.83961			6
2025.05.27	02:49:42.775	0.83960	0.83962			6
2025.05.27	02:49:47.406	0.83961				2
2025.05.27	02:49:48.613		0.83963			4
2025.05.27	02:50:00.078	0.83961				2
2025.05.27	02:50:08.874		0.83962			4
2025.05.27	02:50:18.027	0.83959	0.83961			6
2025.05.27	02:50:19.077	0.83958	0.83960			6
2025.05.27	02:50:21.148		0.83961			4
2025.05.27	02:50:22.348		0.83960			4
2025.05.27	02:50:28.216		0.83961			4
2025.05.27	02:50:28.701	0.83959	0.83960			6
2025.05.27	02:50:47.232	0.83958				2
2025.05.27	02:50:52.880	0.83957	0.83959			6
2025.05.27	02:50:53.426	0.83955	0.83957			6
2025.05.27	02:50:56.957	0.83953	0.83956			6
2025.05.27	02:50:57.263		0.83954			4
2025.05.27	02:51:00.641	0.83953				2
2025.05.27	02:51:11.253		0.83955			4
2025.05.27	02:51:12.139		0.83954			4
2025.05.27	02:51:15.269	0.83952				2
2025.05.27	02:51:21.477	0.83951	0.83953			6
2025.05.27	02:51:21.810	0.83952				2
2025.05.27	02:51:22.999	0.83950	0.83952			6
2025.05.27	02:51:26.770	0.83951				2
2025.05.27	02:52:00.355	0.83952	0.83953			6
2025.05.27	02:52:03.482	0.83951				2
2025.05.27	02:52:20.349		0.83952			4
2025.05.27	02:52:24.212	0.83952	0.83953			6
2025.05.27	02:52:28.055	0.83953	0.83954			6
2025.05.27	02:52:29.540	0.83952	0.83953			6
2025.05.27	02:52:31.945	0.83951	0.83952			6
2025.05.27	02:52:36.587	0.83950				2
2025.05.27	02:52:36.897		0.83951			4
2025.05.27	02:52:41.233	0.83949				2
2025.05.27	02:52:42.376	0.83948				2
2025.05.27	02:52:48.110	0.83949	0.83950			6
2025.05.27	02:52:51.450		0.83951			4
2025.05.27	02:52:53.919	0.83948	0.83950			6
2025.05.27	02:52:55.206	0.83949				2
2025.05.27	02:52:56.449	0.83948				2
2025.05.27	02:53:03.309	0.83948				2
2025.05.27	02:53:09.204		0.83951			4
2025.05.27	02:53:12.291		0.83950			4
2025.05.27	02:53:14.121	0.83947				2
2025.05.27	02:53:15.790		0.83949			4
2025.05.27	02:53:16.459	0.83949	0.83951			6
2025.05.27	02:53:16.821		0.83950			4
2025.05.27	02:53:21.661	0.83951	0.83952			6
2025.05.27	02:53:22.345	0.83950				2
2025.05.27	02:53:36.397		0.83951			4
2025.05.27	02:53:40.947		0.83952			4
2025.05.27	02:53:45.789		0.83951			4
2025.05.27	02:53:46.094		0.83952			4
2025.05.27	02:53:51.454		0.83951			4
2025.05.27	02:53:57.291		0.83952			4
2025.05.27	02:53:58.490		0.83951			4
2025.05.27	02:54:00.302	0.83949				2
2025.05.27	02:54:08.068	0.83950				2
2025.05.27	02:54:09.761		0.83952			4
2025.05.27	02:54:14.710		0.83951			4
2025.05.27	02:54:31.360		0.83952			4
2025.05.27	02:55:00.569	0.83950				2
2025.05.27	02:55:14.725	0.83952	0.83953			6
2025.05.27	02:55:16.517	0.83951	0.83952			6
2025.05.27	02:56:00.474	0.83952	0.83953			6
2025.05.27	02:56:01.325	0.83954	0.83956			6
2025.05.27	02:56:02.350	0.83953	0.83955			6
2025.05.27	02:56:11.802	0.83952	0.83954			6
2025.05.27	02:56:12.793		0.83955			4
2025.05.27	02:56:35.642	0.83951	0.83953			6
2025.05.27	02:56:35.956	0.83954	0.83956			6
2025.05.27	02:56:36.258	0.83955	0.83957			6
2025.05.27	02:56:38.709		0.83956			4
2025.05.27	02:56:42.357	0.83954	0.83955			6
2025.05.27	02:56:42.659	0.83953				2
2025.05.27	02:56:43.993		0.83956			4
2025.05.27	02:56:46.178		0.83955			4
2025.05.27	02:56:46.737	0.83952				2
2025.05.27	02:56:49.835	0.83953				2
2025.05.27	02:56:54.702	0.83950	0.83951			6
2025.05.27	02:56:55.735	0.83949				2
2025.05.27	02:56:56.807	0.83950				2
2025.05.27	02:56:57.294	0.83949				2
2025.05.27	02:57:00.497	0.83949				2
2025.05.27	02:57:02.649	0.83950				2
2025.05.27	02:57:03.390	0.83949				2
2025.05.27	02:57:06.810		0.83952			4
2025.05.27	02:57:11.794	0.83950				2
2025.05.27	02:57:15.483	0.83951	0.83953			6
2025.05.27	02:57:15.882	0.83953	0.83954			6
2025.05.27	02:57:23.798		0.83955			4
2025.05.27	02:57:32.406	0.83954	0.83956			6
2025.05.27	02:57:33.621		0.83957			4
2025.05.27	02:57:35.711		0.83956			4
2025.05.27	02:57:36.020	0.83953				2
2025.05.27	02:57:36.346	0.83952	0.83955			6
2025.05.27	02:57:42.449		0.83954			4
2025.05.27	02:57:44.674		0.83955			4
2025.05.27	02:57:46.385	0.83953				2
2025.05.27	02:57:56.395		0.83956			4
2025.05.27	02:57:57.681		0.83955			4
2025.05.27	02:58:01.365	0.83953				2
2025.05.27	02:58:04.744	0.83951	0.83953			6
2025.05.27	02:58:14.399	0.83952				2
2025.05.27	02:58:19.587	0.83951				2
2025.05.27	02:58:20.054	0.83952	0.83954			6
2025.05.27	02:58:20.386		0.83955			4
2025.05.27	02:58:21.656	0.83953				2
2025.05.27	02:58:23.593	0.83952	0.83954			6
2025.05.27	02:58:33.296	0.83953				2
2025.05.27	02:58:35.829	0.83951	0.83953			6
2025.05.27	02:58:36.148	0.83950	0.83952			6
2025.05.27	02:58:50.534		0.83953			4
2025.05.27	02:58:55.325	0.83953	0.83955			6
2025.05.27	02:58:55.641	0.83954	0.83956			6
2025.05.27	02:59:00.473	0.83954	0.83955			6
2025.05.27	02:59:00.792	0.83955	0.83957			6
2025.05.27	02:59:03.416		0.83956			4
2025.05.27	02:59:06.928	0.83954	0.83955			6
2025.05.27	02:59:14.190	0.83955	0.83956			6
2025.05.27	02:59:30.539		0.83957			4
2025.05.27	02:59:33.353		0.83956			4
2025.05.27	02:59:33.695	0.83954				2
2025.05.27	02:59:34.289		0.83955			4
2025.05.27	03:00:00.368	0.83953	0.83954			6
2025.05.27	03:00:02.891	0.83952				2
2025.05.27	03:00:04.191	0.83953				2
2025.05.27	03:00:07.202	0.83950	0.83952			6
2025.05.27	03:00:07.522		0.83951			4
2025.05.27	03:00:07.847	0.83949				2
2025.05.27	03:00:09.011	0.83953	0.83955			6
2025.05.27	03:00:09.352	0.83952	0.83954			6
2025.05.27	03:00:09.790	0.83953	0.83955			6
2025.05.27	03:00:10.876	0.83952	0.83954			6
2025.05.27	03:00:11.500		0.83955			4
2025.05.27	03:00:11.974	0.83953				2
2025.05.27	03:00:14.349	0.83954	0.83956			6
2025.05.27	03:00:14.658	0.83955				2
2025.05.27	03:00:15.346	0.83954				2
2025.05.27	03:00:15.659	0.83955				2
2025.05.27	03:00:17.517	0.83954				2
2025.05.27	03:00:17.821	0.83955	0.83957			6
2025.05.27	03:00:21.996	0.83956				2
2025.05.27	03:00:22.298	0.83955				2
2025.05.27	03:00:24.769	0.83954				2
2025.05.27	03:00:26.137		0.83956			4
2025.05.27	03:00:30.378	0.83950	0.83953			6
2025.05.27	03:00:31.280		0.83951			4
2025.05.27	03:00:37.855	0.83948	0.83949			6
2025.05.27	03:00:38.290	0.83944	0.83946			6
2025.05.27	03:00:39.372		0.83945			4
2025.05.27	03:00:40.877		0.83946			4
2025.05.27	03:00:41.454		0.83945			4
2025.05.27	03:00:44.039	0.83945	0.83946			6
2025.05.27	03:00:45.289	0.83944	0.83945			6
2025.05.27	03:00:57.106		0.83946			4
2025.05.27	03:00:57.422	0.83946	0.83948			6
2025.05.27	03:00:57.989	0.83945	0.83947			6
2025.05.27	03:00:58.299		0.83946			4
2025.05.27	03:01:00.316	0.83945				2
2025.05.27	03:01:01.425	0.83946	0.83948			6
2025.05.27	03:01:02.369		0.83947			4
2025.05.27	03:01:02.859	0.83945	0.83946			6
2025.05.27	03:01:03.846	0.83946	0.83947			6
2025.05.27	03:01:04.163	0.83944	0.83945			6
2025.05.27	03:01:05.559	0.83945	0.83946			6
2025.05.27	03:01:11.193		0.83947			4
2025.05.27	03:01:12.345		0.83946			4
2025.05.27	03:01:15.208		0.83947			4
2025.05.27	03:01:17.555	0.83949	0.83950			6
2025.05.27	03:01:17.858		0.83951			4
2025.05.27	03:01:25.616		0.83950			4
2025.05.27	03:01:29.377	0.83948				2
2025.05.27	03:01:31.220	0.83949				2
2025.05.27	03:01:32.217	0.83946	0.83948			6
2025.05.27	03:01:33.522		0.83947			4
2025.05.27	03:01:35.257	0.83945	0.83946			6
2025.05.27	03:01:36.317		0.83947			4
2025.05.27	03:01:38.273		0.83946			4
2025.05.27	03:01:39.138		0.83947			4
2025.05.27	03:01:40.947		0.83946			4
2025.05.27	03:01:41.250	0.83944				2
2025.05.27	03:01:42.342		0.83947			4
2025.05.27	03:01:44.524		0.83946			4
2025.05.27	03:01:58.177	0.83943				2
2025.05.27	03:02:00.313	0.83944				2
2025.05.27	03:02:01.570	0.83948	0.83950			6
2025.05.27	03:02:02.375	0.83946	0.83947			6
2025.05.27	03:02:03.797	0.83944	0.83946			6
2025.05.27	03:02:04.913		0.83945			4
2025.05.27	03:02:06.850	0.83945	0.83946			6
2025.05.27	03:02:07.916	0.83946	0.83947			6
2025.05.27	03:02:11.053		0.83948			4
2025.05.27	03:02:13.512		0.83947			4
2025.05.27	03:02:14.025		0.83948			4
2025.05.27	03:02:17.106	0.83948	0.83950			6
2025.05.27	03:02:17.861	0.83946	0.83948			6
2025.05.27	03:02:18.257	0.83945	0.83947			6
2025.05.27	03:02:18.966		0.83946			4
2025.05.27	03:02:23.257	0.83943	0.83945			6
2025.05.27	03:02:25.400		0.83944			4
2025.05.27	03:02:25.984	0.83942				2
2025.05.27	03:02:26.376	0.83943	0.83945			6
2025.05.27	03:02:28.958		0.83944			4
2025.05.27	03:02:34.609	0.83942				2
2025.05.27	03:02:34.937	0.83943	0.83945			6
2025.05.27	03:02:36.801	0.83944				2
2025.05.27	03:02:38.997	0.83946	0.83947			6
2025.05.27	03:02:39.298	0.83945	0.83946			6
2025.05.27	03:02:39.601	0.83944	0.83945			6
2025.05.27	03:02:39.917	0.83947	0.83948			6
2025.05.27	03:02:40.219	0.83948	0.83949			6
2025.05.27	03:02:40.528	0.83949	0.83950			6
2025.05.27	03:02:41.668	0.83950	0.83951			6
2025.05.27	03:02:41.980	0.83951	0.83952			6
2025.05.27	03:02:48.049	0.83950	0.83951			6
2025.05.27	03:02:55.604	0.83951	0.83952			6
2025.05.27	03:03:00.522	0.83951				2
2025.05.27	03:03:06.416	0.83952	0.83953			6
2025.05.27	03:03:09.449	0.83954	0.83955			6
2025.05.27	03:03:10.592	0.83955	0.83956			6
2025.05.27	03:03:10.899	0.83956	0.83957			6
2025.05.27	03:03:11.218	0.83955	0.83956			6
2025.05.27	03:03:18.337	0.83956	0.83957			6
2025.05.27	03:03:18.639	0.83955	0.83956			6
2025.05.27	03:03:19.408	0.83956	0.83957			6
2025.05.27	03:03:21.476	0.83959	0.83960			6
2025.05.27	03:03:21.820	0.83956	0.83957			6
2025.05.27	03:03:25.687	0.83955	0.83956			6
2025.05.27	03:03:29.550	0.83954	0.83955			6
2025.05.27	03:03:30.360	0.83955	0.83956			6
2025.05.27	03:03:31.147	0.83954	0.83955			6
2025.05.27	03:03:32.372	0.83955	0.83956			6
2025.05.27	03:03:33.541	0.83954	0.83955			6
2025.05.27	03:03:38.717	0.83955	0.83956			6
2025.05.27	03:03:39.079	0.83954	0.83955			6
2025.05.27	03:03:40.685	0.83955	0.83956			6
2025.05.27	03:03:41.673	0.83951	0.83952			6
2025.05.27	03:03:43.503	0.83952	0.83953			6
2025.05.27	03:03:46.662	0.83953	0.83954			6
2025.05.27	03:03:48.248	0.83951	0.83952			6
2025.05.27	03:03:48.557	0.83952	0.83953			6
2025.05.27	03:03:49.976	0.83953	0.83954			6
2025.05.27	03:03:50.357	0.83952	0.83953			6
2025.05.27	03:03:52.254	0.83954	0.83955			6
2025.05.27	03:03:56.607	0.83953	0.83954			6
2025.05.27	03:03:57.396	0.83954	0.83955			6
2025.05.27	03:04:00.434	0.83954				2
2025.05.27	03:04:01.355	0.83952	0.83954			6
2025.05.27	03:04:01.659	0.83951	0.83953			6
2025.05.27	03:04:01.963		0.83952			4
2025.05.27	03:04:02.320		0.83953			4
2025.05.27	03:04:03.150		0.83952			4
2025.05.27	03:04:05.820	0.83949	0.83950			6
2025.05.27	03:04:07.126		0.83951			4
2025.05.27	03:04:13.247		0.83950			4
2025.05.27	03:04:16.691		0.83951			4
2025.05.27	03:04:17.812		0.83950			4
2025.05.27	03:04:18.926	0.83948				2
2025.05.27	03:04:22.545	0.83949	0.83951			6
2025.05.27	03:04:35.191		0.83950			4
2025.05.27	03:04:42.948	0.83947	0.83948			6
2025.05.27	03:04:45.393	0.83949	0.83950			6
2025.05.27	03:04:47.537	0.83950	0.83951			6
2025.05.27	03:04:50.096	0.83949	0.83950			6
2025.05.27	03:04:50.398		0.83951			4
2025.05.27	03:04:50.698	0.83948	0.83950			6
2025.05.27	03:05:00.469	0.83947	0.83949			6
2025.05.27	03:05:01.759		0.83950			4
2025.05.27	03:05:02.347		0.83949			4
2025.05.27	03:05:03.140	0.83948				2
2025.05.27	03:05:04.445		0.83950			4
2025.05.27	03:05:06.195		0.83949			4
2025.05.27	03:05:06.936	0.83947				2
2025.05.27	03:05:08.880		0.83948			4
2025.05.27	03:05:09.665	0.83948	0.83949			6
2025.05.27	03:05:10.510	0.83947				2
2025.05.27	03:05:10.828		0.83948			4
2025.05.27	03:05:11.158	0.83948	0.83949			6
2025.05.27	03:05:16.291	0.83945	0.83947			6
2025.05.27	03:05:18.953	0.83947	0.83950			6
2025.05.27	03:05:19.262	0.83948				2
2025.05.27	03:05:19.597	0.83949	0.83951			6
2025.05.27	03:05:19.898	0.83948	0.83950			6
2025.05.27	03:05:20.246		0.83949			4
2025.05.27	03:05:20.968	0.83950	0.83951			6
2025.05.27	03:05:22.404		0.83952			4
2025.05.27	03:05:23.699		0.83951			4
2025.05.27	03:05:27.499	0.83951	0.83952			6
2025.05.27	03:05:28.426	0.83950				2
2025.05.27	03:05:30.315		0.83951			4
2025.05.27	03:05:30.936		0.83952			4
2025.05.27	03:05:31.291	0.83951				2
2025.05.27	03:05:31.972		0.83953			4
2025.05.27	03:05:39.386	0.83953	0.83955			6
2025.05.27	03:05:39.705	0.83952				2
2025.05.27	03:05:41.400	0.83953				2
2025.05.27	03:05:45.152	0.83952	0.83954			6
2025.05.27	03:05:46.617	0.83951	0.83953			6
2025.05.27	03:05:50.341	0.83950	0.83952			6
2025.05.27	03:05:53.519	0.83949	0.83951			6
2025.05.27	03:05:57.334	0.83950	0.83952			6
2025.05.27	03:05:59.464	0.83949	0.83951			6
2025.05.27	03:06:00.011	0.83949				2
2025.05.27	03:06:00.981	0.83952	0.83955			6
2025.05.27	03:06:02.867		0.83954			4
2025.05.27	03:06:13.335	0.83954	0.83955			6
2025.05.27	03:06:18.236		0.83956			4
2025.05.27	03:06:18.543		0.83955			4
2025.05.27	03:06:18.855	0.83952	0.83954			6
2025.05.27	03:06:19.157		0.83953			4
2025.05.27	03:06:19.498		0.83954			4
2025.05.27	03:06:20.351		0.83955			4
2025.05.27	03:06:20.872	0.83953				2
2025.05.27	03:06:26.015	0.83952	0.83953			6
2025.05.27	03:06:27.046	0.83953	0.83954			6
2025.05.27	03:06:28.527	0.83955	0.83957			6
2025.05.27	03:06:28.840	0.83956	0.83958			6
2025.05.27	03:06:33.178	0.83959	0.83961			6
2025.05.27	03:06:35.123	0.83960				2
2025.05.27	03:06:36.670	0.83961	0.83962			6
2025.05.27	03:06:38.824	0.83960	0.83961			6
2025.05.27	03:06:41.526	0.83961	0.83962			6
2025.05.27	03:06:48.632	0.83959	0.83961			6
2025.05.27	03:06:52.180		0.83960			4
2025.05.27	03:06:52.756		0.83961			4
2025.05.27	03:06:54.941	0.83961	0.83962			6
2025.05.27	03:06:59.393	0.83962	0.83963			6
2025.05.27	03:07:00.186	0.83961	0.83962			6
2025.05.27	03:07:01.435	0.83960	0.83961			6
2025.05.27	03:07:06.727	0.83959	0.83960			6
2025.05.27	03:07:10.475	0.83953	0.83956			6
2025.05.27	03:07:11.628	0.83956	0.83958			6
2025.05.27	03:07:11.962	0.83959	0.83960			6
2025.05.27	03:07:14.112	0.83958	0.83959			6
2025.05.27	03:07:14.607		0.83960			4
2025.05.27	03:07:14.956	0.83957	0.83959			6
2025.05.27	03:07:15.444		0.83958			4
2025.05.27	03:07:15.793	0.83956				2
2025.05.27	03:07:16.301		0.83957			4
2025.05.27	03:07:17.219		0.83958			4
2025.05.27	03:07:17.837		0.83957			4
2025.05.27	03:07:20.357	0.83955				2
2025.05.27	03:07:22.393	0.83953	0.83955			6
2025.05.27	03:07:27.446	0.83954				2
2025.05.27	03:07:27.929		0.83956			4
2025.05.27	03:07:32.982	0.83953				2
2025.05.27	03:07:35.175	0.83954				2
2025.05.27	03:07:44.332	0.83955				2
2025.05.27	03:07:44.715	0.83956	0.83958			6
2025.05.27	03:07:52.685	0.83958	0.83959			6
2025.05.27	03:07:53.023	0.83957	0.83958			6
2025.05.27	03:07:53.373	0.83958	0.83959			6
2025.05.27	03:07:55.117	0.83960	0.83961			6
2025.05.27	03:07:55.652		0.83962			4
2025.05.27	03:07:56.341	0.83961				2
2025.05.27	03:07:57.007	0.83960				2
2025.05.27	03:07:59.867		0.83961			4
2025.05.27	03:08:00.473	0.83960	0.83962			6
2025.05.27	03:08:01.526	0.83959				2
2025.05.27	03:08:04.299		0.83961			4
2025.05.27	03:08:09.201	0.83958	0.83960			6
2025.05.27	03:08:10.771	0.83957	0.83959			6
2025.05.27	03:08:12.358	0.83958	0.83960			6
2025.05.27	03:08:12.689	0.83957	0.83959			6
2025.05.27	03:08:13.070	0.83958				2
2025.05.27	03:08:18.864		0.83960			4
2025.05.27	03:08:19.674		0.83959			4
2025.05.27	03:08:20.000	0.83959	0.83961			6
2025.05.27	03:08:20.349	0.83962	0.83963			6
2025.05.27	03:08:20.676	0.83961	0.83962			6
2025.05.27	03:08:23.065	0.83960	0.83961			6
2025.05.27	03:08:29.879	0.83962	0.83963			6
2025.05.27	03:08:30.317	0.83963	0.83964			6
2025.05.27	03:08:31.019	0.83964	0.83965			6
2025.05.27	03:08:31.780	0.83965	0.83966			6
2025.05.27	03:08:32.099	0.83966	0.83967			6
2025.05.27	03:08:32.408	0.83963	0.83964			6
2025.05.27	03:08:32.719	0.83962	0.83963			6
2025.05.27	03:08:33.023	0.83960	0.83962			6
2025.05.27	03:08:33.684	0.83962	0.83964			6
2025.05.27	03:08:36.458	0.83963	0.83965			6
2025.05.27	03:08:37.714		0.83964			4
2025.05.27	03:08:38.355	0.83962				2
2025.05.27	03:08:42.257	0.83964	0.83966			6
2025.05.27	03:08:42.561		0.83967			4
2025.05.27	03:08:43.481		0.83966			4
2025.05.27	03:08:47.611	0.83963	0.83965			6
2025.05.27	03:08:48.314	0.83964				2
2025.05.27	03:08:50.737		0.83966			4
2025.05.27	03:08:51.155		0.83965			4
2025.05.27	03:09:00.288	0.83963				2
2025.05.27	03:09:01.022	0.83964	0.83966			6
2025.05.27	03:09:01.791		0.83965			4
2025.05.27	03:09:06.747	0.83963				2
2025.05.27	03:09:09.484	0.83961	0.83962			6
2025.05.27	03:09:10.317	0.83960	0.83961			6
2025.05.27	03:09:13.698		0.83962			4
2025.05.27	03:09:16.594	0.83963	0.83965			6
2025.05.27	03:09:17.297		0.83964			4
2025.05.27	03:09:20.249	0.83962	0.83963			6
2025.05.27	03:09:20.561	0.83961				2
2025.05.27	03:09:20.906		0.83964			4
2025.05.27	03:09:21.209	0.83963	0.83965			6
2025.05.27	03:09:31.939	0.83964	0.83966			6
2025.05.27	03:09:34.079	0.83962	0.83963			6
2025.05.27	03:09:34.411	0.83960	0.83962			6
2025.05.27	03:09:35.450		0.83961			4
2025.05.27	03:09:37.581	0.83959				2
2025.05.27	03:09:38.896	0.83960				2
2025.05.27	03:09:40.043	0.83959	0.83960			6
2025.05.27	03:09:42.346	0.83960	0.83961			6
2025.05.27	03:09:43.011	0.83959				2
2025.05.27	03:09:44.848		0.83960			4
2025.05.27	03:09:45.510	0.83958	0.83959			6
2025.05.27	03:09:45.881	0.83959	0.83960			6
2025.05.27	03:09:52.355	0.83958	0.83959			6
2025.05.27	03:09:52.683		0.83960			4
2025.05.27	03:09:59.600	0.83960	0.83962			6
2025.05.27	03:10:00.077	0.83960				2
2025.05.27	03:10:03.406	0.83961	0.83963			6
2025.05.27	03:10:04.157	0.83960	0.83962			6
2025.05.27	03:10:04.802	0.83961	0.83963			6
2025.05.27	03:10:05.737		0.83964			4
2025.05.27	03:10:07.698		0.83963			4
2025.05.27	03:10:09.338	0.83962	0.83964			6
2025.05.27	03:10:10.444		0.83965			4
2025.05.27	03:10:10.757		0.83964			4
2025.05.27	03:10:11.089		0.83965			4
2025.05.27	03:10:12.833	0.83963				2
2025.05.27	03:10:15.285	0.83960	0.83962			6
2025.05.27	03:10:15.596		0.83961			4
2025.05.27	03:10:16.351	0.83959	0.83960			6
2025.05.27	03:10:17.265		0.83961			4
2025.05.27	03:10:19.574	0.83958				2
2025.05.27	03:10:20.198	0.83957	0.83959			6
2025.05.27	03:10:20.502	0.83960	0.83963			6
2025.05.27	03:10:22.146	0.83962	0.83965			6
2025.05.27	03:10:24.147	0.83963				2
2025.05.27	03:10:25.846		0.83966			4
2025.05.27	03:10:27.872	0.83964				2
2025.05.27	03:10:28.244	0.83963	0.83965			6
2025.05.27	03:10:36.291	0.83962	0.83964			6
2025.05.27	03:10:38.001	0.83961	0.83962			6
2025.05.27	03:10:40.478	0.83964	0.83966			6
2025.05.27	03:10:45.443	0.83962	0.83964			6
2025.05.27	03:10:46.363		0.83965			4
2025.05.27	03:10:49.420		0.83964			4
2025.05.27	03:10:50.988		0.83965			4
2025.05.27	03:10:55.287		0.83964			4
2025.05.27	03:10:55.801	0.83963	0.83965			6
2025.05.27	03:11:00.488	0.83963				2
2025.05.27	03:11:01.731	0.83964	0.83966			6
2025.05.27	03:11:02.791	0.83963	0.83965			6
2025.05.27	03:11:03.835		0.83966			4
2025.05.27	03:11:08.067	0.83964	0.83965			6
2025.05.27	03:11:08.601		0.83966			4
2025.05.27	03:11:12.756	0.83963	0.83965			6
2025.05.27	03:11:14.881	0.83964	0.83966			6
2025.05.27	03:11:17.124	0.83963	0.83964			6
2025.05.27	03:11:17.440	0.83961	0.83963			6
2025.05.27	03:11:18.169	0.83964	0.83965			6
2025.05.27	03:11:18.901		0.83966			4
2025.05.27	03:11:19.533		0.83965			4
2025.05.27	03:11:19.862	0.83963				2
2025.05.27	03:11:20.160		0.83964			4
2025.05.27	03:11:25.988	0.83964	0.83965			6
2025.05.27	03:11:26.310	0.83965	0.83966			6
2025.05.27	03:11:26.993	0.83964				2
2025.05.27	03:11:30.857	0.83965	0.83967			6
2025.05.27	03:11:32.602		0.83966			4
2025.05.27	03:11:35.251	0.83964				2
2025.05.27	03:11:36.771		0.83965			4
2025.05.27	03:11:37.087	0.83963				2
2025.05.27	03:11:37.402		0.83964			4
2025.05.27	03:11:37.731		0.83965			4
2025.05.27	03:11:38.240		0.83964			4
2025.05.27	03:11:38.550	0.83962	0.83965			6
2025.05.27	03:11:38.933		0.83964			4
2025.05.27	03:11:39.292	0.83961				2
2025.05.27	03:11:39.598		0.83963			4
2025.05.27	03:11:39.983		0.83964			4
2025.05.27	03:11:41.032	0.83963	0.83965			6
2025.05.27	03:11:41.368	0.83964	0.83966			6
2025.05.27	03:11:41.772	0.83963				2
2025.05.27	03:11:47.174		0.83965			4
2025.05.27	03:11:48.937	0.83964	0.83966			6
2025.05.27	03:11:49.336	0.83963	0.83965			6
2025.05.27	03:11:56.566		0.83966			4
2025.05.27	03:12:00.539	0.83963				2
2025.05.27	03:12:04.032		0.83965			4
2025.05.27	03:12:04.476		0.83966			4
2025.05.27	03:12:04.811	0.83964				2
2025.05.27	03:12:05.726	0.83963	0.83965			6
2025.05.27	03:12:13.996	0.83966	0.83967			6
2025.05.27	03:12:14.308	0.83965	0.83966			6
2025.05.27	03:12:14.607	0.83966	0.83967			6
2025.05.27	03:12:15.296	0.83965	0.83966			6
2025.05.27	03:12:17.297		0.83967			4
2025.05.27	03:12:17.598	0.83966				2
2025.05.27	03:12:18.932	0.83965				2
2025.05.27	03:12:21.158	0.83964	0.83966			6
2025.05.27	03:12:21.540		0.83967			4
2025.05.27	03:12:23.086	0.83965				2
2025.05.27	03:12:24.383	0.83964	0.83966			6
2025.05.27	03:12:33.735		0.83965			4
2025.05.27	03:12:36.489	0.83965	0.83967			6
2025.05.27	03:12:38.793	0.83964	0.83966			6
2025.05.27	03:12:43.324	0.83963				2
2025.05.27	03:12:55.223	0.83964				2
2025.05.27	03:12:57.488	0.83963				2
2025.05.27	03:13:00.418	0.83963				2
2025.05.27	03:13:02.592		0.83965			4
2025.05.27	03:13:20.907	0.83961	0.83963			6
2025.05.27	03:13:21.279	0.83963	0.83965			6
2025.05.27	03:13:26.141		0.83966			4
2025.05.27	03:13:28.060		0.83964			4
2025.05.27	03:13:29.577		0.83965			4
2025.05.27	03:13:30.399	0.83958	0.83960			6
2025.05.27	03:13:30.701	0.83959	0.83961			6
2025.05.27	03:13:31.003		0.83962			4
2025.05.27	03:13:31.472	0.83963	0.83964			6
2025.05.27	03:13:31.800		0.83965			4
2025.05.27	03:13:33.643	0.83962				2
2025.05.27	03:13:36.952	0.83963				2
2025.05.27	03:13:39.406	0.83962	0.83964			6
2025.05.27	03:13:39.847		0.83965			4
2025.05.27	03:13:40.742	0.83963				2
2025.05.27	03:13:44.100	0.83964	0.83966			6
2025.05.27	03:13:44.411		0.83967			4
2025.05.27	03:13:45.592	0.83959	0.83962			6
2025.05.27	03:13:45.900	0.83960				2
2025.05.27	03:13:55.389		0.83961			4
2025.05.27	03:13:55.999	0.83959				2
2025.05.27	03:14:00.350	0.83959				2
2025.05.27	03:14:00.708		0.83960			4
2025.05.27	03:14:01.724	0.83960	0.83962			6
2025.05.27	03:14:04.147		0.83961			4
2025.05.27	03:14:07.694	0.83959				2
2025.05.27	03:14:22.449	0.83958				2
2025.05.27	03:14:25.780	0.83959				2
2025.05.27	03:14:26.174	0.83958				2
2025.05.27	03:14:28.430	0.83961	0.83963			6
2025.05.27	03:14:30.004	0.83958	0.83961			6
2025.05.27	03:14:32.291	0.83959				2
2025.05.27	03:14:33.211		0.83960			4
2025.05.27	03:14:34.775	0.83958				2
2025.05.27	03:14:37.416	0.83960	0.83962			6
2025.05.27	03:14:38.103	0.83959	0.83961			6
2025.05.27	03:14:39.240	0.83960	0.83962			6
2025.05.27	03:14:40.208	0.83959	0.83961			6
2025.05.27	03:14:45.489	0.83958	0.83960			6
2025.05.27	03:14:46.305		0.83959			4
2025.05.27	03:14:47.825	0.83959	0.83960			6
2025.05.27	03:14:48.253	0.83958	0.83959			6
2025.05.27	03:14:48.560		0.83960			4
2025.05.27	03:14:51.582	0.83959	0.83961			6
2025.05.27	03:14:53.588		0.83962			4
2025.05.27	03:15:00.526	0.83959				2
2025.05.27	03:15:01.616	0.83960				2
2025.05.27	03:15:02.871	0.83959				2
2025.05.27	03:15:09.038		0.83961			4
2025.05.27	03:15:09.646		0.83962			4
2025.05.27	03:15:17.083	0.83960	0.83961			6
2025.05.27	03:15:17.387		0.83962			4
2025.05.27	03:15:18.924		0.83961			4
2025.05.27	03:15:19.305		0.83962			4
2025.05.27	03:15:20.988	0.83959				2
2025.05.27	03:15:24.140	0.83958	0.83959			6
2025.05.27	03:15:26.651		0.83960			4
2025.05.27	03:15:27.353	0.83959	0.83961			6
2025.05.27	03:15:28.434		0.83960			4
2025.05.27	03:15:29.113		0.83961			4
2025.05.27	03:15:38.373	0.83960	0.83962			6
2025.05.27	03:15:39.314	0.83961	0.83963			6
2025.05.27	03:15:43.150	0.83960	0.83962			6
2025.05.27	03:15:45.455	0.83959				2
2025.05.27	03:15:46.232	0.83960				2
2025.05.27	03:15:47.627	0.83959	0.83960			6
2025.05.27	03:15:48.177	0.83958	0.83959			6
2025.05.27	03:15:50.364	0.83959	0.83961			6
2025.05.27	03:15:53.522	0.83958	0.83960			6
2025.05.27	03:15:55.167	0.83959	0.83961			6
2025.05.27	03:16:00.337	0.83959				2
2025.05.27	03:16:01.678	0.83960	0.83962			6
2025.05.27	03:16:04.973	0.83959	0.83961			6
2025.05.27	03:16:05.703		0.83960			4
2025.05.27	03:16:06.049		0.83961			4
2025.05.27	03:16:10.386		0.83960			4
2025.05.27	03:16:10.783		0.83961			4
2025.05.27	03:16:12.087	0.83960	0.83962			6
2025.05.27	03:16:12.389		0.83961			4
2025.05.27	03:16:13.035	0.83959	0.83960			6
2025.05.27	03:16:15.042	0.83957	0.83959			6
2025.05.27	03:16:15.359	0.83956	0.83958			6
2025.05.27	03:16:17.419	0.83955	0.83957			6
2025.05.27	03:16:17.827	0.83954				2
2025.05.27	03:16:18.330		0.83956			4
2025.05.27	03:16:20.090		0.83957			4
2025.05.27	03:16:20.422		0.83956			4
2025.05.27	03:16:22.052		0.83955			4
2025.05.27	03:16:22.358	0.83955	0.83957			6
2025.05.27	03:16:27.742	0.83954	0.83956			6
2025.05.27	03:16:29.228		0.83955			4
2025.05.27	03:16:33.448	0.83953				2
2025.05.27	03:16:33.764	0.83955	0.83957			6
2025.05.27	03:16:34.454	0.83954				2
2025.05.27	03:16:38.675	0.83955	0.83958			6
2025.05.27	03:16:38.980		0.83957			4
