<DATE>	<TIME>	<BID>	<ASK>	<LAST>	<VOLUME>	<FLAGS>
2025.10.02	00:03:30.860	0.86974	0.87082			6
2025.10.02	00:04:10.932	0.86974				2
2025.10.02	00:04:36.148		0.87082			4
2025.10.02	00:05:00.390	0.86974				2
2025.10.02	00:05:07.336	0.86998				2
2025.10.02	00:05:38.876		0.87082			4
2025.10.02	00:06:00.387	0.86998				2
2025.10.02	00:06:40.402		0.87082			4
2025.10.02	00:07:00.391	0.86998				2
2025.10.02	00:07:50.395		0.87082			4
2025.10.02	00:08:10.927	0.86998				2
2025.10.02	00:08:24.358	0.86976				2
2025.10.02	00:08:54.242		0.87082			4
2025.10.02	00:09:00.358	0.86976				2
2025.10.02	00:09:58.348		0.87082			4
2025.10.02	00:10:00.023	0.86976				2
2025.10.02	00:10:11.352	0.86965	0.87062			6
2025.10.02	00:11:00.237	0.86965				2
2025.10.02	00:11:11.527		0.87062			4
2025.10.02	00:11:11.830	0.86963	0.87118			6
2025.10.02	00:11:17.731	0.86965	0.87062			6
2025.10.02	00:11:18.701	0.86976	0.87082			6
2025.10.02	00:11:24.537	0.86965	0.87062			6
2025.10.02	00:11:25.177	0.86976	0.87082			6
2025.10.02	00:11:31.188	0.86965	0.87062			6
2025.10.02	00:11:31.805	0.86976	0.87082			6
2025.10.02	00:12:00.324	0.86976				2
2025.10.02	00:12:32.081		0.87082			4
2025.10.02	00:13:00.102	0.86976				2
2025.10.02	00:13:22.106		0.87080			4
2025.10.02	00:14:02.348	0.86976				2
2025.10.02	00:14:22.480		0.87080			4
2025.10.02	00:15:00.282	0.86976				2
2025.10.02	00:15:12.653		0.87069			4
2025.10.02	00:15:41.871		0.87081			4
2025.10.02	00:15:43.182		0.87080			4
2025.10.02	00:15:44.604		0.87076			4
2025.10.02	00:15:56.037		0.87075			4
2025.10.02	00:15:57.213		0.87076			4
2025.10.02	00:16:00.322	0.86976	0.87074			6
2025.10.02	00:16:03.569		0.87069			4
2025.10.02	00:16:24.362	0.86975				2
2025.10.02	00:17:00.360	0.86975				2
2025.10.02	00:17:03.580		0.87069			4
2025.10.02	00:18:00.580	0.86975				2
2025.10.02	00:18:05.209		0.87069			4
2025.10.02	00:19:04.479	0.86975				2
2025.10.02	00:19:05.980		0.87069			4
2025.10.02	00:20:00.284	0.86975				2
2025.10.02	00:20:06.150		0.87069			4
2025.10.02	00:21:00.425	0.86975				2
2025.10.02	00:21:06.281		0.87069			4
2025.10.02	00:22:00.931	0.86975				2
2025.10.02	00:22:06.581		0.87069			4
2025.10.02	00:22:29.417		0.87074			4
2025.10.02	00:22:32.080		0.87072			4
2025.10.02	00:22:37.008		0.87073			4
2025.10.02	00:22:38.442		0.87074			4
2025.10.02	00:23:00.880	0.86975				2
2025.10.02	00:23:16.680		0.87076			4
2025.10.02	00:23:17.220		0.87075			4
2025.10.02	00:24:01.781	0.86975				2
2025.10.02	00:24:17.682		0.87075			4
2025.10.02	00:25:00.309	0.86975				2
2025.10.02	00:25:17.982		0.87075			4
2025.10.02	00:25:48.636		0.87079			4
2025.10.02	00:26:00.067	0.86975				2
2025.10.02	00:26:24.280	0.86973				2
2025.10.02	00:26:50.079		0.87079			4
2025.10.02	00:27:02.683	0.86973				2
2025.10.02	00:27:14.228	0.86988	0.87078			6
2025.10.02	00:28:00.927	0.86988				2
2025.10.02	00:28:18.280		0.87078			4
2025.10.02	00:28:54.147		0.87079			4
2025.10.02	00:28:55.147		0.87082			4
2025.10.02	00:29:00.588	0.86988				2
2025.10.02	00:29:55.173		0.87082			4
2025.10.02	00:30:00.309	0.86988	0.87073			6
2025.10.02	00:30:10.696		0.87080			4
2025.10.02	00:30:15.375		0.87076			4
2025.10.02	00:30:24.991	0.86989				2
2025.10.02	00:30:25.516	0.86995				2
2025.10.02	00:30:25.823	0.86996				2
2025.10.02	00:30:26.728	0.86995				2
2025.10.02	00:30:30.877	0.86997	0.87088			6
2025.10.02	00:30:31.379	0.86996	0.87076			6
2025.10.02	00:30:31.880	0.86998	0.87089			6
2025.10.02	00:30:32.378	0.86997	0.87078			6
2025.10.02	00:30:32.879	0.86998	0.87087			6
2025.10.02	00:30:33.377	0.86997	0.87077			6
2025.10.02	00:30:33.877		0.87088			4
2025.10.02	00:30:34.382	0.86996	0.87079			6
2025.10.02	00:30:34.784	0.86997	0.87089			6
2025.10.02	00:30:35.385	0.86996	0.87079			6
2025.10.02	00:30:35.877		0.87087			4
2025.10.02	00:30:36.350		0.87079			4
2025.10.02	00:30:36.881	0.86997	0.87087			6
2025.10.02	00:30:37.382	0.86996	0.87076			6
2025.10.02	00:30:37.879	0.86997	0.87090			6
2025.10.02	00:30:38.255	0.86996	0.87078			6
2025.10.02	00:30:38.881	0.86997	0.87087			6
2025.10.02	00:30:39.280	0.86996	0.87080			6
2025.10.02	00:30:39.880	0.86997	0.87087			6
2025.10.02	00:30:40.379	0.86996	0.87080			6
2025.10.02	00:30:40.724		0.87079			4
2025.10.02	00:30:43.960	0.86995				2
2025.10.02	00:30:45.376	0.86996	0.87077			6
2025.10.02	00:30:45.877	0.86998	0.87091			6
2025.10.02	00:30:46.377	0.86996	0.87078			6
2025.10.02	00:30:46.878	0.86997	0.87093			6
2025.10.02	00:30:47.378	0.86996	0.87074			6
2025.10.02	00:30:47.869	0.86997	0.87090			6
2025.10.02	00:30:48.371	0.86996	0.87073			6
2025.10.02	00:30:48.828	0.86997	0.87089			6
2025.10.02	00:30:49.311	0.86995	0.87078			6
2025.10.02	00:30:49.808	0.86997	0.87089			6
2025.10.02	00:30:50.307	0.86995	0.87072			6
2025.10.02	00:30:50.704	0.86997	0.87089			6
2025.10.02	00:30:51.106	0.86995	0.87072			6
2025.10.02	00:30:51.496	0.86998	0.87089			6
2025.10.02	00:30:51.891	0.86995	0.87072			6
2025.10.02	00:30:52.288	0.86998	0.87089			6
2025.10.02	00:30:52.695	0.86996	0.87075			6
2025.10.02	00:30:53.182	0.86998	0.87091			6
2025.10.02	00:30:53.684	0.86997	0.87078			6
2025.10.02	00:30:54.184	0.86998	0.87092			6
2025.10.02	00:30:54.683	0.86997	0.87080			6
2025.10.02	00:30:55.191	0.86998	0.87095			6
2025.10.02	00:30:55.537	0.86997	0.87080			6
2025.10.02	00:30:59.650	0.86996				2
2025.10.02	00:31:00.379	0.86988	0.87077			6
2025.10.02	00:31:00.878		0.87089			4
2025.10.02	00:31:01.379		0.87073			4
2025.10.02	00:31:01.876		0.87092			4
2025.10.02	00:31:02.354		0.87074			4
2025.10.02	00:31:02.819		0.87091			4
2025.10.02	00:31:03.238		0.87073			4
2025.10.02	00:31:03.710		0.87091			4
2025.10.02	00:31:04.163		0.87073			4
2025.10.02	00:31:04.565		0.87091			4
2025.10.02	00:31:05.083		0.87073			4
2025.10.02	00:31:05.517		0.87091			4
2025.10.02	00:31:10.750		0.87076			4
2025.10.02	00:31:14.229	0.86986				2
2025.10.02	00:31:15.377		0.87094			4
2025.10.02	00:31:15.878		0.87081			4
2025.10.02	00:31:16.379		0.87091			4
2025.10.02	00:31:25.393		0.87080			4
2025.10.02	00:31:30.377		0.87088			4
2025.10.02	00:31:30.876		0.87074			4
2025.10.02	00:31:31.326		0.87088			4
2025.10.02	00:31:31.881		0.87074			4
2025.10.02	00:31:32.238		0.87089			4
2025.10.02	00:31:32.640		0.87081			4
2025.10.02	00:31:33.141		0.87088			4
2025.10.02	00:31:40.380		0.87080			4
2025.10.02	00:31:45.376		0.87096			4
2025.10.02	00:31:55.592		0.87079			4
2025.10.02	00:32:00.377	0.86986	0.87096			6
2025.10.02	00:32:10.397		0.87079			4
2025.10.02	00:32:11.997	0.86987				2
2025.10.02	00:32:15.377	0.86986	0.87090			6
2025.10.02	00:32:25.618		0.87079			4
2025.10.02	00:32:38.441	0.86995	0.87077			6
2025.10.02	00:32:40.180	0.86994				2
2025.10.02	00:32:45.308		0.87089			4
2025.10.02	00:32:45.881	0.86993				2
2025.10.02	00:32:55.646		0.87080			4
2025.10.02	00:33:00.377	0.86992	0.87094			6
2025.10.02	00:33:06.689	0.86994				2
2025.10.02	00:33:10.461	0.86995	0.87080			6
2025.10.02	00:33:20.262	0.86994				2
2025.10.02	00:33:30.386		0.87089			4
2025.10.02	00:33:30.879		0.87092			4
2025.10.02	00:33:40.492		0.87080			4
2025.10.02	00:33:41.680	0.86995				2
2025.10.02	00:33:45.378	0.86994	0.87089			6
2025.10.02	00:33:55.703	0.86995	0.87079			6
2025.10.02	00:33:57.580	0.86994				2
2025.10.02	00:34:00.412	0.86994				2
2025.10.02	00:34:15.435		0.87089			4
2025.10.02	00:34:22.964	0.86996				2
2025.10.02	00:34:24.881	0.86995				2
2025.10.02	00:34:25.731		0.87080			4
2025.10.02	00:34:30.379	0.86997	0.87094			6
2025.10.02	00:34:32.057	0.86996				2
2025.10.02	00:34:38.006	0.86992				2
2025.10.02	00:34:38.345	0.86996				2
2025.10.02	00:34:38.652	0.86994	0.87081			6
2025.10.02	00:34:38.963		0.87079			4
2025.10.02	00:34:39.432	0.86993	0.87081			6
2025.10.02	00:34:48.154	0.86995				2
2025.10.02	00:34:48.884	0.86994	0.87077			6
2025.10.02	00:34:54.163	0.86996	0.87089			6
2025.10.02	00:34:54.676		0.87075			4
2025.10.02	00:34:55.010	0.86995	0.87077			6
2025.10.02	00:34:55.671		0.87084			4
2025.10.02	00:34:56.172		0.87077			4
2025.10.02	00:34:56.673		0.87084			4
2025.10.02	00:34:57.167	0.86994	0.87079			6
2025.10.02	00:34:57.669		0.87084			4
2025.10.02	00:34:58.476	0.86995	0.87087			6
2025.10.02	00:34:59.687	0.86996				2
2025.10.02	00:35:00.311	0.86996				2
2025.10.02	00:35:00.771	0.86994				2
2025.10.02	00:35:03.880	0.86995				2
2025.10.02	00:35:04.197		0.87079			4
2025.10.02	00:35:09.164		0.87077			4
2025.10.02	00:35:09.675	0.86996	0.87092			6
2025.10.02	00:35:10.169	0.86995	0.87073			6
2025.10.02	00:35:10.670	0.86996	0.87094			6
2025.10.02	00:35:11.038	0.86994	0.87073			6
2025.10.02	00:35:11.371	0.86992	0.87096			6
2025.10.02	00:35:11.698	0.86994	0.87077			6
2025.10.02	00:35:12.000	0.86992	0.87093			6
2025.10.02	00:35:12.318	0.86996				2
2025.10.02	00:35:12.624	0.86993	0.87079			6
2025.10.02	00:35:13.179		0.87093			4
2025.10.02	00:35:13.698		0.87079			4
2025.10.02	00:35:14.199	0.86994	0.87094			6
2025.10.02	00:35:14.660	0.86995	0.87079			6
2025.10.02	00:35:15.199	0.86994	0.87094			6
2025.10.02	00:35:15.694	0.86995	0.87080			6
2025.10.02	00:35:16.206	0.86994	0.87094			6
2025.10.02	00:35:16.699	0.86995	0.87078			6
2025.10.02	00:35:17.276	0.86994	0.87094			6
2025.10.02	00:35:17.699		0.87079			4
2025.10.02	00:35:18.199		0.87094			4
2025.10.02	00:35:18.568	0.86996	0.87093			6
2025.10.02	00:35:18.872		0.87094			4
2025.10.02	00:35:19.196	0.86995	0.87079			6
2025.10.02	00:35:24.213	0.86996	0.87090			6
2025.10.02	00:35:24.663	0.86995	0.87077			6
2025.10.02	00:35:25.159		0.87089			4
2025.10.02	00:35:25.480		0.87077			4
2025.10.02	00:35:26.165	0.86996	0.87090			6
2025.10.02	00:35:27.581	0.86995				2
2025.10.02	00:35:34.193		0.87085			4
2025.10.02	00:35:35.867	0.86990				2
2025.10.02	00:35:37.866	0.86992				2
2025.10.02	00:35:38.980		0.87094			4
2025.10.02	00:35:39.334	0.86994				2
2025.10.02	00:35:48.278	0.86993				2
2025.10.02	00:35:49.175	0.86992	0.87079			6
2025.10.02	00:35:52.180	0.86993				2
2025.10.02	00:35:53.990	0.86991	0.87088			6
2025.10.02	00:35:55.481	0.86992				2
2025.10.02	00:35:58.180	0.86991				2
2025.10.02	00:36:00.357	0.86991				2
2025.10.02	00:36:02.981	0.86992				2
2025.10.02	00:36:04.226		0.87077			4
2025.10.02	00:36:06.349	0.86993				2
2025.10.02	00:36:07.118	0.86992				2
2025.10.02	00:36:08.234	0.86993				2
2025.10.02	00:36:09.170	0.86992	0.87087			6
2025.10.02	00:36:09.567	0.86991				2
2025.10.02	00:36:10.781	0.86992				2
2025.10.02	00:36:19.436	0.86993	0.87078			6
2025.10.02	00:36:20.346		0.87076			4
2025.10.02	00:36:24.162		0.87084			4
2025.10.02	00:36:27.837	0.86989				2
2025.10.02	00:36:34.249		0.87076			4
2025.10.02	00:36:35.893	0.86988				2
2025.10.02	00:36:39.164	0.86989	0.87085			6
2025.10.02	00:36:49.246	0.86991	0.87076			6
2025.10.02	00:36:49.556	0.86990				2
2025.10.02	00:36:50.927	0.86989				2
2025.10.02	00:36:51.879	0.86990				2
2025.10.02	00:36:52.273	0.86989				2
2025.10.02	00:36:54.168		0.87085			4
2025.10.02	00:36:56.700	0.86990				2
2025.10.02	00:36:57.218	0.86989				2
2025.10.02	00:36:58.279	0.86991				2
2025.10.02	00:36:59.728	0.86992				2
2025.10.02	00:37:00.389	0.86992				2
2025.10.02	00:37:00.762	0.86990				2
2025.10.02	00:37:04.278		0.87076			4
2025.10.02	00:37:09.167		0.87084			4
2025.10.02	00:37:15.580	0.86991				2
2025.10.02	00:37:16.008	0.86992				2
2025.10.02	00:37:16.724	0.86990				2
2025.10.02	00:37:17.982	0.86991				2
2025.10.02	00:37:19.185	0.86990				2
2025.10.02	00:37:19.495	0.86991	0.87075			6
2025.10.02	00:37:24.165	0.86990	0.87083			6
2025.10.02	00:37:24.578	0.86991				2
2025.10.02	00:37:26.970	0.86992				2
2025.10.02	00:37:28.063	0.86991				2
2025.10.02	00:37:29.673	0.86990				2
2025.10.02	00:37:34.307		0.87075			4
2025.10.02	00:37:34.779	0.86991				2
2025.10.02	00:37:36.584	0.86990				2
2025.10.02	00:37:37.779	0.86991				2
2025.10.02	00:37:38.919		0.87084			4
2025.10.02	00:37:40.183	0.86990				2
2025.10.02	00:37:41.799	0.86991				2
2025.10.02	00:37:43.481	0.86990				2
2025.10.02	00:37:44.237	0.86991				2
2025.10.02	00:37:45.152	0.86992				2
2025.10.02	00:37:45.826	0.86990				2
2025.10.02	00:37:48.825	0.86991				2
2025.10.02	00:37:49.525		0.87076			4
2025.10.02	00:38:00.882	0.86991				2
2025.10.02	00:38:09.163	0.86990	0.87082			6
2025.10.02	00:38:09.583	0.86991				2
2025.10.02	00:38:19.548		0.87076			4
2025.10.02	00:38:23.383	0.86992				2
2025.10.02	00:38:23.979	0.86994	0.87092			6
2025.10.02	00:38:25.419	0.86995				2
2025.10.02	00:38:26.381	0.87009	0.87075			6
2025.10.02	00:38:48.257	0.86997	0.87082			6
2025.10.02	00:38:51.522		0.87076			4
2025.10.02	00:38:56.393		0.87082			4
2025.10.02	00:39:00.357	0.86997				2
2025.10.02	00:39:06.596		0.87076			4
2025.10.02	00:39:41.432		0.87082			4
2025.10.02	00:39:42.312	0.86998				2
2025.10.02	00:39:50.117	0.86997				2
2025.10.02	00:39:50.569	0.86998				2
2025.10.02	00:39:51.589		0.87076			4
2025.10.02	00:39:56.322	0.86997	0.87082			6
2025.10.02	00:39:57.580	0.86998				2
2025.10.02	00:40:00.310	0.86998				2
2025.10.02	00:40:00.710	0.86997				2
2025.10.02	00:40:04.604	0.86998				2
2025.10.02	00:40:04.915	0.86999				2
2025.10.02	00:40:05.275	0.86998				2
2025.10.02	00:40:06.451		0.87070			4
2025.10.02	00:40:08.741	0.86999				2
2025.10.02	00:40:17.949	0.87000				2
2025.10.02	00:40:18.686	0.86999				2
2025.10.02	00:40:27.566	0.86998				2
2025.10.02	00:40:36.088	0.86999				2
2025.10.02	00:40:46.710	0.86998				2
2025.10.02	00:40:55.036	0.86999				2
2025.10.02	00:40:56.185	0.86998	0.87078			6
2025.10.02	00:40:57.279	0.86999				2
2025.10.02	00:40:57.594	0.87000				2
2025.10.02	00:40:58.679	0.86999				2
2025.10.02	00:41:00.262	0.87000				2
2025.10.02	00:41:00.656	0.86999				2
2025.10.02	00:41:01.022	0.87000				2
2025.10.02	00:41:03.305	0.86999				2
2025.10.02	00:41:04.069	0.87000				2
2025.10.02	00:41:06.502		0.87070			4
2025.10.02	00:41:18.518	0.87003				2
2025.10.02	00:41:18.861	0.87001				2
2025.10.02	00:41:20.460	0.87003				2
2025.10.02	00:41:26.323	0.87004	0.87079			6
2025.10.02	00:41:36.347		0.87070			4
2025.10.02	00:41:42.321	0.87003				2
2025.10.02	00:41:45.801	0.87004				2
2025.10.02	00:41:46.284	0.87002				2
2025.10.02	00:41:46.609	0.87003				2
2025.10.02	00:41:46.935	0.87002				2
2025.10.02	00:41:47.324	0.87003				2
2025.10.02	00:41:47.628	0.87002				2
2025.10.02	00:41:47.945	0.87004				2
2025.10.02	00:41:48.655	0.87005				2
2025.10.02	00:41:48.958	0.87003				2
2025.10.02	00:41:49.599	0.87004				2
2025.10.02	00:41:50.360	0.87002				2
2025.10.02	00:41:50.686	0.87003				2
2025.10.02	00:41:51.011	0.87002				2
2025.10.02	00:41:52.119	0.87003				2
2025.10.02	00:41:52.780	0.87002				2
2025.10.02	00:41:53.081	0.87001				2
2025.10.02	00:41:54.518	0.87002				2
2025.10.02	00:41:54.824	0.87004				2
2025.10.02	00:41:55.239	0.87005				2
2025.10.02	00:41:55.706	0.87002				2
2025.10.02	00:41:56.433		0.87079			4
2025.10.02	00:42:00.463	0.87001				2
2025.10.02	00:42:02.505	0.87000	0.87068			6
2025.10.02	00:42:04.279	0.86999				2
2025.10.02	00:42:04.941	0.87000				2
2025.10.02	00:42:06.558	0.86999	0.87074			6
2025.10.02	00:42:08.282	0.87000				2
2025.10.02	00:42:11.431		0.87068			4
2025.10.02	00:42:14.038	0.87001	0.87073			6
2025.10.02	00:42:15.330	0.87002				2
2025.10.02	00:42:15.916	0.87001				2
2025.10.02	00:42:17.717	0.87002				2
2025.10.02	00:42:18.111	0.87001				2
2025.10.02	00:42:19.019	0.87002				2
2025.10.02	00:42:21.773		0.87079			4
2025.10.02	00:42:22.385	0.87001				2
2025.10.02	00:42:23.303	0.87002				2
2025.10.02	00:42:24.581	0.87001				2
2025.10.02	00:42:25.225	0.87002				2
2025.10.02	00:42:26.329	0.87004				2
2025.10.02	00:42:26.979	0.87003				2
2025.10.02	00:42:27.287	0.87002				2
2025.10.02	00:42:27.901	0.87003				2
2025.10.02	00:42:31.499	0.87001				2
2025.10.02	00:42:32.356	0.87002				2
2025.10.02	00:42:32.663	0.87001				2
2025.10.02	00:42:36.585	0.87000				2
2025.10.02	00:42:36.897	0.87002				2
2025.10.02	00:42:37.202	0.87000				2
2025.10.02	00:42:37.526	0.87003				2
2025.10.02	00:42:40.292	0.87001				2
2025.10.02	00:42:41.074	0.87003				2
2025.10.02	00:42:41.433	0.87001	0.87080			6
2025.10.02	00:42:41.763	0.87000				2
2025.10.02	00:42:42.150	0.87002				2
2025.10.02	00:42:43.041	0.87001				2
2025.10.02	00:42:43.562	0.87003				2
2025.10.02	00:42:45.763	0.87004				2
2025.10.02	00:42:48.525	0.87005	0.87082			6
2025.10.02	00:42:49.006	0.87006				2
2025.10.02	00:42:49.469	0.87005	0.87074			6
2025.10.02	00:42:50.637	0.87004				2
2025.10.02	00:42:51.033	0.87007	0.87082			6
2025.10.02	00:42:51.561	0.87005	0.87079			6
2025.10.02	00:42:51.873	0.87006	0.87082			6
2025.10.02	00:42:52.198	0.87004	0.87080			6
2025.10.02	00:42:56.323	0.87003	0.87076			6
2025.10.02	00:42:58.710	0.87002				2
2025.10.02	00:42:59.636	0.87003				2
2025.10.02	00:43:00.542	0.87003				2
2025.10.02	00:43:01.647		0.87081			4
2025.10.02	00:43:03.282		0.87076			4
2025.10.02	00:43:06.563		0.87079			4
2025.10.02	00:43:07.048	0.87004				2
2025.10.02	00:43:07.358	0.87003				2
2025.10.02	00:43:07.783	0.87004				2
2025.10.02	00:43:11.380	0.87003	0.87074			6
2025.10.02	00:43:11.980	0.87004				2
2025.10.02	00:43:12.289	0.87003				2
2025.10.02	00:43:12.662	0.87004				2
2025.10.02	00:43:21.831		0.87079			4
2025.10.02	00:43:23.611	0.87000				2
2025.10.02	00:43:23.936	0.86999				2
2025.10.02	00:43:24.256	0.87000				2
2025.10.02	00:43:24.924	0.87001				2
2025.10.02	00:43:25.252	0.87002				2
2025.10.02	00:43:25.621	0.87000				2
2025.10.02	00:43:25.922	0.87001				2
2025.10.02	00:43:26.238	0.86998	0.87074			6
2025.10.02	00:43:26.540	0.86999				2
2025.10.02	00:43:26.864	0.87000				2
2025.10.02	00:43:27.186	0.87002				2
2025.10.02	00:43:27.501	0.86999				2
2025.10.02	00:43:27.804	0.87001				2
2025.10.02	00:43:28.123	0.86999				2
2025.10.02	00:43:28.437	0.87000				2
2025.10.02	00:43:28.759	0.87001				2
2025.10.02	00:43:29.378		0.87075			4
2025.10.02	00:43:29.715	0.87002				2
2025.10.02	00:43:30.762	0.87003				2
2025.10.02	00:43:31.180	0.87004				2
2025.10.02	00:43:31.991	0.87003				2
2025.10.02	00:43:33.237	0.87001				2
2025.10.02	00:43:33.539	0.87002				2
2025.10.02	00:43:34.636	0.87001				2
2025.10.02	00:43:35.052	0.87003				2
2025.10.02	00:43:35.462	0.87004				2
2025.10.02	00:43:36.642	0.87005	0.87080			6
2025.10.02	00:43:37.111	0.87004				2
2025.10.02	00:43:37.563	0.87000				2
2025.10.02	00:43:37.889	0.87001				2
2025.10.02	00:43:38.338	0.87002				2
2025.10.02	00:43:38.856	0.86999				2
2025.10.02	00:43:39.157	0.86997				2
2025.10.02	00:43:39.602	0.86999				2
2025.10.02	00:43:40.354	0.87000				2
2025.10.02	00:43:40.735	0.87001				2
2025.10.02	00:43:41.038	0.86997				2
2025.10.02	00:43:41.433	0.86998	0.87074			6
2025.10.02	00:43:41.815	0.86997				2
2025.10.02	00:43:42.161	0.86999				2
2025.10.02	00:43:42.466	0.87000				2
2025.10.02	00:43:42.768	0.86997				2
2025.10.02	00:43:43.979	0.86999				2
2025.10.02	00:43:44.372	0.86998				2
2025.10.02	00:43:44.876	0.86997				2
2025.10.02	00:43:45.235	0.86999				2
2025.10.02	00:43:45.538	0.87000				2
2025.10.02	00:43:48.810	0.87002				2
2025.10.02	00:43:49.151	0.86998				2
2025.10.02	00:43:49.464	0.86997				2
2025.10.02	00:43:49.864	0.86998				2
2025.10.02	00:43:50.328	0.87000				2
2025.10.02	00:43:50.704	0.87001				2
2025.10.02	00:43:51.007	0.86999				2
2025.10.02	00:43:51.351		0.87079			4
2025.10.02	00:43:51.698	0.87000				2
2025.10.02	00:43:53.154	0.87001				2
2025.10.02	00:43:53.763	0.87000				2
2025.10.02	00:43:54.078	0.87001				2
2025.10.02	00:43:56.380	0.87002	0.87075			6
2025.10.02	00:43:58.180	0.87003				2
2025.10.02	00:44:00.210	0.87003				2
2025.10.02	00:44:00.791	0.87002				2
2025.10.02	00:44:06.670	0.87000	0.87080			6
2025.10.02	00:44:07.004	0.87001				2
2025.10.02	00:44:07.485	0.87002				2
2025.10.02	00:44:08.312	0.87003				2
2025.10.02	00:44:08.919	0.86999				2
2025.10.02	00:44:09.220	0.87001	0.87076			6
2025.10.02	00:44:09.521	0.87004	0.87080			6
2025.10.02	00:44:10.410	0.87002				2
2025.10.02	00:44:10.718	0.87003				2
2025.10.02	00:44:11.025	0.87004				2
2025.10.02	00:44:11.339		0.87075			4
2025.10.02	00:44:13.927	0.87003				2
2025.10.02	00:44:14.255	0.87004				2
2025.10.02	00:44:14.588	0.87003				2
2025.10.02	00:44:14.931	0.87002				2
2025.10.02	00:44:16.487	0.87003				2
2025.10.02	00:44:17.012	0.87002				2
2025.10.02	00:44:18.017	0.87004				2
2025.10.02	00:44:18.318	0.87002				2
2025.10.02	00:44:19.186	0.87001				2
2025.10.02	00:44:19.869	0.87002				2
2025.10.02	00:44:20.582	0.87001				2
2025.10.02	00:44:20.971	0.87002				2
2025.10.02	00:44:21.307	0.87001	0.87080			6
2025.10.02	00:44:22.503		0.87075			4
2025.10.02	00:44:22.994		0.87080			4
2025.10.02	00:44:23.462	0.87002				2
2025.10.02	00:44:24.766	0.86997	0.87075			6
2025.10.02	00:44:26.153	0.87000	0.87076			6
2025.10.02	00:44:26.538		0.87074			4
2025.10.02	00:44:26.848	0.86999	0.87075			6
2025.10.02	00:44:28.023		0.87074			4
2025.10.02	00:44:28.349	0.86998	0.87075			6
2025.10.02	00:44:29.406	0.86999	0.87074			6
2025.10.02	00:44:31.245	0.87001				2
2025.10.02	00:44:31.556	0.86999				2
2025.10.02	00:44:32.864	0.86997	0.87076			6
2025.10.02	00:44:34.180	0.86999	0.87074			6
2025.10.02	00:44:34.570	0.87000	0.87073			6
2025.10.02	00:44:35.930	0.86997	0.87074			6
2025.10.02	00:44:36.448	0.86999				2
2025.10.02	00:44:36.757	0.87001	0.87073			6
2025.10.02	00:44:38.176	0.87000				2
2025.10.02	00:44:38.480	0.87001				2
2025.10.02	00:44:38.974	0.87003	0.87070			6
2025.10.02	00:44:39.304	0.87001	0.87072			6
2025.10.02	00:44:40.364		0.87073			4
2025.10.02	00:44:41.320	0.87002	0.87071			6
2025.10.02	00:44:41.628	0.87005	0.87070			6
2025.10.02	00:44:42.557	0.87004	0.87071			6
2025.10.02	00:44:44.100	0.87003	0.87070			6
2025.10.02	00:44:44.418	0.87005				2
2025.10.02	00:44:44.722	0.87000	0.87072			6
2025.10.02	00:44:45.340	0.87001	0.87071			6
2025.10.02	00:44:45.658	0.86999	0.87073			6
2025.10.02	00:44:45.960		0.87074			4
2025.10.02	00:44:46.278	0.87000	0.87073			6
2025.10.02	00:44:46.898	0.87002				2
2025.10.02	00:44:47.199	0.87000	0.87074			6
2025.10.02	00:44:47.818		0.87073			4
2025.10.02	00:44:48.121	0.87001				2
2025.10.02	00:44:48.757	0.87000	0.87074			6
2025.10.02	00:44:49.378	0.87003	0.87071			6
2025.10.02	00:44:49.681	0.87002	0.87072			6
2025.10.02	00:44:49.987		0.87073			4
2025.10.02	00:44:50.600	0.87000				2
2025.10.02	00:44:50.903	0.87002				2
2025.10.02	00:44:51.219		0.87071			4
2025.10.02	00:44:51.533	0.87001	0.87073			6
2025.10.02	00:44:51.838	0.87002				2
2025.10.02	00:44:52.159	0.87003	0.87074			6
2025.10.02	00:44:53.116	0.87005				2
2025.10.02	00:44:53.421	0.87003	0.87077			6
2025.10.02	00:44:53.765		0.87074			4
2025.10.02	00:44:54.068		0.87071			4
2025.10.02	00:44:54.416		0.87069			4
2025.10.02	00:44:54.722	0.87002	0.87071			6
2025.10.02	00:44:55.021		0.87070			4
2025.10.02	00:44:55.371		0.87072			4
2025.10.02	00:44:55.675	0.87000	0.87073			6
2025.10.02	00:44:55.978	0.87002	0.87072			6
2025.10.02	00:44:56.300	0.87000	0.87074			6
2025.10.02	00:44:56.601		0.87075			4
2025.10.02	00:44:56.902		0.87074			4
2025.10.02	00:44:58.458	0.87003	0.87072			6
2025.10.02	00:44:59.099	0.87002				2
2025.10.02	00:45:00.020	0.87002				2
2025.10.02	00:45:00.336	0.87003	0.87071			6
2025.10.02	00:45:00.639		0.87072			4
2025.10.02	00:45:00.942	0.87002				2
2025.10.02	00:45:02.798		0.87073			4
2025.10.02	00:45:03.121		0.87072			4
2025.10.02	00:45:06.365		0.87075			4
2025.10.02	00:45:06.668		0.87073			4
2025.10.02	00:45:06.978		0.87072			4
2025.10.02	00:45:10.966	0.87014	0.87060			6
2025.10.02	00:45:13.598		0.87059			4
2025.10.02	00:45:15.438	0.87009				2
2025.10.02	00:45:16.678		0.87061			4
2025.10.02	00:45:17.600		0.87060			4
2025.10.02	00:45:17.900		0.87059			4
2025.10.02	00:45:18.216		0.87060			4
2025.10.02	00:45:19.738		0.87059			4
2025.10.02	00:45:20.039		0.87060			4
2025.10.02	00:45:23.311		0.87061			4
2025.10.02	00:45:25.710		0.87059			4
2025.10.02	00:45:26.380	0.87021	0.87070			6
2025.10.02	00:45:27.078	0.87020				2
2025.10.02	00:45:30.481		0.87065			4
2025.10.02	00:45:36.303	0.87018				2
2025.10.02	00:45:39.869	0.87021				2
2025.10.02	00:45:40.759	0.87020	0.87069			6
2025.10.02	00:45:42.879	0.87021				2
2025.10.02	00:45:43.427	0.87020				2
2025.10.02	00:45:45.299	0.87019				2
2025.10.02	00:45:45.604		0.87065			4
2025.10.02	00:45:48.880	0.87020				2
2025.10.02	00:45:52.685	0.87018				2
2025.10.02	00:45:53.329	0.87016				2
2025.10.02	00:45:53.637	0.87018				2
2025.10.02	00:45:54.859	0.87017				2
2025.10.02	00:45:55.178	0.87018				2
2025.10.02	00:45:55.784		0.87068			4
2025.10.02	00:45:57.024	0.87019				2
2025.10.02	00:46:00.118	0.87019				2
2025.10.02	00:46:00.421	0.87018	0.87064			6
2025.10.02	00:46:07.220	0.87019				2
2025.10.02	00:46:08.779	0.87018				2
2025.10.02	00:46:10.338	0.87017				2
2025.10.02	00:46:10.657		0.87068			4
2025.10.02	00:46:10.960	0.87019				2
2025.10.02	00:46:12.886	0.87018				2
2025.10.02	00:46:13.463	0.87019				2
2025.10.02	00:46:14.273	0.87018				2
2025.10.02	00:46:15.634		0.87065			4
2025.10.02	00:46:17.277	0.87019				2
2025.10.02	00:46:21.429	0.87011	0.87062			6
2025.10.02	00:46:25.900		0.87065			4
2025.10.02	00:46:30.462		0.87062			4
2025.10.02	00:46:40.815		0.87065			4
2025.10.02	00:46:45.637		0.87062			4
2025.10.02	00:46:56.032		0.87065			4
2025.10.02	00:47:00.308	0.87011				2
2025.10.02	00:47:00.620		0.87062			4
2025.10.02	00:47:02.902	0.86997	0.87071			6
2025.10.02	00:47:03.211	0.86999	0.87072			6
2025.10.02	00:47:03.560	0.86998	0.87071			6
2025.10.02	00:47:03.910	0.86999	0.87072			6
2025.10.02	00:47:04.865	0.86998				2
2025.10.02	00:47:05.214	0.86999				2
2025.10.02	00:47:05.517	0.87001				2
2025.10.02	00:47:05.821	0.87000				2
2025.10.02	00:47:06.472	0.87011	0.87062			6
2025.10.02	00:47:10.839		0.87065			4
2025.10.02	00:47:15.635		0.87062			4
2025.10.02	00:47:21.507		0.87063			4
2025.10.02	00:47:28.314		0.87068			4
2025.10.02	00:47:29.379		0.87063			4
2025.10.02	00:47:30.658		0.87067			4
2025.10.02	00:47:32.305		0.87062			4
2025.10.02	00:47:42.233		0.87064			4
2025.10.02	00:47:43.282		0.87060			4
2025.10.02	00:47:43.625		0.87064			4
2025.10.02	00:47:46.640		0.87066			4
2025.10.02	00:47:49.080	0.87001				2
2025.10.02	00:47:49.384	0.87002				2
2025.10.02	00:47:51.548	0.87013	0.87075			6
2025.10.02	00:47:53.679		0.87069			4
2025.10.02	00:47:55.721		0.87067			4
2025.10.02	00:47:58.576		0.87063			4
2025.10.02	00:48:00.928	0.87013				2
2025.10.02	00:48:13.579		0.87065			4
2025.10.02	00:48:15.052		0.87068			4
2025.10.02	00:48:16.730		0.87069			4
2025.10.02	00:48:19.822		0.87063			4
2025.10.02	00:48:23.679		0.87064			4
2025.10.02	00:48:28.576		0.87063			4
2025.10.02	00:48:30.695		0.87062			4
2025.10.02	00:48:38.912		0.87064			4
2025.10.02	00:48:51.554	0.87014	0.87070			6
2025.10.02	00:48:53.786		0.87065			4
2025.10.02	00:48:55.845		0.87063			4
2025.10.02	00:48:57.164		0.87064			4
2025.10.02	00:49:00.318	0.87014				2
2025.10.02	00:49:13.331		0.87061			4
2025.10.02	00:49:23.763		0.87066			4
2025.10.02	00:49:28.576		0.87061			4
2025.10.02	00:49:48.985		0.87065			4
2025.10.02	00:49:53.649		0.87064			4
2025.10.02	00:50:00.317	0.87014				2
2025.10.02	00:50:03.801		0.87063			4
2025.10.02	00:50:19.013		0.87064			4
2025.10.02	00:50:23.648		0.87063			4
2025.10.02	00:50:33.827		0.87064			4
2025.10.02	00:50:38.646		0.87062			4
2025.10.02	00:50:49.039		0.87065			4
2025.10.02	00:50:52.680	0.87007				2
2025.10.02	00:50:53.647		0.87062			4
2025.10.02	00:50:55.404	0.87008	0.87066			6
2025.10.02	00:50:56.079	0.87007				2
2025.10.02	00:50:57.583	0.87008				2
2025.10.02	00:50:59.620	0.87007				2
2025.10.02	00:51:00.582	0.87008				2
2025.10.02	00:51:03.621		0.87065			4
2025.10.02	00:51:08.660	0.87007	0.87066			6
2025.10.02	00:51:08.981	0.87008				2
2025.10.02	00:51:09.917	0.87007				2
2025.10.02	00:51:10.320	0.87008				2
2025.10.02	00:51:10.789	0.87007				2
2025.10.02	00:51:11.334	0.87008				2
2025.10.02	00:51:12.390	0.87009				2
2025.10.02	00:51:13.314	0.87008				2
2025.10.02	00:51:14.820	0.87009				2
2025.10.02	00:51:15.374	0.87008				2
2025.10.02	00:51:15.818	0.87007				2
2025.10.02	00:51:16.388	0.87009				2
2025.10.02	00:51:16.821	0.87008				2
2025.10.02	00:51:17.932	0.87007				2
2025.10.02	00:51:18.342	0.87008				2
2025.10.02	00:51:18.668	0.87009	0.87065			6
2025.10.02	00:51:19.724	0.87010				2
2025.10.02	00:51:20.027	0.87009				2
2025.10.02	00:51:20.727	0.87008				2
2025.10.02	00:51:23.316	0.87010				2
2025.10.02	00:51:23.650	0.87008	0.87066			6
2025.10.02	00:51:23.958	0.87009				2
2025.10.02	00:51:25.383	0.87011	0.87078			6
2025.10.02	00:51:25.779	0.87010				2
2025.10.02	00:51:27.351	0.87008				2
2025.10.02	00:51:27.730	0.87010				2
2025.10.02	00:51:28.064	0.87009				2
2025.10.02	00:51:28.393	0.87008				2
2025.10.02	00:51:28.826	0.87010				2
2025.10.02	00:51:29.322	0.87012				2
2025.10.02	00:51:30.416	0.87011				2
2025.10.02	00:51:31.323	0.87012				2
2025.10.02	00:51:33.884	0.87013	0.87062			6
2025.10.02	00:51:34.244	0.87011				2
2025.10.02	00:51:34.711	0.87012				2
2025.10.02	00:51:35.023	0.87011				2
2025.10.02	00:51:36.713	0.87013				2
2025.10.02	00:51:37.278	0.87012				2
2025.10.02	00:51:37.603	0.87013				2
2025.10.02	00:51:38.449		0.87077			4
2025.10.02	00:51:40.194	0.87012				2
2025.10.02	00:51:40.823	0.87013				2
2025.10.02	00:51:41.385	0.87014				2
2025.10.02	00:51:43.395	0.87013				2
2025.10.02	00:51:44.041	0.87014				2
2025.10.02	00:51:46.864	0.87013				2
2025.10.02	00:51:47.278	0.87015				2
2025.10.02	00:51:47.734	0.87013				2
2025.10.02	00:51:48.305	0.87012				2
2025.10.02	00:51:48.697	0.87011	0.87062			6
2025.10.02	00:51:49.157	0.87012				2
2025.10.02	00:51:50.318	0.87014				2
2025.10.02	00:51:50.724	0.87013				2
2025.10.02	00:51:52.668	0.87014				2
2025.10.02	00:51:53.548		0.87077			4
2025.10.02	00:51:54.346	0.87013				2
2025.10.02	00:51:54.973	0.87014				2
2025.10.02	00:51:55.277	0.87011				2
2025.10.02	00:51:55.586	0.87012				2
2025.10.02	00:51:55.929	0.87011				2
2025.10.02	00:51:56.283	0.87012				2
2025.10.02	00:51:56.860	0.87011				2
2025.10.02	00:51:57.385	0.87012				2
2025.10.02	00:51:58.319	0.87015				2
2025.10.02	00:51:58.666	0.87014				2
2025.10.02	00:52:00.040	0.87014				2
2025.10.02	00:52:00.360	0.87012				2
2025.10.02	00:52:01.058	0.87013				2
2025.10.02	00:52:02.329	0.87014				2
2025.10.02	00:52:03.909		0.87061			4
2025.10.02	00:52:04.370	0.87013	0.87078			6
2025.10.02	00:52:05.754	0.87012				2
2025.10.02	00:52:06.322	0.87014				2
2025.10.02	00:52:07.045	0.87013				2
2025.10.02	00:52:07.704	0.87015				2
2025.10.02	00:52:08.648		0.87079			4
2025.10.02	00:52:09.435	0.87014	0.87075			6
2025.10.02	00:52:10.428	0.87013				2
2025.10.02	00:52:10.954	0.87014				2
2025.10.02	00:52:11.915	0.87013				2
2025.10.02	00:52:12.352	0.87015				2
2025.10.02	00:52:13.879	0.87014				2
2025.10.02	00:52:14.649	0.87015				2
2025.10.02	00:52:16.816	0.87014				2
2025.10.02	00:52:18.408	0.87015				2
2025.10.02	00:52:18.725	0.87014	0.87062			6
2025.10.02	00:52:20.353	0.87012				2
2025.10.02	00:52:20.916	0.87014				2
2025.10.02	00:52:21.338	0.87015				2
2025.10.02	00:52:23.624	0.87014	0.87074			6
2025.10.02	00:52:25.397	0.87016				2
2025.10.02	00:52:25.820	0.87015				2
2025.10.02	00:52:27.312	0.87014				2
2025.10.02	00:52:27.649	0.87015				2
2025.10.02	00:52:28.985	0.87016				2
2025.10.02	00:52:29.323	0.87015				2
2025.10.02	00:52:30.038	0.87013				2
2025.10.02	00:52:31.463	0.87015				2
2025.10.02	00:52:33.937		0.87062			4
2025.10.02	00:52:34.350	0.87016				2
2025.10.02	00:52:35.287	0.87015				2
2025.10.02	00:52:35.778	0.87016				2
2025.10.02	00:52:38.010	0.87017				2
2025.10.02	00:52:38.349		0.87077			4
2025.10.02	00:52:38.658	0.87016	0.87078			6
2025.10.02	00:52:38.982	0.87015				2
2025.10.02	00:52:39.881	0.87016				2
2025.10.02	00:52:40.384	0.87015				2
2025.10.02	00:52:41.655	0.87014				2
2025.10.02	00:52:45.388	0.87017				2
2025.10.02	00:52:46.307	0.87016				2
2025.10.02	00:52:46.726	0.87017				2
2025.10.02	00:52:48.752	0.87014	0.87062			6
2025.10.02	00:52:49.386	0.87015				2
2025.10.02	00:52:49.944	0.87016				2
2025.10.02	00:52:52.799	0.87017				2
2025.10.02	00:52:53.422	0.87015	0.87075			6
2025.10.02	00:52:53.732	0.87016				2
2025.10.02	00:52:54.436	0.87015	0.87071			6
2025.10.02	00:52:55.730	0.87009	0.87069			6
2025.10.02	00:52:57.880	0.87008	0.87070			6
2025.10.02	00:52:59.385	0.87006	0.87071			6
2025.10.02	00:52:59.724	0.87007	0.87069			6
2025.10.02	00:53:00.650	0.87007				2
2025.10.02	00:53:01.938	0.87008				2
2025.10.02	00:53:02.316	0.87007	0.87068			6
2025.10.02	00:53:02.722	0.87010	0.87067			6
2025.10.02	00:53:03.324	0.87008	0.87068			6
2025.10.02	00:53:03.812	0.87007				2
2025.10.02	00:53:05.067	0.87008				2
2025.10.02	00:53:05.385	0.87006				2
2025.10.02	00:53:05.966	0.87007	0.87063			6
2025.10.02	00:53:06.282	0.87006				2
2025.10.02	00:53:08.080	0.87007				2
2025.10.02	00:53:10.776		0.87068			4
2025.10.02	00:53:12.319	0.87005	0.87072			6
2025.10.02	00:53:14.920	0.87015	0.87065			6
2025.10.02	00:53:15.226		0.87073			4
2025.10.02	00:53:15.997	0.87018	0.87070			6
2025.10.02	00:53:26.359		0.87066			4
2025.10.02	00:53:30.928		0.87070			4
2025.10.02	00:53:41.202		0.87064			4
2025.10.02	00:53:45.900		0.87070			4
2025.10.02	00:53:52.879		0.87068			4
2025.10.02	00:53:53.487		0.87070			4
2025.10.02	00:53:56.330		0.87063			4
2025.10.02	00:53:57.425		0.87062			4
2025.10.02	00:53:59.636		0.87067			4
2025.10.02	00:54:00.137	0.87018				2
2025.10.02	00:54:00.900	0.87022	0.87069			6
2025.10.02	00:54:11.235		0.87064			4
2025.10.02	00:54:13.749		0.87062			4
2025.10.02	00:54:15.760		0.87069			4
2025.10.02	00:54:19.343		0.87067			4
2025.10.02	00:54:19.658		0.87069			4
2025.10.02	00:54:23.523	0.87019	0.87064			6
2025.10.02	00:54:23.837	0.87017				2
2025.10.02	00:54:24.216	0.87018				2
2025.10.02	00:54:24.915	0.87016				2
2025.10.02	00:54:25.706	0.87018				2
2025.10.02	00:54:27.414	0.87017				2
2025.10.02	00:54:29.160	0.87018				2
2025.10.02	00:54:31.033		0.87067			4
2025.10.02	00:54:41.260		0.87064			4
2025.10.02	00:54:46.062		0.87067			4
2025.10.02	00:54:56.078	0.87017	0.87064			6
2025.10.02	00:55:00.354	0.87017				2
2025.10.02	00:55:00.929		0.87067			4
2025.10.02	00:55:01.279	0.87018				2
2025.10.02	00:55:06.059	0.87017				2
2025.10.02	00:55:10.833	0.87016				2
2025.10.02	00:55:11.139	0.87017	0.87062			6
2025.10.02	00:55:14.079	0.87016				2
2025.10.02	00:55:16.057		0.87067			4
2025.10.02	00:55:21.447	0.87019				2
2025.10.02	00:55:24.280	0.87018				2
2025.10.02	00:55:26.775	0.87017				2
2025.10.02	00:55:29.277	0.87019				2
2025.10.02	00:56:02.414	0.87019				2
2025.10.02	00:56:16.065		0.87067			4
2025.10.02	00:56:30.193		0.87075			4
2025.10.02	00:56:33.962		0.87082			4
2025.10.02	00:56:37.035		0.87078			4
2025.10.02	00:56:44.177		0.87067			4
2025.10.02	00:56:48.963		0.87075			4
2025.10.02	00:56:58.988		0.87071			4
2025.10.02	00:57:00.282	0.87019	0.87068			6
2025.10.02	00:57:02.336		0.87071			4
2025.10.02	00:57:13.122		0.87070			4
2025.10.02	00:57:18.807		0.87078			4
2025.10.02	00:57:29.343		0.87071			4
2025.10.02	00:57:29.660		0.87067			4
2025.10.02	00:57:29.993	0.87015				2
2025.10.02	00:57:32.241	0.87014	0.87063			6
2025.10.02	00:57:32.842	0.87015	0.87064			6
2025.10.02	00:57:33.419		0.87069			4
2025.10.02	00:57:33.960	0.87016	0.87084			6
2025.10.02	00:57:36.405	0.87017				2
2025.10.02	00:57:39.344	0.87016				2
2025.10.02	00:57:44.278		0.87077			4
2025.10.02	00:57:46.337	0.87015				2
2025.10.02	00:57:48.018	0.87016				2
2025.10.02	00:57:48.964		0.87084			4
2025.10.02	00:57:54.355	0.87017				2
2025.10.02	00:57:56.341	0.87015				2
2025.10.02	00:57:56.718	0.87017				2
2025.10.02	00:57:59.040		0.87077			4
2025.10.02	00:57:59.353	0.87015	0.87071			6
2025.10.02	00:57:59.725	0.87016				2
2025.10.02	00:58:00.748	0.87014				2
2025.10.02	00:58:03.960		0.87084			4
2025.10.02	00:58:04.274	0.87015				2
2025.10.02	00:58:14.641	0.87014	0.87079			6
2025.10.02	00:58:14.974	0.87013	0.87074			6
2025.10.02	00:58:17.667	0.87018	0.87063			6
2025.10.02	00:58:37.411	0.87007	0.87065			6
2025.10.02	00:58:37.775	0.87006				2
2025.10.02	00:58:38.078		0.87066			4
2025.10.02	00:58:38.428		0.87065			4
2025.10.02	00:58:38.753	0.87005	0.87067			6
2025.10.02	00:58:39.543	0.87004				2
2025.10.02	00:58:39.942	0.87007	0.87065			6
2025.10.02	00:58:40.260		0.87066			4
2025.10.02	00:58:41.007	0.87005	0.87067			6
2025.10.02	00:58:42.150	0.87006				2
2025.10.02	00:58:42.593		0.87066			4
2025.10.02	00:58:44.821	0.87005	0.87067			6
2025.10.02	00:58:50.135	0.87006				2
2025.10.02	00:58:59.097	0.87005	0.87068			6
2025.10.02	00:58:59.727	0.87006				2
2025.10.02	00:59:00.091	0.87006				2
2025.10.02	00:59:04.348	0.87005	0.87069			6
2025.10.02	00:59:04.688	0.87008	0.87066			6
2025.10.02	00:59:05.131	0.87005	0.87069			6
2025.10.02	00:59:06.042	0.87006	0.87067			6
2025.10.02	00:59:06.363		0.87070			4
2025.10.02	00:59:07.368	0.87005	0.87071			6
2025.10.02	00:59:08.416	0.87007	0.87068			6
2025.10.02	00:59:09.043		0.87069			4
2025.10.02	00:59:09.750		0.87068			4
2025.10.02	00:59:11.285	0.87006	0.87070			6
2025.10.02	00:59:12.106	0.87008	0.87069			6
2025.10.02	00:59:13.352	0.87007	0.87068			6
2025.10.02	00:59:13.661	0.87008	0.87067			6
2025.10.02	00:59:14.770	0.87006	0.87070			6
2025.10.02	00:59:15.120		0.87071			4
2025.10.02	00:59:16.819		0.87072			4
2025.10.02	00:59:18.478	0.87007	0.87071			6
2025.10.02	00:59:20.414		0.87069			4
2025.10.02	00:59:20.871	0.87006	0.87070			6
2025.10.02	00:59:21.409	0.87004	0.87072			6
2025.10.02	00:59:25.426		0.87073			4
2025.10.02	00:59:26.550	0.87005	0.87071			6
2025.10.02	00:59:26.914	0.87006				2
2025.10.02	00:59:30.522	0.87005	0.87070			6
2025.10.02	00:59:32.459	0.87004	0.87071			6
2025.10.02	00:59:32.840	0.87005	0.87070			6
2025.10.02	00:59:35.741	0.87006	0.87069			6
2025.10.02	00:59:40.617		0.87068			4
2025.10.02	00:59:44.337	0.87005	0.87069			6
2025.10.02	00:59:51.862	0.87006				2
2025.10.02	00:59:57.472	0.87005	0.87070			6
2025.10.02	01:00:00.310	0.87000	0.87048			6
2025.10.02	01:00:00.934	0.87009	0.87047			6
2025.10.02	01:00:01.243	0.87003				2
2025.10.02	01:00:01.620	0.87001				2
2025.10.02	01:00:01.960	0.87007				2
2025.10.02	01:00:02.595	0.87011				2
2025.10.02	01:00:03.104		0.87054			4
2025.10.02	01:00:03.496	0.87001	0.87068			6
2025.10.02	01:00:03.804		0.87067			4
2025.10.02	01:00:04.153	0.87007	0.87068			6
2025.10.02	01:00:05.456		0.87067			4
2025.10.02	01:00:05.759	0.87011	0.87071			6
2025.10.02	01:00:06.108		0.87070			4
2025.10.02	01:00:06.410	0.87010				2
2025.10.02	01:00:06.758	0.87008	0.87054			6
2025.10.02	01:00:18.768	0.87036	0.87051			6
2025.10.02	01:00:19.099	0.87037	0.87052			6
2025.10.02	01:00:19.903		0.87051			4
2025.10.02	01:00:20.305	0.87035	0.87050			6
2025.10.02	01:00:21.280		0.87049			4
2025.10.02	01:00:22.835	0.87037				2
2025.10.02	01:00:23.194	0.87038				2
2025.10.02	01:00:25.625	0.87036				2
2025.10.02	01:00:25.932	0.87035				2
2025.10.02	01:00:27.417	0.87036				2
2025.10.02	01:00:27.876	0.87035				2
2025.10.02	01:00:28.751	0.87036				2
2025.10.02	01:00:30.506	0.87035	0.87047			6
2025.10.02	01:00:30.831		0.87048			4
2025.10.02	01:00:31.138	0.87036				2
2025.10.02	01:00:31.441	0.87033				2
2025.10.02	01:00:39.046	0.87034	0.87050			6
2025.10.02	01:00:39.360	0.87032				2
2025.10.02	01:00:39.675		0.87045			4
2025.10.02	01:00:40.282		0.87048			4
2025.10.02	01:00:41.054		0.87047			4
2025.10.02	01:00:52.305	0.87034	0.87048			6
2025.10.02	01:00:53.066	0.87035				2
2025.10.02	01:00:56.746		0.87054			4
2025.10.02	01:01:00.309	0.87035	0.87057			6
2025.10.02	01:01:00.618		0.87054			4
2025.10.02	01:01:01.143		0.87055			4
2025.10.02	01:01:03.373		0.87057			4
2025.10.02	01:01:04.431	0.87037	0.87056			6
2025.10.02	01:01:07.269		0.87058			4
2025.10.02	01:01:14.101	0.87035	0.87056			6
2025.10.02	01:01:15.201	0.87036				2
2025.10.02	01:01:17.757	0.87038	0.87058			6
2025.10.02	01:01:20.639		0.87061			4
2025.10.02	01:01:23.795	0.87039	0.87058			6
2025.10.02	01:01:28.831	0.87036	0.87056			6
2025.10.02	01:01:33.486	0.87037	0.87058			6
2025.10.02	01:01:33.799	0.87038	0.87057			6
2025.10.02	01:01:34.421	0.87039	0.87058			6
2025.10.02	01:01:34.766	0.87040				2
2025.10.02	01:01:35.173	0.87038				2
2025.10.02	01:01:35.479	0.87040				2
2025.10.02	01:01:35.813	0.87038				2
2025.10.02	01:01:36.118	0.87040	0.87057			6
2025.10.02	01:01:36.441	0.87038	0.87058			6
2025.10.02	01:01:36.759	0.87040	0.87057			6
2025.10.02	01:01:37.066	0.87038	0.87058			6
2025.10.02	01:01:37.378	0.87040	0.87057			6
2025.10.02	01:01:37.701	0.87038	0.87058			6
2025.10.02	01:01:38.010	0.87040	0.87057			6
2025.10.02	01:01:38.327	0.87038	0.87058			6
2025.10.02	01:01:38.648	0.87040	0.87057			6
2025.10.02	01:01:38.957	0.87038	0.87058			6
2025.10.02	01:01:39.261	0.87040	0.87057			6
2025.10.02	01:01:39.579	0.87039	0.87058			6
2025.10.02	01:01:40.833	0.87038	0.87060			6
2025.10.02	01:01:41.138	0.87040	0.87058			6
2025.10.02	01:01:41.463	0.87039				2
2025.10.02	01:01:41.772	0.87040				2
2025.10.02	01:01:42.102	0.87038	0.87060			6
2025.10.02	01:01:42.411	0.87040	0.87058			6
2025.10.02	01:01:42.728	0.87038	0.87059			6
2025.10.02	01:01:43.036	0.87040	0.87058			6
2025.10.02	01:01:43.347	0.87039	0.87059			6
2025.10.02	01:01:43.661	0.87040	0.87058			6
2025.10.02	01:01:43.970	0.87038	0.87059			6
2025.10.02	01:01:44.300	0.87040				2
2025.10.02	01:01:44.621	0.87039	0.87058			6
2025.10.02	01:01:44.945	0.87040				2
2025.10.02	01:01:45.258	0.87039				2
2025.10.02	01:01:45.646	0.87040				2
2025.10.02	01:01:45.962	0.87039				2
2025.10.02	01:01:46.274	0.87037				2
2025.10.02	01:01:46.581		0.87056			4
2025.10.02	01:01:46.906		0.87055			4
2025.10.02	01:01:47.218	0.87034				2
2025.10.02	01:01:47.571	0.87035				2
2025.10.02	01:01:48.191	0.87036				2
2025.10.02	01:01:48.494		0.87054			4
2025.10.02	01:01:49.103	0.87035				2
2025.10.02	01:01:49.411		0.87053			4
2025.10.02	01:01:49.720	0.87032				2
2025.10.02	01:01:50.343	0.87034	0.87054			6
2025.10.02	01:01:50.658	0.87036				2
2025.10.02	01:01:50.978	0.87033				2
2025.10.02	01:01:51.283	0.87035				2
2025.10.02	01:01:51.599	0.87032				2
2025.10.02	01:01:51.909	0.87034				2
2025.10.02	01:01:52.559	0.87032				2
2025.10.02	01:01:52.917	0.87033				2
2025.10.02	01:01:54.162	0.87032	0.87052			6
2025.10.02	01:01:54.478	0.87034	0.87058			6
2025.10.02	01:01:54.780	0.87033				2
2025.10.02	01:01:55.083	0.87030	0.87057			6
2025.10.02	01:01:55.694	0.87034				2
2025.10.02	01:01:55.998	0.87036	0.87058			6
2025.10.02	01:01:56.299	0.87034	0.87055			6
2025.10.02	01:01:57.000		0.87054			4
2025.10.02	01:01:57.320	0.87035	0.87055			6
2025.10.02	01:01:57.636		0.87054			4
2025.10.02	01:01:59.639		0.87056			4
2025.10.02	01:01:59.959	0.87038	0.87052			6
2025.10.02	01:02:00.296	0.87038				2
2025.10.02	01:02:00.927		0.87053			4
2025.10.02	01:02:01.782	0.87037	0.87052			6
2025.10.02	01:02:03.218	0.87034				2
2025.10.02	01:02:04.352		0.87051			4
2025.10.02	01:02:05.813	0.87035				2
2025.10.02	01:02:07.063	0.87043	0.87060			6
2025.10.02	01:02:08.681	0.87044				2
2025.10.02	01:02:10.927	0.87043				2
2025.10.02	01:02:11.663		0.87059			4
2025.10.02	01:02:12.789		0.87060			4
2025.10.02	01:02:13.325	0.87044				2
2025.10.02	01:02:13.790		0.87059			4
2025.10.02	01:02:14.241	0.87043	0.87058			6
2025.10.02	01:02:14.791		0.87057			4
2025.10.02	01:02:21.443	0.87044				2
2025.10.02	01:02:22.780	0.87041	0.87056			6
2025.10.02	01:02:23.094	0.87040				2
2025.10.02	01:02:23.548	0.87039				2
2025.10.02	01:02:25.129	0.87038				2
2025.10.02	01:02:26.161	0.87039				2
2025.10.02	01:02:32.365	0.87038				2
2025.10.02	01:02:36.788	0.87039	0.87057			6
2025.10.02	01:02:37.791		0.87056			4
2025.10.02	01:02:39.789		0.87057			4
2025.10.02	01:02:41.789		0.87056			4
2025.10.02	01:02:46.795		0.87057			4
2025.10.02	01:02:47.790		0.87056			4
2025.10.02	01:02:58.439	0.87040				2
2025.10.02	01:03:00.138	0.87036	0.87051			6
2025.10.02	01:03:00.441		0.87050			4
2025.10.02	01:03:00.746	0.87037				2
2025.10.02	01:03:06.630	0.87036				2
2025.10.02	01:03:10.187	0.87038	0.87053			6
2025.10.02	01:03:10.506	0.87037				2
2025.10.02	01:03:12.362		0.87052			4
2025.10.02	01:03:12.880	0.87038				2
2025.10.02	01:03:14.737		0.87053			4
2025.10.02	01:03:15.040	0.87037				2
2025.10.02	01:03:15.502	0.87039	0.87052			6
2025.10.02	01:03:15.864	0.87041				2
2025.10.02	01:03:16.854	0.87043				2
2025.10.02	01:03:17.386	0.87045	0.87057			6
2025.10.02	01:03:17.709	0.87048	0.87061			6
2025.10.02	01:03:18.020	0.87049	0.87062			6
2025.10.02	01:03:19.009		0.87060			4
2025.10.02	01:03:28.985	0.87052	0.87063			6
2025.10.02	01:03:29.299	0.87053	0.87064			6
2025.10.02	01:03:31.780	0.87054				2
2025.10.02	01:03:32.296		0.87065			4
2025.10.02	01:03:38.700	0.87058	0.87068			6
2025.10.02	01:03:39.006		0.87067			4
2025.10.02	01:03:39.834	0.87059	0.87066			6
2025.10.02	01:03:40.138		0.87065			4
2025.10.02	01:03:42.413		0.87066			4
2025.10.02	01:03:42.743	0.87060				2
2025.10.02	01:03:45.682	0.87059				2
2025.10.02	01:03:47.681	0.87060				2
2025.10.02	01:03:49.602	0.87059	0.87067			6
2025.10.02	01:03:53.178	0.87058				2
2025.10.02	01:03:55.217	0.87059				2
2025.10.02	01:03:55.585	0.87058				2
2025.10.02	01:03:57.882	0.87057				2
2025.10.02	01:04:00.281	0.87057				2
2025.10.02	01:04:01.572	0.87058	0.87066			6
2025.10.02	01:04:03.516	0.87057	0.87064			6
2025.10.02	01:04:03.840	0.87054	0.87063			6
2025.10.02	01:04:06.348	0.87050	0.87058			6
2025.10.02	01:04:08.319		0.87059			4
2025.10.02	01:04:10.691		0.87058			4
2025.10.02	01:04:12.050		0.87059			4
2025.10.02	01:04:24.573	0.87048	0.87058			6
2025.10.02	01:04:34.480	0.87047				2
2025.10.02	01:04:37.262	0.87048				2
2025.10.02	01:04:39.861	0.87049				2
2025.10.02	01:04:41.221		0.87057			4
2025.10.02	01:04:50.083		0.87058			4
2025.10.02	01:04:51.631	0.87050				2
2025.10.02	01:05:00.378	0.87050				2
2025.10.02	01:05:20.823	0.87049	0.87061			6
2025.10.02	01:05:21.351	0.87050	0.87059			6
2025.10.02	01:05:21.660		0.87058			4
2025.10.02	01:05:22.077		0.87059			4
2025.10.02	01:05:22.378		0.87058			4
2025.10.02	01:05:22.859	0.87051				2
2025.10.02	01:05:32.865		0.87057			4
2025.10.02	01:05:36.661	0.87050				2
2025.10.02	01:05:46.928	0.87049				2
2025.10.02	01:05:59.869	0.87050				2
2025.10.02	01:06:00.753	0.87051				2
2025.10.02	01:06:01.306	0.87049	0.87061			6
2025.10.02	01:06:01.639	0.87052	0.87062			6
2025.10.02	01:06:04.481	0.87053				2
2025.10.02	01:06:08.547	0.87052	0.87059			6
2025.10.02	01:06:09.876	0.87050				2
2025.10.02	01:06:16.850	0.87049	0.87061			6
2025.10.02	01:06:27.447	0.87050				2
2025.10.02	01:06:30.280	0.87051				2
2025.10.02	01:06:31.291		0.87062			4
2025.10.02	01:06:33.430		0.87061			4
2025.10.02	01:06:35.082		0.87062			4
2025.10.02	01:06:37.429		0.87061			4
2025.10.02	01:06:45.759		0.87062			4
2025.10.02	01:06:54.694		0.87061			4
2025.10.02	01:06:57.883	0.87050				2
2025.10.02	01:07:00.581	0.87051				2
2025.10.02	01:07:01.563		0.87057			4
2025.10.02	01:07:02.878	0.87050				2
2025.10.02	01:07:03.280	0.87051				2
2025.10.02	01:07:10.994	0.87050				2
2025.10.02	01:07:32.303	0.87051				2
2025.10.02	01:07:42.303	0.87050				2
2025.10.02	01:08:00.729	0.87050				2
2025.10.02	01:08:02.296		0.87057			4
2025.10.02	01:08:08.653	0.87052	0.87060			6
2025.10.02	01:08:13.551		0.87059			4
2025.10.02	01:08:19.772	0.87049	0.87056			6
2025.10.02	01:08:22.837	0.87050				2
2025.10.02	01:08:24.890	0.87051	0.87059			6
2025.10.02	01:08:39.866	0.87052				2
2025.10.02	01:08:49.868	0.87051				2
2025.10.02	01:08:56.380		0.87058			4
2025.10.02	01:09:00.895	0.87051				2
2025.10.02	01:09:01.382		0.87059			4
2025.10.02	01:09:03.881	0.87050				2
2025.10.02	01:09:11.684	0.87051				2
2025.10.02	01:09:12.582		0.87058			4
2025.10.02	01:09:14.323		0.87059			4
2025.10.02	01:09:19.779	0.87052	0.87060			6
2025.10.02	01:09:29.380		0.87059			4
2025.10.02	01:09:29.877	0.87051				2
2025.10.02	01:09:49.869	0.87052	0.87060			6
2025.10.02	01:09:50.981		0.87059			4
2025.10.02	01:09:52.327	0.87053				2
2025.10.02	01:09:59.877	0.87051				2
2025.10.02	01:10:01.180	0.87051				2
2025.10.02	01:10:05.682	0.87052	0.87058			6
2025.10.02	01:10:12.880		0.87059			4
2025.10.02	01:10:55.482		0.87058			4
2025.10.02	01:10:56.617	0.87051	0.87060			6
2025.10.02	01:10:56.961	0.87052	0.87059			6
2025.10.02	01:10:57.359	0.87053	0.87060			6
2025.10.02	01:10:57.768	0.87054				2
2025.10.02	01:10:59.665	0.87051	0.87058			6
2025.10.02	01:11:01.702	0.87051				2
2025.10.02	01:11:02.716	0.87049				2
2025.10.02	01:11:03.054	0.87050				2
2025.10.02	01:11:04.979	0.87051	0.87057			6
2025.10.02	01:11:11.150		0.87058			4
2025.10.02	01:11:11.985	0.87054	0.87061			6
2025.10.02	01:11:26.222	0.87052	0.87059			6
2025.10.02	01:11:27.580		0.87058			4
2025.10.02	01:11:33.427		0.87059			4
2025.10.02	01:11:35.380		0.87058			4
2025.10.02	01:11:39.228	0.87051				2
2025.10.02	01:11:59.014	0.87053	0.87061			6
2025.10.02	01:11:59.601	0.87054				2
2025.10.02	01:12:00.054	0.87054				2
2025.10.02	01:12:03.282	0.87053				2
2025.10.02	01:12:08.985		0.87062			4
2025.10.02	01:12:14.981	0.87049	0.87057			6
2025.10.02	01:12:15.643	0.87050	0.87058			6
2025.10.02	01:12:20.721	0.87049	0.87057			6
2025.10.02	01:12:25.781	0.87050				2
2025.10.02	01:12:30.930		0.87056			4
2025.10.02	01:12:32.321	0.87048	0.87058			6
2025.10.02	01:12:32.639	0.87051				2
2025.10.02	01:12:43.783	0.87052				2
2025.10.02	01:12:45.442	0.87049				2
2025.10.02	01:12:47.641	0.87052				2
2025.10.02	01:12:50.381	0.87051	0.87057			6
2025.10.02	01:12:53.947	0.87049	0.87056			6
2025.10.02	01:13:01.480	0.87049				2
2025.10.02	01:13:19.269	0.87046	0.87054			6
2025.10.02	01:13:19.605	0.87048	0.87056			6
2025.10.02	01:13:20.008		0.87054			4
2025.10.02	01:13:25.871	0.87046				2
2025.10.02	01:13:27.937	0.87047				2
2025.10.02	01:13:40.480	0.87046				2
2025.10.02	01:13:41.681	0.87047	0.87053			6
2025.10.02	01:13:58.500		0.87054			4
2025.10.02	01:14:00.594	0.87048				2
2025.10.02	01:14:09.060	0.87049	0.87055			6
2025.10.02	01:14:14.376		0.87056			4
2025.10.02	01:14:15.881	0.87048				2
2025.10.02	01:14:30.231		0.87055			4
2025.10.02	01:14:33.877	0.87049				2
2025.10.02	01:14:47.080	0.87048	0.87054			6
2025.10.02	01:15:00.614	0.87047				2
2025.10.02	01:15:01.032		0.87053			4
2025.10.02	01:15:01.685	0.87048	0.87055			6
2025.10.02	01:15:01.999	0.87049	0.87057			6
2025.10.02	01:15:03.559	0.87050				2
2025.10.02	01:15:04.592	0.87049	0.87058			6
2025.10.02	01:15:10.241		0.87057			4
2025.10.02	01:15:18.341	0.87050				2
2025.10.02	01:15:19.367		0.87055			4
2025.10.02	01:15:20.734		0.87057			4
2025.10.02	01:15:21.707	0.87049	0.87058			6
2025.10.02	01:15:25.266		0.87057			4
2025.10.02	01:15:52.311		0.87058			4
2025.10.02	01:15:55.246	0.87050				2
2025.10.02	01:15:57.282		0.87057			4
2025.10.02	01:16:00.366	0.87050				2
2025.10.02	01:16:00.669		0.87058			4
2025.10.02	01:16:05.226		0.87056			4
2025.10.02	01:16:09.026		0.87055			4
2025.10.02	01:16:09.756		0.87058			4
2025.10.02	01:16:10.058	0.87049	0.87056			6
2025.10.02	01:16:10.365		0.87057			4
2025.10.02	01:16:14.669	0.87048				2
2025.10.02	01:16:16.229		0.87056			4
2025.10.02	01:16:17.980	0.87049				2
2025.10.02	01:16:21.587	0.87050				2
2025.10.02	01:16:29.681	0.87049				2
2025.10.02	01:16:41.080	0.87050				2
2025.10.02	01:16:48.517	0.87049				2
2025.10.02	01:16:51.134	0.87048	0.87055			6
2025.10.02	01:16:52.149	0.87049	0.87056			6
2025.10.02	01:17:00.615	0.87049				2
2025.10.02	01:17:02.312	0.87050	0.87057			6
2025.10.02	01:17:10.071		0.87056			4
2025.10.02	01:17:13.439		0.87057			4
2025.10.02	01:17:33.279	0.87051	0.87056			6
2025.10.02	01:17:35.826	0.87052	0.87059			6
2025.10.02	01:17:43.480	0.87051	0.87058			6
2025.10.02	01:17:47.230		0.87057			4
2025.10.02	01:18:00.740	0.87051	0.87058			6
2025.10.02	01:18:01.171		0.87057			4
2025.10.02	01:18:33.295	0.87050				2
2025.10.02	01:18:34.481	0.87051				2
2025.10.02	01:18:44.086	0.87052				2
2025.10.02	01:18:46.373	0.87051				2
2025.10.02	01:18:47.667	0.87052				2
2025.10.02	01:18:48.278	0.87050				2
2025.10.02	01:18:49.296	0.87051				2
2025.10.02	01:19:00.227	0.87051				2
2025.10.02	01:19:01.273		0.87057			4
2025.10.02	01:19:02.860	0.87050				2
2025.10.02	01:19:42.112	0.87052	0.87059			6
2025.10.02	01:19:42.986	0.87053				2
2025.10.02	01:19:43.302		0.87058			4
2025.10.02	01:19:45.363		0.87059			4
2025.10.02	01:19:45.988	0.87054	0.87060			6
2025.10.02	01:19:46.303	0.87052	0.87057			6
2025.10.02	01:19:56.308	0.87051				2
2025.10.02	01:20:00.501	0.87052				2
2025.10.02	01:20:00.946	0.87054	0.87059			6
2025.10.02	01:20:02.276	0.87055	0.87061			6
2025.10.02	01:20:16.163	0.87056	0.87062			6
2025.10.02	01:20:24.199		0.87063			4
2025.10.02	01:20:25.480		0.87062			4
2025.10.02	01:20:30.842		0.87063			4
2025.10.02	01:20:32.919		0.87061			4
2025.10.02	01:20:35.380		0.87062			4
2025.10.02	01:20:36.604		0.87063			4
2025.10.02	01:20:38.463	0.87051	0.87057			6
2025.10.02	01:20:39.673	0.87050				2
2025.10.02	01:20:40.817	0.87051				2
2025.10.02	01:20:42.880	0.87050				2
2025.10.02	01:20:44.128	0.87048	0.87054			6
2025.10.02	01:20:46.221		0.87053			4
2025.10.02	01:20:49.436	0.87047	0.87054			6
2025.10.02	01:20:52.338	0.87046	0.87052			6
2025.10.02	01:21:01.783	0.87046				2
2025.10.02	01:21:31.803	0.87041	0.87050			6
2025.10.02	01:21:32.858	0.87042	0.87049			6
2025.10.02	01:21:34.780	0.87041				2
2025.10.02	01:21:38.947		0.87047			4
2025.10.02	01:21:39.321		0.87049			4
2025.10.02	01:21:41.131	0.87042				2
2025.10.02	01:21:45.383		0.87047			4
2025.10.02	01:21:47.981		0.87048			4
2025.10.02	01:21:48.529		0.87047			4
2025.10.02	01:21:51.575		0.87048			4
2025.10.02	01:21:52.285		0.87047			4
2025.10.02	01:21:58.700	0.87041				2
2025.10.02	01:22:00.100	0.87041				2
2025.10.02	01:22:00.666		0.87048			4
2025.10.02	01:22:09.279	0.87040				2
2025.10.02	01:22:22.324	0.87041				2
2025.10.02	01:22:32.311		0.87047			4
2025.10.02	01:22:33.883	0.87040				2
2025.10.02	01:22:39.335	0.87042				2
2025.10.02	01:23:00.317	0.87042				2
2025.10.02	01:23:02.300		0.87048			4
2025.10.02	01:23:05.793		0.87047			4
2025.10.02	01:23:32.314		0.87048			4
2025.10.02	01:23:42.174		0.87046			4
2025.10.02	01:23:52.024		0.87048			4
2025.10.02	01:24:00.669	0.87042				2
2025.10.02	01:24:01.949	0.87040				2
2025.10.02	01:24:02.300	0.87041				2
2025.10.02	01:24:12.324		0.87047			4
2025.10.02	01:24:14.174	0.87040				2
2025.10.02	01:24:48.291	0.87039				2
2025.10.02	01:24:52.302	0.87040	0.87048			6
2025.10.02	01:24:53.380		0.87047			4
2025.10.02	01:24:56.083	0.87041				2
2025.10.02	01:24:59.386	0.87040				2
2025.10.02	01:24:59.827		0.87048			4
2025.10.02	01:25:00.671	0.87040				2
2025.10.02	01:25:02.155	0.87041	0.87047			6
2025.10.02	01:25:03.558	0.87040				2
2025.10.02	01:25:17.642	0.87039				2
2025.10.02	01:25:52.312	0.87040	0.87049			6
2025.10.02	01:26:00.378	0.87041				2
2025.10.02	01:26:02.296	0.87039	0.87047			6
2025.10.02	01:26:13.770	0.87040				2
2025.10.02	01:26:16.480	0.87044	0.87051			6
2025.10.02	01:26:19.059	0.87041	0.87049			6
2025.10.02	01:26:21.442	0.87043	0.87050			6
2025.10.02	01:26:21.766	0.87042				2
2025.10.02	01:26:22.178	0.87040	0.87047			6
2025.10.02	01:26:23.314		0.87048			4
2025.10.02	01:26:27.227		0.87047			4
2025.10.02	01:26:40.970		0.87048			4
2025.10.02	01:27:00.662	0.87040	0.87047			6
2025.10.02	01:27:01.941	0.87039	0.87046			6
2025.10.02	01:27:04.536	0.87040	0.87047			6
2025.10.02	01:27:09.812		0.87045			4
2025.10.02	01:27:12.885	0.87039				2
2025.10.02	01:28:01.110	0.87039				2
2025.10.02	01:28:09.854		0.87045			4
2025.10.02	01:28:22.312		0.87046			4
2025.10.02	01:28:23.080	0.87040				2
2025.10.02	01:28:25.371		0.87047			4
2025.10.02	01:28:37.129	0.87039				2
2025.10.02	01:28:42.881	0.87040				2
2025.10.02	01:28:58.176		0.87048			4
2025.10.02	01:29:00.585	0.87042				2
2025.10.02	01:29:02.638		0.87049			4
2025.10.02	01:29:03.773		0.87048			4
2025.10.02	01:29:10.932		0.87049			4
2025.10.02	01:29:12.084	0.87041				2
2025.10.02	01:29:16.183	0.87040				2
2025.10.02	01:29:20.319	0.87034	0.87042			6
2025.10.02	01:29:20.637	0.87033	0.87041			6
2025.10.02	01:29:21.892	0.87034				2
2025.10.02	01:29:24.107		0.87040			4
2025.10.02	01:29:26.156	0.87033	0.87039			6
2025.10.02	01:29:26.467		0.87041			4
2025.10.02	01:29:32.681		0.87040			4
2025.10.02	01:29:34.354	0.87034				2
2025.10.02	01:29:34.661	0.87039	0.87047			6
2025.10.02	01:29:37.655		0.87046			4
2025.10.02	01:29:50.083	0.87040				2
2025.10.02	01:29:51.394	0.87037	0.87044			6
2025.10.02	01:29:57.286		0.87045			4
2025.10.02	01:29:58.372	0.87038				2
2025.10.02	01:30:00.470	0.87038				2
2025.10.02	01:30:03.187	0.87040	0.87041			6
2025.10.02	01:30:04.442	0.87039	0.87040			6
2025.10.02	01:30:05.391	0.87040	0.87041			6
2025.10.02	01:30:05.698	0.87039	0.87040			6
2025.10.02	01:30:06.629	0.87038	0.87044			6
2025.10.02	01:30:07.357	0.87037				2
2025.10.02	01:30:10.314	0.87039	0.87046			6
2025.10.02	01:30:15.681	0.87040				2
2025.10.02	01:30:17.638	0.87035	0.87043			6
2025.10.02	01:30:17.940		0.87041			4
2025.10.02	01:30:18.352	0.87039	0.87044			6
2025.10.02	01:30:18.843	0.87037	0.87043			6
2025.10.02	01:30:23.342	0.87036				2
2025.10.02	01:30:25.467	0.87037				2
2025.10.02	01:30:54.110	0.87035	0.87041			6
2025.10.02	01:31:00.432	0.87035				2
2025.10.02	01:31:38.215	0.87040	0.87046			6
2025.10.02	01:32:00.474	0.87040				2
2025.10.02	01:32:01.476	0.87041				2
2025.10.02	01:32:08.821		0.87049			4
2025.10.02	01:32:09.142		0.87047			4
2025.10.02	01:32:27.459	0.87040	0.87045			6
2025.10.02	01:32:30.300	0.87041	0.87046			6
2025.10.02	01:32:30.687	0.87040	0.87047			6
2025.10.02	01:32:32.426	0.87041				2
2025.10.02	01:32:45.069	0.87044	0.87050			6
2025.10.02	01:32:45.377	0.87042	0.87047			6
2025.10.02	01:32:46.117		0.87046			4
2025.10.02	01:32:53.997		0.87048			4
2025.10.02	01:33:00.524	0.87042				2
2025.10.02	01:33:01.204	0.87043	0.87047			6
2025.10.02	01:33:05.276	0.87042				2
2025.10.02	01:33:05.656	0.87043				2
2025.10.02	01:33:06.570	0.87042				2
2025.10.02	01:33:10.782		0.87046			4
2025.10.02	01:33:13.783		0.87047			4
2025.10.02	01:33:16.088	0.87044	0.87048			6
2025.10.02	01:33:17.318	0.87045	0.87050			6
2025.10.02	01:33:20.385		0.87051			4
2025.10.02	01:33:30.494		0.87050			4
2025.10.02	01:33:33.209		0.87048			4
2025.10.02	01:33:41.994		0.87049			4
2025.10.02	01:33:44.940		0.87050			4
2025.10.02	01:33:57.121		0.87049			4
2025.10.02	01:33:58.617		0.87048			4
2025.10.02	01:34:00.638	0.87045	0.87049			6
2025.10.02	01:34:07.859		0.87048			4
2025.10.02	01:34:20.642	0.87044				2
2025.10.02	01:34:28.179	0.87045				2
2025.10.02	01:35:01.488	0.87045				2
2025.10.02	01:35:02.081		0.87049			4
2025.10.02	01:35:16.480		0.87048			4
2025.10.02	01:35:17.685		0.87051			4
2025.10.02	01:35:36.972		0.87050			4
2025.10.02	01:35:38.614	0.87044				2
2025.10.02	01:35:41.381		0.87049			4
2025.10.02	01:35:45.431	0.87047	0.87053			6
2025.10.02	01:35:46.097		0.87054			4
2025.10.02	01:35:48.629		0.87053			4
2025.10.02	01:35:49.268	0.87046				2
2025.10.02	01:36:00.717	0.87046	0.87054			6
2025.10.02	01:36:01.579	0.87047	0.87053			6
2025.10.02	01:36:03.267		0.87054			4
2025.10.02	01:36:04.473		0.87053			4
2025.10.02	01:36:11.681		0.87054			4
2025.10.02	01:36:14.085		0.87053			4
2025.10.02	01:36:19.356		0.87054			4
2025.10.02	01:36:19.859	0.87048				2
2025.10.02	01:36:20.370	0.87047				2
2025.10.02	01:36:35.335	0.87049				2
2025.10.02	01:36:42.872	0.87050				2
2025.10.02	01:36:43.278		0.87055			4
2025.10.02	01:37:00.714	0.87051	0.87057			6
2025.10.02	01:37:01.314	0.87052	0.87056			6
2025.10.02	01:37:01.961		0.87057			4
2025.10.02	01:37:08.967	0.87051	0.87056			6
2025.10.02	01:37:25.305		0.87058			4
2025.10.02	01:37:45.362		0.87056			4
2025.10.02	01:37:54.042		0.87057			4
2025.10.02	01:38:02.080	0.87051	0.87058			6
2025.10.02	01:38:09.234		0.87057			4
2025.10.02	01:38:22.700	0.87052	0.87058			6
2025.10.02	01:38:43.041	0.87051				2
2025.10.02	01:38:43.491		0.87057			4
2025.10.02	01:38:45.876		0.87056			4
2025.10.02	01:39:00.715	0.87051				2
2025.10.02	01:39:04.746		0.87053			4
2025.10.02	01:39:09.651	0.87050	0.87052			6
2025.10.02	01:39:10.738		0.87056			4
2025.10.02	01:39:11.080	0.87051				2
2025.10.02	01:39:19.472	0.87050				2
2025.10.02	01:39:21.281	0.87051				2
2025.10.02	01:39:28.594	0.87048	0.87052			6
2025.10.02	01:39:35.681		0.87051			4
2025.10.02	01:39:39.881	0.87047				2
2025.10.02	01:39:43.606		0.87052			4
2025.10.02	01:39:53.323		0.87051			4
2025.10.02	01:39:56.080		0.87052			4
2025.10.02	01:40:00.280	0.87047				2
2025.10.02	01:40:00.715		0.87054			4
2025.10.02	01:40:02.685	0.87049	0.87053			6
2025.10.02	01:40:03.115	0.87048				2
2025.10.02	01:40:06.040	0.87049				2
2025.10.02	01:40:06.567	0.87048				2
2025.10.02	01:40:17.311	0.87047	0.87054			6
2025.10.02	01:40:23.548		0.87053			4
2025.10.02	01:40:29.360	0.87048				2
2025.10.02	01:40:29.666		0.87052			4
2025.10.02	01:40:42.881	0.87049				2
2025.10.02	01:40:55.816	0.87048				2
2025.10.02	01:41:00.280	0.87048				2
2025.10.02	01:41:02.380		0.87053			4
2025.10.02	01:41:07.596		0.87052			4
2025.10.02	01:41:13.087	0.87049				2
2025.10.02	01:41:14.124	0.87048				2
2025.10.02	01:41:20.282	0.87049	0.87053			6
2025.10.02	01:41:20.602		0.87054			4
2025.10.02	01:41:31.833	0.87050	0.87055			6
2025.10.02	01:41:38.462	0.87051				2
2025.10.02	01:41:40.781	0.87050				2
2025.10.02	01:41:44.483	0.87051				2
2025.10.02	01:41:45.412	0.87050				2
2025.10.02	01:41:47.050		0.87056			4
2025.10.02	01:41:47.462		0.87055			4
2025.10.02	01:42:03.280	0.87050				2
2025.10.02	01:42:48.581		0.87055			4
2025.10.02	01:43:00.416	0.87050				2
2025.10.02	01:43:01.884		0.87054			4
2025.10.02	01:43:06.280	0.87049				2
2025.10.02	01:43:06.657	0.87050				2
2025.10.02	01:43:10.818		0.87053			4
2025.10.02	01:43:12.218		0.87055			4
2025.10.02	01:43:17.240		0.87054			4
2025.10.02	01:43:22.180		0.87055			4
2025.10.02	01:43:38.179		0.87054			4
2025.10.02	01:43:40.414		0.87055			4
2025.10.02	01:43:49.392		0.87054			4
2025.10.02	01:43:52.385		0.87055			4
2025.10.02	01:43:54.984		0.87054			4
2025.10.02	01:44:00.798	0.87050	0.87056			6
2025.10.02	01:44:01.763		0.87055			4
2025.10.02	01:44:04.779		0.87054			4
2025.10.02	01:44:11.684		0.87055			4
2025.10.02	01:44:12.219		0.87054			4
2025.10.02	01:44:15.400	0.87048				2
2025.10.02	01:44:16.716	0.87049	0.87053			6
2025.10.02	01:44:25.595		0.87054			4
2025.10.02	01:44:42.384		0.87053			4
2025.10.02	01:44:53.205	0.87048	0.87052			6
2025.10.02	01:45:00.459	0.87048				2
2025.10.02	01:45:01.305		0.87053			4
2025.10.02	01:45:33.280	0.87047				2
2025.10.02	01:45:34.001	0.87048				2
2025.10.02	01:46:00.776	0.87048				2
2025.10.02	01:46:02.419		0.87053			4
2025.10.02	01:46:12.261	0.87049				2
2025.10.02	01:46:16.943	0.87048				2
2025.10.02	01:46:21.879		0.87052			4
2025.10.02	01:46:23.487		0.87053			4
2025.10.02	01:46:23.923	0.87049				2
2025.10.02	01:46:26.980	0.87048				2
2025.10.02	01:46:45.359	0.87046	0.87051			6
2025.10.02	01:46:46.426	0.87048	0.87053			6
2025.10.02	01:47:00.377	0.87048				2
2025.10.02	01:47:01.776	0.87049				2
2025.10.02	01:47:16.973		0.87054			4
2025.10.02	01:47:26.430		0.87053			4
2025.10.02	01:47:27.523		0.87054			4
2025.10.02	01:47:35.381		0.87053			4
2025.10.02	01:47:45.376		0.87054			4
2025.10.02	01:48:00.676	0.87049				2
2025.10.02	01:48:05.080	0.87050				2
2025.10.02	01:48:48.582		0.87054			4
2025.10.02	01:49:00.177	0.87050				2
2025.10.02	01:49:12.295		0.87055			4
2025.10.02	01:49:12.616		0.87053			4
2025.10.02	01:49:19.647	0.87051	0.87056			6
2025.10.02	01:49:19.959	0.87048	0.87054			6
2025.10.02	01:49:24.280	0.87047				2
2025.10.02	01:49:34.680	0.87049	0.87053			6
2025.10.02	01:49:36.175		0.87054			4
2025.10.02	01:49:40.454	0.87050				2
2025.10.02	01:49:44.983		0.87055			4
2025.10.02	01:50:00.433	0.87050				2
2025.10.02	01:50:08.584		0.87053			4
2025.10.02	01:50:38.410	0.87049				2
2025.10.02	01:50:47.980	0.87050				2
2025.10.02	01:51:00.880	0.87049				2
2025.10.02	01:51:03.443	0.87050				2
2025.10.02	01:51:08.902		0.87053			4
2025.10.02	01:51:12.881		0.87052			4
2025.10.02	01:51:18.879		0.87053			4
2025.10.02	01:51:31.289	0.87049				2
2025.10.02	01:51:36.879	0.87050				2
2025.10.02	01:52:00.764	0.87050	0.87055			6
2025.10.02	01:52:04.781		0.87054			4
2025.10.02	01:52:42.362		0.87055			4
2025.10.02	01:52:42.668		0.87054			4
2025.10.02	01:52:45.567	0.87051	0.87053			6
2025.10.02	01:52:51.581	0.87050				2
2025.10.02	01:52:52.790	0.87051				2
2025.10.02	01:52:53.552	0.87049				2
2025.10.02	01:52:59.875		0.87054			4
2025.10.02	01:53:00.670	0.87050	0.87053			6
2025.10.02	01:53:05.776	0.87049	0.87054			6
2025.10.02	01:53:10.623		0.87053			4
2025.10.02	01:53:15.880		0.87054			4
2025.10.02	01:53:42.818		0.87053			4
2025.10.02	01:53:49.780	0.87050	0.87054			6
2025.10.02	01:53:54.095		0.87053			4
2025.10.02	01:53:56.692		0.87054			4
2025.10.02	01:54:10.680	0.87050				2
2025.10.02	01:54:21.880		0.87053			4
2025.10.02	01:54:23.808		0.87055			4
2025.10.02	01:54:27.880		0.87054			4
2025.10.02	01:54:29.113	0.87049				2
2025.10.02	01:54:35.384	0.87050				2
2025.10.02	01:54:52.294	0.87049	0.87052			6
2025.10.02	01:55:02.639	0.87049				2
2025.10.02	01:55:18.576		0.87054			4
2025.10.02	01:55:20.894		0.87053			4
2025.10.02	01:55:28.162		0.87054			4
2025.10.02	01:55:28.978	0.87050				2
2025.10.02	01:55:29.517		0.87055			4
2025.10.02	01:55:32.990		0.87054			4
2025.10.02	01:55:56.913		0.87053			4
2025.10.02	01:55:57.291		0.87054			4
2025.10.02	01:56:00.437	0.87050				2
2025.10.02	01:56:03.979	0.87048	0.87053			6
2025.10.02	01:56:09.829		0.87052			4
2025.10.02	01:56:24.880		0.87053			4
2025.10.02	01:56:41.439	0.87049				2
2025.10.02	01:56:43.002	0.87052	0.87055			6
2025.10.02	01:56:45.358	0.87051	0.87054			6
2025.10.02	01:56:50.759	0.87052	0.87055			6
2025.10.02	01:56:52.158		0.87056			4
2025.10.02	01:56:58.179		0.87055			4
2025.10.02	01:57:00.219	0.87052				2
2025.10.02	01:57:06.523		0.87056			4
2025.10.02	01:57:08.468		0.87057			4
2025.10.02	01:57:10.601	0.87051	0.87054			6
2025.10.02	01:57:12.121		0.87055			4
2025.10.02	01:57:13.535		0.87056			4
2025.10.02	01:57:20.278	0.87052	0.87055			6
2025.10.02	01:57:21.473	0.87051				2
2025.10.02	01:57:24.280	0.87050	0.87054			6
2025.10.02	01:57:25.207		0.87055			4
2025.10.02	01:57:26.377		0.87054			4
2025.10.02	01:57:26.803		0.87055			4
2025.10.02	01:57:27.387		0.87054			4
2025.10.02	01:57:27.810		0.87055			4
2025.10.02	01:57:30.158		0.87054			4
2025.10.02	01:57:35.734		0.87055			4
2025.10.02	01:57:39.886	0.87052	0.87057			6
2025.10.02	01:57:40.616	0.87053	0.87058			6
2025.10.02	01:57:47.487	0.87052	0.87057			6
2025.10.02	01:57:47.861	0.87051	0.87054			6
2025.10.02	01:57:50.573	0.87050	0.87055			6
2025.10.02	01:57:58.151	0.87051				2
2025.10.02	01:58:00.052	0.87051				2
2025.10.02	01:58:03.580	0.87050				2
2025.10.02	01:58:09.377	0.87049				2
2025.10.02	01:58:14.165	0.87050				2
2025.10.02	01:58:15.414	0.87049	0.87054			6
2025.10.02	01:58:18.513	0.87050	0.87055			6
2025.10.02	01:59:00.603	0.87050	0.87054			6
2025.10.02	01:59:23.716		0.87053			4
2025.10.02	01:59:35.053		0.87054			4
2025.10.02	01:59:47.667	0.87049	0.87053			6
2025.10.02	01:59:47.989	0.87050				2
2025.10.02	01:59:54.719	0.87049	0.87054			6
2025.10.02	01:59:58.972		0.87052			4
2025.10.02	01:59:59.274		0.87053			4
2025.10.02	01:59:59.966		0.87052			4
2025.10.02	02:00:00.317	0.87050	0.87054			6
2025.10.02	02:00:02.080		0.87053			4
2025.10.02	02:00:05.877	0.87047	0.87049			6
2025.10.02	02:00:06.361	0.87049	0.87053			6
2025.10.02	02:00:13.322	0.87051	0.87055			6
2025.10.02	02:00:15.853	0.87050	0.87052			6
2025.10.02	02:00:17.071	0.87049				2
2025.10.02	02:00:20.277	0.87047	0.87051			6
2025.10.02	02:00:20.906		0.87050			4
2025.10.02	02:00:21.225	0.87049				2
2025.10.02	02:00:22.415	0.87047				2
2025.10.02	02:00:23.076	0.87049				2
2025.10.02	02:00:25.686	0.87047				2
2025.10.02	02:00:26.312	0.87049				2
2025.10.02	02:00:29.903	0.87048				2
2025.10.02	02:00:30.971	0.87047				2
2025.10.02	02:00:34.015	0.87048				2
2025.10.02	02:00:38.511	0.87047				2
2025.10.02	02:00:42.880	0.87048				2
2025.10.02	02:00:49.201	0.87047				2
2025.10.02	02:01:00.311	0.87047				2
2025.10.02	02:01:00.778	0.87048				2
2025.10.02	02:01:09.157	0.87047				2
2025.10.02	02:01:10.232	0.87048				2
2025.10.02	02:01:11.657	0.87047				2
2025.10.02	02:01:12.187	0.87048				2
2025.10.02	02:01:12.515	0.87047				2
2025.10.02	02:01:13.628	0.87050	0.87053			6
2025.10.02	02:01:14.014		0.87052			4
2025.10.02	02:01:20.378		0.87053			4
2025.10.02	02:01:39.581	0.87047	0.87050			6
2025.10.02	02:01:42.881		0.87051			4
2025.10.02	02:01:44.455	0.87048				2
2025.10.02	02:01:51.534	0.87047				2
2025.10.02	02:02:00.886	0.87047	0.87050			6
2025.10.02	02:02:02.786	0.87048				2
2025.10.02	02:02:05.380		0.87051			4
2025.10.02	02:02:09.460		0.87052			4
2025.10.02	02:02:11.679		0.87051			4
2025.10.02	02:02:16.325	0.87050	0.87053			6
2025.10.02	02:02:17.566		0.87055			4
2025.10.02	02:02:20.490		0.87054			4
2025.10.02	02:02:24.109		0.87053			4
2025.10.02	02:02:28.306		0.87051			4
2025.10.02	02:02:31.746		0.87053			4
2025.10.02	02:02:48.881		0.87052			4
2025.10.02	02:03:00.453	0.87050				2
2025.10.02	02:03:05.212		0.87053			4
2025.10.02	02:03:07.411		0.87052			4
2025.10.02	02:03:16.765		0.87053			4
2025.10.02	02:03:35.335	0.87051				2
2025.10.02	02:03:55.334		0.87054			4
2025.10.02	02:03:55.716		0.87053			4
2025.10.02	02:04:01.358	0.87051				2
2025.10.02	02:04:04.026	0.87054	0.87056			6
2025.10.02	02:04:04.391	0.87053				2
2025.10.02	02:04:05.331	0.87054				2
2025.10.02	02:04:13.542	0.87051	0.87054			6
2025.10.02	02:04:14.874	0.87052				2
2025.10.02	02:04:21.072	0.87051				2
2025.10.02	02:04:22.133	0.87052				2
2025.10.02	02:04:54.688	0.87053	0.87055			6
2025.10.02	02:04:58.445	0.87051				2
2025.10.02	02:05:02.565	0.87051				2
2025.10.02	02:05:04.026	0.87053	0.87056			6
2025.10.02	02:05:05.020	0.87052	0.87055			6
2025.10.02	02:05:06.327		0.87056			4
2025.10.02	02:05:10.021	0.87053				2
2025.10.02	02:05:18.852	0.87054	0.87057			6
2025.10.02	02:05:22.944	0.87051	0.87052			6
2025.10.02	02:05:26.698	0.87053	0.87055			6
2025.10.02	02:05:27.580	0.87050	0.87052			6
2025.10.02	02:05:30.361	0.87055	0.87057			6
2025.10.02	02:05:33.308	0.87054	0.87056			6
2025.10.02	02:05:37.520	0.87053	0.87055			6
2025.10.02	02:06:00.683	0.87053				2
2025.10.02	02:06:22.908		0.87057			4
2025.10.02	02:06:31.810	0.87054				2
2025.10.02	02:07:00.758	0.87054				2
2025.10.02	02:07:23.165		0.87057			4
2025.10.02	02:07:34.217	0.87055				2
2025.10.02	02:07:34.524	0.87054				2
2025.10.02	02:07:39.870		0.87056			4
2025.10.02	02:07:47.080	0.87055	0.87057			6
2025.10.02	02:07:50.207		0.87058			4
2025.10.02	02:07:54.881		0.87057			4
2025.10.02	02:08:01.786	0.87055				2
2025.10.02	02:08:02.474		0.87058			4
2025.10.02	02:09:00.911	0.87055				2
2025.10.02	02:09:02.911		0.87058			4
2025.10.02	02:09:03.342	0.87058	0.87059			6
2025.10.02	02:09:09.766	0.87056				2
2025.10.02	02:09:10.080	0.87055				2
2025.10.02	02:09:12.174	0.87056				2
2025.10.02	02:09:14.169	0.87054	0.87056			6
2025.10.02	02:09:15.454		0.87057			4
2025.10.02	02:09:15.773		0.87058			4
2025.10.02	02:09:19.426		0.87056			4
2025.10.02	02:09:20.565		0.87057			4
2025.10.02	02:09:26.693		0.87056			4
2025.10.02	02:09:30.424	0.87053				2
2025.10.02	02:10:00.557	0.87053				2
2025.10.02	02:10:12.235	0.87054				2
2025.10.02	02:10:13.913	0.87053	0.87055			6
2025.10.02	02:10:21.165	0.87051				2
2025.10.02	02:10:21.711	0.87052				2
2025.10.02	02:10:27.634	0.87047	0.87050			6
2025.10.02	02:10:30.896	0.87051	0.87053			6
2025.10.02	02:10:35.680	0.87052				2
2025.10.02	02:10:40.986	0.87051				2
2025.10.02	02:10:45.702		0.87054			4
2025.10.02	02:10:51.882	0.87052				2
2025.10.02	02:10:59.879	0.87051				2
2025.10.02	02:11:00.316	0.87051				2
2025.10.02	02:11:51.349		0.87054			4
2025.10.02	02:11:56.987	0.87052				2
2025.10.02	02:12:00.536	0.87052	0.87055			6
2025.10.02	02:12:18.579		0.87054			4
2025.10.02	02:12:28.243	0.87051	0.87055			6
2025.10.02	02:12:33.144	0.87053				2
2025.10.02	02:13:00.081	0.87053				2
2025.10.02	02:13:01.129	0.87052				2
2025.10.02	02:13:11.871	0.87053				2
2025.10.02	02:13:18.676	0.87052				2
2025.10.02	02:13:33.516	0.87051	0.87054			6
2025.10.02	02:13:41.323	0.87052				2
2025.10.02	02:13:41.902	0.87051				2
2025.10.02	02:13:42.738	0.87049	0.87051			6
2025.10.02	02:14:00.999	0.87049				2
2025.10.02	02:14:08.790	0.87051	0.87052			6
2025.10.02	02:14:09.101		0.87054			4
2025.10.02	02:14:22.269	0.87048	0.87049			6
2025.10.02	02:14:29.350	0.87047	0.87048			6
2025.10.02	02:14:35.732	0.87048	0.87051			6
2025.10.02	02:15:00.312	0.87048				2
2025.10.02	02:15:10.381	0.87047	0.87049			6
2025.10.02	02:15:12.598		0.87050			4
2025.10.02	02:15:15.996	0.87046	0.87048			6
2025.10.02	02:15:16.576	0.87045				2
2025.10.02	02:15:42.311		0.87047			4
2025.10.02	02:15:45.370		0.87048			4
2025.10.02	02:15:48.183	0.87044	0.87047			6
2025.10.02	02:15:54.334	0.87045				2
2025.10.02	02:16:00.271	0.87045				2
2025.10.02	02:16:01.960		0.87048			4
2025.10.02	02:16:02.850		0.87049			4
2025.10.02	02:16:21.620		0.87048			4
2025.10.02	02:16:24.878		0.87047			4
2025.10.02	02:16:47.082	0.87047	0.87049			6
2025.10.02	02:17:01.009	0.87047				2
2025.10.02	02:17:02.352	0.87048	0.87050			6
2025.10.02	02:17:15.190		0.87051			4
2025.10.02	02:17:18.685	0.87049				2
2025.10.02	02:17:54.879		0.87050			4
2025.10.02	02:17:57.219	0.87048				2
2025.10.02	02:18:02.441	0.87048	0.87049			6
2025.10.02	02:18:07.601	0.87047				2
2025.10.02	02:18:15.247		0.87050			4
2025.10.02	02:18:24.579	0.87048				2
2025.10.02	02:18:45.362	0.87047				2
2025.10.02	02:18:53.530	0.87048				2
2025.10.02	02:19:00.485	0.87048	0.87051			6
2025.10.02	02:19:01.910		0.87049			4
2025.10.02	02:19:24.639		0.87050			4
2025.10.02	02:19:28.717		0.87051			4
2025.10.02	02:19:32.933	0.87047				2
2025.10.02	02:19:45.365	0.87045	0.87048			6
2025.10.02	02:20:00.655	0.87045				2
2025.10.02	02:20:37.481	0.87046	0.87049			6
2025.10.02	02:20:45.446		0.87048			4
2025.10.02	02:21:00.933	0.87046				2
2025.10.02	02:21:35.703	0.87044	0.87046			6
2025.10.02	02:21:43.230	0.87043	0.87044			6
2025.10.02	02:22:02.066	0.87043				2
2025.10.02	02:22:02.647	0.87044	0.87045			6
2025.10.02	02:22:03.078		0.87046			4
2025.10.02	02:22:13.583		0.87045			4
2025.10.02	02:22:14.755		0.87046			4
2025.10.02	02:22:16.061	0.87043				2
2025.10.02	02:22:34.338	0.87046	0.87049			6
2025.10.02	02:22:35.410		0.87048			4
2025.10.02	02:22:38.465	0.87045				2
2025.10.02	02:22:45.809	0.87044	0.87047			6
2025.10.02	02:22:56.976	0.87043				2
2025.10.02	02:22:59.384		0.87046			4
2025.10.02	02:23:00.653	0.87043				2
2025.10.02	02:23:44.000		0.87045			4
2025.10.02	02:23:54.281	0.87042				2
2025.10.02	02:24:00.584	0.87042				2
2025.10.02	02:24:01.548	0.87043				2
2025.10.02	02:24:52.415		0.87045			4
2025.10.02	02:25:00.461	0.87043				2
2025.10.02	02:25:12.511	0.87045	0.87049			6
2025.10.02	02:25:12.855	0.87049	0.87051			6
2025.10.02	02:25:14.872	0.87047				2
2025.10.02	02:25:18.009	0.87045	0.87049			6
2025.10.02	02:25:20.272	0.87046				2
2025.10.02	02:25:58.068	0.87045	0.87047			6
2025.10.02	02:25:59.696	0.87044	0.87046			6
2025.10.02	02:26:01.012	0.87044				2
2025.10.02	02:26:45.913	0.87043				2
2025.10.02	02:26:49.740	0.87044				2
2025.10.02	02:26:50.063		0.87047			4
2025.10.02	02:26:51.723		0.87046			4
2025.10.02	02:27:00.673	0.87044				2
2025.10.02	02:27:06.621	0.87045				2
2025.10.02	02:27:08.988		0.87047			4
2025.10.02	02:27:23.472		0.87048			4
2025.10.02	02:27:46.779		0.87047			4
2025.10.02	02:27:53.857		0.87048			4
2025.10.02	02:28:00.315	0.87045				2
2025.10.02	02:28:06.882		0.87047			4
2025.10.02	02:28:17.107	0.87044				2
2025.10.02	02:28:17.420	0.87043				2
2025.10.02	02:29:00.654	0.87043				2
2025.10.02	02:29:10.259		0.87047			4
2025.10.02	02:29:23.475	0.87044	0.87046			6
2025.10.02	02:29:25.160	0.87041	0.87044			6
2025.10.02	02:29:43.608		0.87043			4
2025.10.02	02:29:44.086	0.87042	0.87045			6
2025.10.02	02:29:47.459	0.87041	0.87044			6
2025.10.02	02:29:54.464		0.87042			4
2025.10.02	02:30:00.126	0.87041				2
2025.10.02	02:30:03.278	0.87040	0.87043			6
2025.10.02	02:30:06.762	0.87039	0.87042			6
2025.10.02	02:30:07.619	0.87040				2
2025.10.02	02:31:01.061	0.87040				2
2025.10.02	02:31:08.183	0.87039	0.87042			6
2025.10.02	02:31:10.317	0.87041	0.87043			6
2025.10.02	02:31:10.949		0.87045			4
2025.10.02	02:31:11.983		0.87044			4
2025.10.02	02:31:14.536		0.87043			4
2025.10.02	02:31:33.046	0.87040				2
2025.10.02	02:31:59.823	0.87041	0.87046			6
2025.10.02	02:32:00.197	0.87041				2
2025.10.02	02:32:04.335	0.87042				2
2025.10.02	02:32:04.862	0.87041	0.87045			6
2025.10.02	02:33:00.222	0.87041				2
2025.10.02	02:33:05.293		0.87045			4
2025.10.02	02:33:17.384	0.87040				2
2025.10.02	02:33:29.862	0.87041				2
2025.10.02	02:33:49.827	0.87040				2
2025.10.02	02:33:59.754		0.87044			4
2025.10.02	02:34:00.617	0.87040				2
2025.10.02	02:34:36.860	0.87041	0.87045			6
2025.10.02	02:35:01.077	0.87041				2
2025.10.02	02:35:25.789		0.87046			4
2025.10.02	02:35:26.757		0.87045			4
2025.10.02	02:35:53.778	0.87044	0.87048			6
2025.10.02	02:36:00.321	0.87044				2
2025.10.02	02:36:00.881	0.87045				2
2025.10.02	02:36:20.126	0.87042	0.87045			6
2025.10.02	02:36:20.866	0.87043	0.87048			6
2025.10.02	02:36:21.214	0.87044				2
2025.10.02	02:36:21.895	0.87042	0.87045			6
2025.10.02	02:36:25.397	0.87041	0.87043			6
2025.10.02	02:36:31.021		0.87044			4
2025.10.02	02:36:40.698	0.87042	0.87046			6
2025.10.02	02:36:50.621		0.87045			4
2025.10.02	02:36:50.981		0.87046			4
2025.10.02	02:37:00.183	0.87042				2
2025.10.02	02:37:24.950		0.87045			4
2025.10.02	02:37:27.991		0.87046			4
2025.10.02	02:37:45.413		0.87045			4
2025.10.02	02:37:45.792		0.87046			4
2025.10.02	02:37:48.007		0.87045			4
2025.10.02	02:38:00.223	0.87042	0.87044			6
2025.10.02	02:38:09.058	0.87043	0.87046			6
2025.10.02	02:38:10.791		0.87045			4
2025.10.02	02:38:24.904	0.87042	0.87044			6
2025.10.02	02:38:25.247		0.87046			4
2025.10.02	02:38:25.568	0.87043				2
2025.10.02	02:38:26.382	0.87046	0.87047			6
2025.10.02	02:38:28.421	0.87045	0.87046			6
2025.10.02	02:39:00.884	0.87045				2
2025.10.02	02:39:07.160		0.87047			4
2025.10.02	02:40:00.576	0.87045				2
2025.10.02	02:40:07.185		0.87047			4
2025.10.02	02:40:20.679		0.87048			4
2025.10.02	02:41:03.583	0.87045				2
2025.10.02	02:41:12.717	0.87044				2
2025.10.02	02:41:18.597		0.87047			4
2025.10.02	02:41:26.157	0.87043				2
2025.10.02	02:41:35.361	0.87046	0.87048			6
2025.10.02	02:42:00.559	0.87044	0.87046			6
2025.10.02	02:42:00.882	0.87043				2
2025.10.02	02:42:07.361	0.87045	0.87047			6
2025.10.02	02:42:11.622	0.87044				2
2025.10.02	02:42:31.367	0.87046	0.87049			6
2025.10.02	02:42:31.700	0.87047				2
2025.10.02	02:42:32.208	0.87046				2
2025.10.02	02:42:33.832	0.87047				2
2025.10.02	02:42:34.296	0.87048				2
2025.10.02	02:42:39.724		0.87051			4
2025.10.02	02:42:40.811	0.87047	0.87049			6
2025.10.02	02:42:41.170	0.87046	0.87048			6
2025.10.02	02:42:41.728		0.87047			4
2025.10.02	02:42:50.080		0.87048			4
2025.10.02	02:42:58.388	0.87048	0.87049			6
2025.10.02	02:43:00.316	0.87048	0.87050			6
2025.10.02	02:43:06.347	0.87049	0.87052			6
2025.10.02	02:43:08.349	0.87050	0.87053			6
2025.10.02	02:43:11.566	0.87051				2
2025.10.02	02:43:11.989	0.87050	0.87052			6
2025.10.02	02:43:17.516	0.87051	0.87053			6
2025.10.02	02:43:28.287	0.87048	0.87049			6
2025.10.02	02:43:28.605	0.87049	0.87050			6
2025.10.02	02:43:30.358	0.87048	0.87051			6
2025.10.02	02:43:32.915	0.87047	0.87049			6
2025.10.02	02:43:33.226	0.87046				2
2025.10.02	02:43:35.717	0.87047	0.87048			6
2025.10.02	02:43:38.391	0.87046				2
2025.10.02	02:43:38.757	0.87047				2
2025.10.02	02:43:48.869	0.87046				2
2025.10.02	02:43:49.957	0.87047				2
2025.10.02	02:43:51.645	0.87046	0.87047			6
2025.10.02	02:43:52.411	0.87045	0.87046			6
2025.10.02	02:43:52.746		0.87047			4
2025.10.02	02:43:58.444	0.87046				2
2025.10.02	02:44:00.657	0.87046				2
2025.10.02	02:44:22.239	0.87045				2
2025.10.02	02:44:25.848	0.87047	0.87049			6
2025.10.02	02:44:28.505	0.87048	0.87050			6
2025.10.02	02:44:36.620		0.87049			4
2025.10.02	02:44:55.963	0.87047				2
2025.10.02	02:45:01.155	0.87047				2
2025.10.02	02:45:05.080	0.87050	0.87053			6
2025.10.02	02:45:05.746	0.87052	0.87054			6
2025.10.02	02:45:09.435	0.87053				2
2025.10.02	02:45:23.403	0.87052				2
2025.10.02	02:45:32.796	0.87051	0.87053			6
2025.10.02	02:45:34.348	0.87052				2
2025.10.02	02:45:42.318	0.87051				2
2025.10.02	02:45:44.609		0.87054			4
2025.10.02	02:45:45.659	0.87052				2
2025.10.02	02:45:50.450	0.87051				2
2025.10.02	02:45:50.827	0.87052				2
2025.10.02	02:46:00.174	0.87052				2
2025.10.02	02:46:02.085	0.87053	0.87056			6
2025.10.02	02:46:05.408		0.87055			4
2025.10.02	02:46:24.274		0.87056			4
2025.10.02	02:46:27.716		0.87054			4
2025.10.02	02:46:34.803	0.87052	0.87055			6
2025.10.02	02:46:36.771	0.87051	0.87053			6
2025.10.02	02:47:00.317	0.87051				2
2025.10.02	02:47:01.958	0.87052	0.87054			6
2025.10.02	02:47:03.138	0.87053				2
2025.10.02	02:47:20.899	0.87055	0.87056			6
2025.10.02	02:47:21.214		0.87058			4
2025.10.02	02:47:28.164	0.87053	0.87056			6
2025.10.02	02:47:38.334	0.87054				2
2025.10.02	02:47:41.851		0.87055			4
2025.10.02	02:47:43.506	0.87053				2
2025.10.02	02:47:56.134	0.87054	0.87056			6
2025.10.02	02:47:57.476		0.87057			4
2025.10.02	02:48:00.445	0.87054				2
2025.10.02	02:48:13.808	0.87055				2
2025.10.02	02:48:17.603		0.87056			4
2025.10.02	02:48:38.946		0.87057			4
2025.10.02	02:49:01.209	0.87055				2
2025.10.02	02:49:02.849		0.87058			4
2025.10.02	02:49:24.289		0.87057			4
2025.10.02	02:49:30.167	0.87059	0.87061			6
2025.10.02	02:49:30.488		0.87060			4
2025.10.02	02:50:00.437	0.87059				2
2025.10.02	02:50:02.439	0.87058				2
2025.10.02	02:50:04.425	0.87057	0.87062			6
2025.10.02	02:50:05.376		0.87061			4
2025.10.02	02:50:11.234		0.87060			4
2025.10.02	02:50:31.729		0.87061			4
2025.10.02	02:50:32.454		0.87060			4
2025.10.02	02:50:35.528	0.87056	0.87059			6
2025.10.02	02:50:35.887		0.87058			4
2025.10.02	02:50:38.323	0.87057	0.87059			6
2025.10.02	02:50:42.040	0.87052	0.87054			6
2025.10.02	02:50:50.674	0.87054	0.87055			6
2025.10.02	02:50:53.255	0.87053	0.87054			6
2025.10.02	02:51:00.206	0.87053				2
2025.10.02	02:51:24.646	0.87054	0.87055			6
2025.10.02	02:51:24.997	0.87053	0.87054			6
2025.10.02	02:51:28.254	0.87054	0.87055			6
2025.10.02	02:51:54.353	0.87053	0.87054			6
2025.10.02	02:51:55.075		0.87055			4
2025.10.02	02:51:58.220		0.87054			4
2025.10.02	02:52:00.442	0.87053				2
2025.10.02	02:52:02.851		0.87055			4
2025.10.02	02:52:07.360	0.87052	0.87053			6
2025.10.02	02:52:07.678	0.87053	0.87054			6
2025.10.02	02:52:25.112	0.87055	0.87056			6
2025.10.02	02:52:25.927	0.87056	0.87057			6
2025.10.02	02:52:27.526	0.87055	0.87056			6
2025.10.02	02:52:28.351	0.87056	0.87057			6
2025.10.02	02:52:31.786	0.87055	0.87056			6
2025.10.02	02:52:33.950	0.87054	0.87055			6
2025.10.02	02:52:34.349	0.87053	0.87054			6
2025.10.02	02:52:37.503	0.87050	0.87052			6
2025.10.02	02:52:45.046		0.87051			4
2025.10.02	02:52:45.660	0.87048				2
2025.10.02	02:52:45.963	0.87049	0.87050			6
2025.10.02	02:52:47.189	0.87048	0.87049			6
2025.10.02	02:52:52.878	0.87047	0.87048			6
2025.10.02	02:52:53.197	0.87048	0.87049			6
2025.10.02	02:52:56.659	0.87049	0.87050			6
2025.10.02	02:52:57.242	0.87046	0.87047			6
2025.10.02	02:52:57.792	0.87047	0.87048			6
2025.10.02	02:52:59.159	0.87048	0.87049			6
2025.10.02	02:52:59.897	0.87049	0.87050			6
2025.10.02	02:53:00.333	0.87049				2
2025.10.02	02:53:00.638	0.87047	0.87049			6
2025.10.02	02:53:06.438	0.87046				2
2025.10.02	02:53:06.795	0.87047				2
2025.10.02	02:53:07.727	0.87046	0.87048			6
2025.10.02	02:53:13.071	0.87045	0.87046			6
2025.10.02	02:53:13.471	0.87046	0.87047			6
2025.10.02	02:53:13.785	0.87045	0.87048			6
2025.10.02	02:53:16.447	0.87046				2
2025.10.02	02:53:16.904	0.87045				2
2025.10.02	02:53:17.667	0.87046				2
2025.10.02	02:53:18.226	0.87045				2
2025.10.02	02:53:18.967	0.87046				2
2025.10.02	02:53:36.739	0.87047				2
2025.10.02	02:53:38.164	0.87048	0.87049			6
2025.10.02	02:53:38.896	0.87047	0.87048			6
2025.10.02	02:53:39.796	0.87048	0.87049			6
2025.10.02	02:53:40.295	0.87047	0.87048			6
2025.10.02	02:53:41.198	0.87049	0.87052			6
2025.10.02	02:53:42.283	0.87048	0.87049			6
2025.10.02	02:53:59.042	0.87047	0.87048			6
2025.10.02	02:53:59.507	0.87048	0.87049			6
2025.10.02	02:54:00.006	0.87048				2
2025.10.02	02:54:00.585	0.87047	0.87048			6
2025.10.02	02:54:22.490	0.87048	0.87049			6
2025.10.02	02:54:25.367	0.87047	0.87048			6
2025.10.02	02:54:30.099	0.87048	0.87049			6
2025.10.02	02:54:32.620	0.87047	0.87048			6
2025.10.02	02:54:38.258	0.87046				2
2025.10.02	02:54:38.828	0.87045				2
2025.10.02	02:54:46.661		0.87047			4
2025.10.02	02:55:00.318	0.87045				2
2025.10.02	02:55:01.480	0.87046	0.87048			6
2025.10.02	02:55:01.960	0.87047				2
2025.10.02	02:55:07.322	0.87046	0.87047			6
2025.10.02	02:55:07.630	0.87044	0.87045			6
2025.10.02	02:55:08.241	0.87043	0.87044			6
2025.10.02	02:55:12.772	0.87044	0.87045			6
2025.10.02	02:55:20.303	0.87043	0.87044			6
2025.10.02	02:55:33.868	0.87040	0.87041			6
2025.10.02	02:55:35.102	0.87039				2
2025.10.02	02:55:35.421	0.87042	0.87044			6
2025.10.02	02:55:35.756	0.87043				2
2025.10.02	02:55:38.709	0.87044	0.87045			6
2025.10.02	02:56:01.726	0.87044				2
2025.10.02	02:56:04.412	0.87043	0.87044			6
2025.10.02	02:56:11.299	0.87044	0.87045			6
2025.10.02	02:56:12.222	0.87043	0.87044			6
2025.10.02	02:56:14.227	0.87044	0.87045			6
2025.10.02	02:56:18.348	0.87043	0.87044			6
2025.10.02	02:56:18.882	0.87044	0.87045			6
2025.10.02	02:56:19.544	0.87043	0.87044			6
2025.10.02	02:56:22.486	0.87044	0.87045			6
2025.10.02	02:56:31.446	0.87043	0.87044			6
2025.10.02	02:56:46.448	0.87040	0.87042			6
2025.10.02	02:56:47.419	0.87041	0.87043			6
2025.10.02	02:56:51.831		0.87042			4
2025.10.02	02:56:55.671		0.87043			4
2025.10.02	02:57:00.733	0.87041				2
2025.10.02	02:57:01.147		0.87042			4
2025.10.02	02:57:05.348		0.87043			4
2025.10.02	02:57:13.539	0.87044	0.87045			6
2025.10.02	02:57:25.549	0.87045	0.87046			6
2025.10.02	02:57:25.996	0.87044	0.87045			6
2025.10.02	02:57:36.571	0.87046	0.87047			6
2025.10.02	02:57:36.876	0.87047	0.87048			6
2025.10.02	02:57:44.130	0.87048	0.87049			6
2025.10.02	02:57:45.427	0.87047	0.87048			6
2025.10.02	02:57:48.115	0.87049	0.87052			6
2025.10.02	02:57:48.420	0.87047	0.87048			6
2025.10.02	02:57:48.722	0.87048	0.87049			6
2025.10.02	02:57:59.399	0.87047	0.87048			6
2025.10.02	02:58:00.501	0.87047				2
2025.10.02	02:58:03.643	0.87045	0.87046			6
2025.10.02	02:58:04.274	0.87047	0.87048			6
2025.10.02	02:58:09.674		0.87049			4
2025.10.02	02:58:09.998	0.87048	0.87050			6
2025.10.02	02:58:10.301		0.87049			4
2025.10.02	02:58:11.912		0.87050			4
2025.10.02	02:58:16.271		0.87049			4
2025.10.02	02:58:16.618	0.87047				2
2025.10.02	02:58:23.472	0.87049	0.87050			6
2025.10.02	02:58:24.010	0.87048				2
2025.10.02	02:58:25.075	0.87049				2
2025.10.02	02:58:28.593	0.87048				2
2025.10.02	02:58:29.242	0.87049				2
2025.10.02	02:58:34.596	0.87048				2
2025.10.02	02:58:34.899		0.87051			4
2025.10.02	02:58:35.206		0.87050			4
2025.10.02	02:58:36.826	0.87049				2
2025.10.02	02:58:38.679	0.87048				2
2025.10.02	02:58:42.662	0.87049				2
2025.10.02	02:58:46.858	0.87048				2
2025.10.02	02:58:48.334	0.87050	0.87051			6
2025.10.02	02:58:48.638	0.87051	0.87052			6
2025.10.02	02:58:49.381	0.87049				2
2025.10.02	02:58:50.577		0.87051			4
2025.10.02	02:59:00.431	0.87049				2
2025.10.02	02:59:08.596	0.87050	0.87052			6
2025.10.02	02:59:08.900	0.87052	0.87054			6
2025.10.02	02:59:09.220	0.87051	0.87053			6
2025.10.02	02:59:09.898	0.87052	0.87054			6
2025.10.02	02:59:10.209		0.87053			4
2025.10.02	02:59:10.550	0.87051				2
2025.10.02	02:59:11.239	0.87052				2
2025.10.02	02:59:12.350	0.87051				2
2025.10.02	02:59:19.538	0.87050	0.87051			6
2025.10.02	02:59:23.075	0.87051	0.87053			6
2025.10.02	02:59:28.932	0.87050				2
2025.10.02	02:59:31.051		0.87052			4
2025.10.02	02:59:35.621		0.87051			4
2025.10.02	02:59:39.111		0.87052			4
2025.10.02	02:59:43.711	0.87048	0.87049			6
2025.10.02	02:59:44.458	0.87049	0.87050			6
2025.10.02	02:59:44.797	0.87048	0.87049			6
2025.10.02	02:59:45.862		0.87050			4
2025.10.02	02:59:47.631	0.87049				2
2025.10.02	02:59:48.285	0.87048				2
2025.10.02	02:59:48.595	0.87047	0.87048			6
2025.10.02	02:59:54.642	0.87049	0.87051			6
2025.10.02	02:59:56.098	0.87050	0.87052			6
2025.10.02	02:59:57.637	0.87049	0.87051			6
2025.10.02	03:00:00.335	0.87050				2
2025.10.02	03:00:00.639	0.87048	0.87049			6
2025.10.02	03:00:00.945	0.87050	0.87051			6
2025.10.02	03:00:02.643	0.87051	0.87052			6
2025.10.02	03:00:05.693	0.87050				2
2025.10.02	03:00:06.255	0.87048	0.87049			6
2025.10.02	03:00:07.660		0.87050			4
2025.10.02	03:00:08.002	0.87049	0.87051			6
2025.10.02	03:00:08.305		0.87050			4
2025.10.02	03:00:09.212	0.87050	0.87051			6
2025.10.02	03:00:10.120	0.87051	0.87053			6
2025.10.02	03:00:10.470		0.87052			4
2025.10.02	03:00:11.883	0.87052	0.87053			6
2025.10.02	03:00:12.283	0.87051	0.87052			6
2025.10.02	03:00:15.501	0.87054	0.87055			6
2025.10.02	03:00:15.821	0.87055	0.87056			6
2025.10.02	03:00:16.518	0.87057	0.87058			6
2025.10.02	03:00:16.826	0.87056	0.87057			6
2025.10.02	03:00:17.167	0.87059	0.87060			6
2025.10.02	03:00:17.602	0.87058	0.87059			6
2025.10.02	03:00:17.918	0.87056	0.87058			6
2025.10.02	03:00:18.300	0.87057				2
2025.10.02	03:00:18.961	0.87056				2
2025.10.02	03:00:20.006	0.87057				2
2025.10.02	03:00:20.361	0.87056	0.87057			6
2025.10.02	03:00:20.853	0.87060	0.87061			6
2025.10.02	03:00:22.443	0.87058	0.87059			6
2025.10.02	03:00:23.983	0.87055	0.87056			6
2025.10.02	03:00:27.420	0.87056	0.87057			6
2025.10.02	03:00:30.344	0.87055	0.87056			6
2025.10.02	03:00:35.154	0.87054	0.87055			6
2025.10.02	03:00:37.797	0.87055	0.87056			6
2025.10.02	03:00:38.411	0.87054	0.87055			6
2025.10.02	03:00:39.308	0.87057	0.87058			6
2025.10.02	03:00:39.979	0.87058	0.87059			6
2025.10.02	03:00:41.917	0.87060	0.87061			6
2025.10.02	03:00:43.051	0.87058	0.87059			6
2025.10.02	03:00:43.362		0.87060			4
2025.10.02	03:00:43.761		0.87059			4
2025.10.02	03:00:51.703	0.87059	0.87060			6
2025.10.02	03:00:55.505	0.87058	0.87059			6
2025.10.02	03:00:56.478	0.87059	0.87060			6
2025.10.02	03:00:57.360	0.87058	0.87059			6
2025.10.02	03:00:58.093	0.87057	0.87058			6
2025.10.02	03:00:59.191	0.87056	0.87057			6
2025.10.02	03:01:00.326	0.87056				2
2025.10.02	03:01:01.738	0.87059	0.87060			6
2025.10.02	03:01:04.612	0.87058	0.87059			6
2025.10.02	03:01:07.222	0.87055	0.87056			6
2025.10.02	03:01:07.534	0.87054				2
2025.10.02	03:01:11.137		0.87055			4
2025.10.02	03:01:11.859	0.87053				2
2025.10.02	03:01:13.420	0.87054				2
2025.10.02	03:01:18.559	0.87053				2
2025.10.02	03:01:27.454	0.87054				2
2025.10.02	03:01:29.986	0.87053				2
2025.10.02	03:01:30.406	0.87054	0.87056			6
2025.10.02	03:01:30.709		0.87055			4
2025.10.02	03:01:32.438	0.87057	0.87058			6
2025.10.02	03:01:37.876	0.87058	0.87059			6
2025.10.02	03:01:38.274	0.87059	0.87060			6
2025.10.02	03:01:38.578	0.87058	0.87059			6
2025.10.02	03:01:40.761	0.87057	0.87058			6
2025.10.02	03:01:44.288	0.87058	0.87059			6
2025.10.02	03:01:47.395	0.87057	0.87058			6
2025.10.02	03:01:48.658	0.87058	0.87059			6
2025.10.02	03:01:49.278	0.87057	0.87058			6
2025.10.02	03:01:52.211	0.87058	0.87059			6
2025.10.02	03:01:52.651	0.87057	0.87058			6
2025.10.02	03:01:56.185	0.87058	0.87059			6
2025.10.02	03:01:59.372	0.87060	0.87062			6
2025.10.02	03:01:59.678	0.87062	0.87063			6
2025.10.02	03:02:00.313	0.87062				2
2025.10.02	03:02:02.308	0.87063	0.87064			6
2025.10.02	03:02:11.116	0.87062				2
2025.10.02	03:02:12.343	0.87063				2
2025.10.02	03:02:18.956	0.87061	0.87063			6
2025.10.02	03:02:22.697	0.87062				2
2025.10.02	03:02:23.589	0.87066	0.87069			6
2025.10.02	03:02:23.896	0.87065				2
2025.10.02	03:02:24.347	0.87063	0.87066			6
2025.10.02	03:02:24.658	0.87062	0.87063			6
2025.10.02	03:02:25.069	0.87061	0.87062			6
2025.10.02	03:02:29.422		0.87063			4
2025.10.02	03:02:30.374		0.87062			4
2025.10.02	03:02:32.161	0.87060	0.87061			6
2025.10.02	03:02:34.344		0.87062			4
2025.10.02	03:02:34.719	0.87061				2
2025.10.02	03:02:35.193	0.87065	0.87066			6
2025.10.02	03:02:35.556	0.87066	0.87067			6
2025.10.02	03:02:39.765	0.87065	0.87066			6
2025.10.02	03:02:43.865	0.87069	0.87071			6
2025.10.02	03:02:45.493	0.87068				2
2025.10.02	03:02:45.798	0.87067	0.87068			6
2025.10.02	03:02:47.393	0.87065	0.87066			6
2025.10.02	03:02:47.740		0.87067			4
2025.10.02	03:02:51.452		0.87066			4
2025.10.02	03:03:00.865	0.87065				2
2025.10.02	03:03:02.418	0.87064	0.87065			6
2025.10.02	03:03:05.337	0.87063	0.87064			6
2025.10.02	03:03:06.983	0.87064	0.87065			6
2025.10.02	03:03:11.236	0.87063	0.87064			6
2025.10.02	03:03:13.997	0.87062	0.87063			6
2025.10.02	03:03:15.104	0.87065	0.87066			6
2025.10.02	03:03:16.021	0.87061	0.87062			6
2025.10.02	03:03:19.520	0.87063	0.87064			6
2025.10.02	03:03:35.337	0.87062				2
2025.10.02	03:03:35.992	0.87063				2
2025.10.02	03:03:36.665	0.87064	0.87065			6
2025.10.02	03:03:48.461		0.87066			4
2025.10.02	03:03:48.775	0.87065				2
2025.10.02	03:03:50.316	0.87064	0.87065			6
2025.10.02	03:03:52.812	0.87068	0.87070			6
2025.10.02	03:03:53.143		0.87069			4
2025.10.02	03:03:55.658	0.87067	0.87068			6
2025.10.02	03:03:56.007		0.87069			4
2025.10.02	03:03:56.344		0.87068			4
2025.10.02	03:04:00.315	0.87067				2
2025.10.02	03:04:04.213	0.87066	0.87067			6
2025.10.02	03:04:11.492	0.87065				2
2025.10.02	03:04:12.202		0.87066			4
2025.10.02	03:04:12.624	0.87067	0.87068			6
2025.10.02	03:04:16.886	0.87068	0.87069			6
2025.10.02	03:04:17.250		0.87070			4
2025.10.02	03:04:22.254	0.87070	0.87071			6
2025.10.02	03:04:22.783	0.87069	0.87072			6
2025.10.02	03:04:23.753		0.87070			4
2025.10.02	03:04:26.887		0.87072			4
2025.10.02	03:04:28.663		0.87071			4
2025.10.02	03:04:28.980	0.87066	0.87068			6
2025.10.02	03:04:29.859	0.87068	0.87070			6
2025.10.02	03:04:30.253		0.87069			4
2025.10.02	03:04:32.073	0.87067				2
2025.10.02	03:04:32.583	0.87068				2
2025.10.02	03:04:32.899		0.87071			4
2025.10.02	03:04:33.274		0.87069			4
2025.10.02	03:04:34.617		0.87071			4
2025.10.02	03:04:36.096	0.87067	0.87068			6
2025.10.02	03:04:38.060	0.87066	0.87067			6
2025.10.02	03:04:44.067	0.87065	0.87066			6
2025.10.02	03:04:44.445	0.87067	0.87068			6
2025.10.02	03:04:52.258	0.87066				2
2025.10.02	03:04:53.808	0.87065	0.87066			6
2025.10.02	03:04:55.947	0.87064	0.87065			6
2025.10.02	03:05:00.864	0.87064				2
2025.10.02	03:05:02.600	0.87063	0.87064			6
2025.10.02	03:05:04.193	0.87064	0.87065			6
2025.10.02	03:05:04.818	0.87063				2
2025.10.02	03:05:07.421		0.87064			4
2025.10.02	03:05:23.903	0.87065	0.87066			6
2025.10.02	03:05:27.675	0.87064	0.87065			6
2025.10.02	03:05:29.403	0.87065	0.87066			6
2025.10.02	03:05:34.525	0.87062	0.87064			6
2025.10.02	03:05:34.848	0.87061	0.87062			6
2025.10.02	03:05:35.162	0.87062	0.87063			6
2025.10.02	03:05:36.089	0.87061	0.87062			6
2025.10.02	03:05:38.809	0.87059	0.87060			6
2025.10.02	03:05:41.381	0.87058	0.87059			6
2025.10.02	03:05:44.319	0.87056	0.87058			6
2025.10.02	03:05:44.638		0.87057			4
2025.10.02	03:05:48.303	0.87054	0.87055			6
2025.10.02	03:05:50.873	0.87055	0.87056			6
2025.10.02	03:05:51.251	0.87054	0.87055			6
2025.10.02	03:05:57.427	0.87055	0.87056			6
2025.10.02	03:06:00.296	0.87055	0.87057			6
2025.10.02	03:06:00.612	0.87050	0.87051			6
2025.10.02	03:06:05.905	0.87049	0.87050			6
2025.10.02	03:06:06.407	0.87050	0.87051			6
2025.10.02	03:06:08.802	0.87049	0.87050			6
2025.10.02	03:06:09.148	0.87050	0.87051			6
2025.10.02	03:06:09.477	0.87049				2
2025.10.02	03:06:11.232		0.87050			4
2025.10.02	03:06:12.167	0.87048				2
2025.10.02	03:06:12.582	0.87049				2
2025.10.02	03:06:17.494	0.87050	0.87051			6
2025.10.02	03:06:18.073	0.87049	0.87050			6
2025.10.02	03:06:19.512	0.87048				2
2025.10.02	03:06:20.297	0.87049				2
2025.10.02	03:06:21.961	0.87050	0.87051			6
2025.10.02	03:06:23.461	0.87051	0.87052			6
2025.10.02	03:06:24.966	0.87050				2
2025.10.02	03:06:25.977	0.87051				2
2025.10.02	03:06:41.505	0.87049	0.87050			6
2025.10.02	03:06:44.399	0.87053	0.87054			6
2025.10.02	03:06:45.457	0.87051	0.87053			6
2025.10.02	03:06:46.028		0.87052			4
2025.10.02	03:06:54.208		0.87053			4
2025.10.02	03:06:58.682	0.87050	0.87051			6
2025.10.02	03:07:00.757	0.87049	0.87050			6
2025.10.02	03:07:03.139	0.87050	0.87051			6
2025.10.02	03:07:04.422	0.87052	0.87053			6
2025.10.02	03:07:08.411	0.87051				2
2025.10.02	03:07:10.314		0.87052			4
2025.10.02	03:07:11.909	0.87052	0.87053			6
2025.10.02	03:07:20.072	0.87050	0.87051			6
2025.10.02	03:07:20.378	0.87049	0.87050			6
2025.10.02	03:07:23.032	0.87048	0.87049			6
2025.10.02	03:07:24.933	0.87051	0.87052			6
2025.10.02	03:07:25.269	0.87050				2
2025.10.02	03:07:26.284	0.87051				2
2025.10.02	03:07:27.510	0.87053	0.87054			6
2025.10.02	03:07:28.136	0.87054	0.87055			6
2025.10.02	03:07:29.474	0.87053				2
2025.10.02	03:07:33.511	0.87055	0.87056			6
2025.10.02	03:07:34.395	0.87056	0.87058			6
2025.10.02	03:07:34.699	0.87058	0.87059			6
2025.10.02	03:07:35.015	0.87057	0.87058			6
2025.10.02	03:07:44.471	0.87058	0.87059			6
2025.10.02	03:07:45.870	0.87057	0.87058			6
2025.10.02	03:07:48.015	0.87056				2
2025.10.02	03:07:48.351	0.87053	0.87054			6
2025.10.02	03:07:53.508	0.87054	0.87055			6
2025.10.02	03:08:00.272	0.87054				2
2025.10.02	03:08:03.955	0.87057	0.87058			6
2025.10.02	03:08:06.211	0.87056	0.87057			6
2025.10.02	03:08:07.442	0.87057	0.87058			6
2025.10.02	03:08:20.558	0.87056	0.87057			6
2025.10.02	03:08:21.397	0.87055	0.87056			6
2025.10.02	03:08:21.917	0.87054	0.87055			6
2025.10.02	03:08:25.538	0.87057	0.87058			6
2025.10.02	03:08:28.857	0.87055	0.87056			6
2025.10.02	03:08:33.881	0.87054	0.87055			6
2025.10.02	03:08:34.460	0.87055	0.87056			6
2025.10.02	03:08:36.006	0.87054	0.87055			6
2025.10.02	03:08:42.094	0.87055	0.87056			6
2025.10.02	03:08:47.107	0.87054	0.87055			6
2025.10.02	03:08:51.814	0.87055	0.87056			6
2025.10.02	03:08:52.118	0.87056	0.87057			6
2025.10.02	03:08:57.449	0.87057	0.87058			6
2025.10.02	03:09:00.770	0.87057				2
2025.10.02	03:09:03.050	0.87055	0.87056			6
2025.10.02	03:09:03.728	0.87058	0.87059			6
2025.10.02	03:09:15.755	0.87057	0.87058			6
2025.10.02	03:09:16.372	0.87056	0.87057			6
2025.10.02	03:09:20.808	0.87055				2
2025.10.02	03:09:21.208		0.87056			4
2025.10.02	03:09:30.601	0.87052	0.87053			6
2025.10.02	03:09:30.921	0.87053	0.87054			6
2025.10.02	03:09:31.727	0.87052	0.87053			6
2025.10.02	03:09:32.155	0.87051	0.87052			6
2025.10.02	03:09:33.460		0.87053			4
2025.10.02	03:09:34.902		0.87052			4
2025.10.02	03:09:38.229	0.87050				2
2025.10.02	03:09:40.317	0.87051				2
2025.10.02	03:09:40.973	0.87050				2
2025.10.02	03:09:41.430	0.87051				2
2025.10.02	03:09:42.826	0.87050				2
2025.10.02	03:09:43.929	0.87051				2
2025.10.02	03:09:45.696	0.87050				2
