<DATE>	<TIME>	<BID>	<ASK>	<LAST>	<VOLUME>	<FLAGS>
2025.01.24	00:00:00.136	0.84285	0.84352			6
2025.01.24	00:00:00.536	0.84289	0.84349			6
2025.01.24	00:00:01.140	0.84237	0.84412			6
2025.01.24	00:00:02.050	0.84244	0.84413			6
2025.01.24	00:00:30.616	0.84287	0.84417			6
2025.01.24	00:01:01.665	0.84287				2
2025.01.24	00:01:34.063		0.84417			4
2025.01.24	00:01:52.985		0.84416			4
2025.01.24	00:02:12.826	0.84269	0.84377			6
2025.01.24	00:02:38.803	0.84267				2
2025.01.24	00:02:40.435	0.84284				2
2025.01.24	00:03:01.612	0.84284				2
2025.01.24	00:03:15.903	0.84286	0.84377			6
2025.01.24	00:04:10.901	0.84283				2
2025.01.24	00:04:12.822		0.84380			4
2025.01.24	00:05:02.052	0.84283				2
2025.01.24	00:05:03.847		0.84375			4
2025.01.24	00:05:05.905	0.84286				2
2025.01.24	00:06:00.541	0.84286				2
2025.01.24	00:06:04.345		0.84375			4
2025.01.24	00:07:02.055	0.84286				2
2025.01.24	00:07:03.846		0.84374			4
2025.01.24	00:08:00.363	0.84286				2
2025.01.24	00:08:09.618		0.84374			4
2025.01.24	00:09:11.701	0.84286	0.84374			6
2025.01.24	00:10:00.357	0.84286				2
2025.01.24	00:10:12.728	0.84307	0.84367			6
2025.01.24	00:10:23.643	0.84305	0.84366			6
2025.01.24	00:10:25.762	0.84306				2
2025.01.24	00:10:26.068		0.84367			4
2025.01.24	00:10:27.279		0.84366			4
2025.01.24	00:10:28.797	0.84307	0.84367			6
2025.01.24	00:10:30.058	0.84306	0.84366			6
2025.01.24	00:10:32.483	0.84307	0.84367			6
2025.01.24	00:10:32.785	0.84306	0.84366			6
2025.01.24	00:10:35.210	0.84307	0.84367			6
2025.01.24	00:10:42.484	0.84306				2
2025.01.24	00:10:43.392	0.84304	0.84365			6
2025.01.24	00:10:56.417	0.84302	0.84363			6
2025.01.24	00:11:00.058	0.84302				2
2025.01.24	00:11:03.391	0.84286	0.84374			6
2025.01.24	00:11:07.351	0.84302	0.84363			6
2025.01.24	00:11:08.291	0.84286	0.84374			6
2025.01.24	00:11:12.247	0.84302	0.84363			6
2025.01.24	00:11:13.188	0.84286	0.84374			6
2025.01.24	00:11:20.901		0.84400			4
2025.01.24	00:11:27.328	0.84290				2
2025.01.24	00:11:28.337	0.84292				2
2025.01.24	00:11:34.051	0.84291				2
2025.01.24	00:11:34.445	0.84290				2
2025.01.24	00:11:35.634	0.84291				2
2025.01.24	00:11:37.381		0.84374			4
2025.01.24	00:11:37.703	0.84294				2
2025.01.24	00:11:43.298		0.84400			4
2025.01.24	00:11:52.364	0.84295				2
2025.01.24	00:11:56.355		0.84399			4
2025.01.24	00:11:56.865		0.84397			4
2025.01.24	00:12:00.045	0.84295	0.84374			6
2025.01.24	00:12:05.232		0.84397			4
2025.01.24	00:12:07.349		0.84398			4
2025.01.24	00:12:13.994	0.84297				2
2025.01.24	00:12:16.363	0.84296	0.84399			6
2025.01.24	00:12:21.285		0.84374			4
2025.01.24	00:12:22.323	0.84297				2
2025.01.24	00:12:26.795		0.84399			4
2025.01.24	00:12:27.662		0.84400			4
2025.01.24	00:12:37.362	0.84296				2
2025.01.24	00:12:40.130	0.84297				2
2025.01.24	00:12:42.339		0.84398			4
2025.01.24	00:12:42.695		0.84374			4
2025.01.24	00:12:46.917		0.84380			4
2025.01.24	00:12:48.127		0.84398			4
2025.01.24	00:12:50.368		0.84397			4
2025.01.24	00:12:51.463	0.84298				2
2025.01.24	00:13:01.189	0.84298				2
2025.01.24	00:13:04.511		0.84380			4
2025.01.24	00:13:10.253		0.84397			4
2025.01.24	00:13:19.406		0.84400			4
2025.01.24	00:13:20.699		0.84399			4
2025.01.24	00:13:21.662		0.84397			4
2025.01.24	00:13:27.003		0.84380			4
2025.01.24	00:13:32.986		0.84397			4
2025.01.24	00:13:35.868	0.84299				2
2025.01.24	00:13:47.786		0.84398			4
2025.01.24	00:13:48.227	0.84297	0.84397			6
2025.01.24	00:13:48.542	0.84299				2
2025.01.24	00:13:49.193		0.84380			4
2025.01.24	00:13:54.740		0.84398			4
2025.01.24	00:14:00.762	0.84299				2
2025.01.24	00:14:10.337		0.84380			4
2025.01.24	00:14:15.600		0.84397			4
2025.01.24	00:14:16.963	0.84300				2
2025.01.24	00:14:19.822		0.84399			4
2025.01.24	00:14:24.514		0.84398			4
2025.01.24	00:14:31.277		0.84380			4
2025.01.24	00:14:36.326		0.84398			4
2025.01.24	00:14:44.105		0.84399			4
2025.01.24	00:14:49.591		0.84397			4
2025.01.24	00:14:52.385		0.84380			4
2025.01.24	00:14:57.931		0.84398			4
2025.01.24	00:15:00.073	0.84300	0.84399			6
2025.01.24	00:15:00.396	0.84298				2
2025.01.24	00:15:00.763	0.84297				2
2025.01.24	00:15:05.334	0.84295	0.84398			6
2025.01.24	00:15:14.172		0.84380			4
2025.01.24	00:16:53.643	0.84297	0.84397			6
2025.01.24	00:17:00.059	0.84297				2
2025.01.24	00:17:02.740		0.84380			4
2025.01.24	00:17:07.783		0.84397			4
2025.01.24	00:17:11.030		0.84396			4
2025.01.24	00:17:24.908		0.84380			4
2025.01.24	00:17:30.905		0.84399			4
2025.01.24	00:17:36.134		0.84400			4
2025.01.24	00:17:38.445	0.84299	0.84395			6
2025.01.24	00:17:38.946		0.84397			4
2025.01.24	00:17:39.446	0.84297	0.84396			6
2025.01.24	00:17:47.667		0.84380			4
2025.01.24	00:17:53.268		0.84397			4
2025.01.24	00:17:54.315		0.84398			4
2025.01.24	00:17:59.579		0.84396			4
2025.01.24	00:18:02.278	0.84297	0.84395			6
2025.01.24	00:18:03.467	0.84298				2
2025.01.24	00:18:04.051	0.84296				2
2025.01.24	00:18:07.664	0.84297				2
2025.01.24	00:18:09.390		0.84380			4
2025.01.24	00:18:14.568		0.84396			4
2025.01.24	00:18:19.671		0.84394			4
2025.01.24	00:18:24.256		0.84393			4
2025.01.24	00:18:30.697		0.84392			4
2025.01.24	00:18:31.208		0.84380			4
2025.01.24	00:18:36.059		0.84394			4
2025.01.24	00:18:39.113	0.84298				2
2025.01.24	00:18:39.474	0.84299	0.84398			6
2025.01.24	00:18:40.481	0.84298	0.84393			6
2025.01.24	00:18:44.800		0.84395			4
2025.01.24	00:18:45.506		0.84396			4
2025.01.24	00:18:46.766		0.84395			4
2025.01.24	00:18:50.842		0.84394			4
2025.01.24	00:18:51.636		0.84380			4
2025.01.24	00:18:57.274		0.84396			4
2025.01.24	00:19:00.516	0.84298	0.84395			6
2025.01.24	00:19:05.772		0.84394			4
2025.01.24	00:19:10.889		0.84395			4
2025.01.24	00:19:12.935		0.84380			4
2025.01.24	00:19:18.885		0.84396			4
2025.01.24	00:19:21.135		0.84395			4
2025.01.24	00:19:34.754		0.84380			4
2025.01.24	00:19:39.334	0.84299				2
2025.01.24	00:19:40.057		0.84397			4
2025.01.24	00:19:40.487		0.84396			4
2025.01.24	00:19:45.519		0.84397			4
2025.01.24	00:19:48.352	0.84300	0.84396			6
2025.01.24	00:19:50.271		0.84397			4
2025.01.24	00:19:53.865	0.84301				2
2025.01.24	00:19:55.707		0.84396			4
2025.01.24	00:19:56.311		0.84380			4
2025.01.24	00:19:56.711	0.84302				2
2025.01.24	00:20:00.438	0.84302				2
2025.01.24	00:20:01.601		0.84397			4
2025.01.24	00:20:05.831		0.84395			4
2025.01.24	00:20:13.805	0.84303	0.84396			6
2025.01.24	00:20:14.872		0.84394			4
2025.01.24	00:20:16.551		0.84380			4
2025.01.24	00:20:22.117		0.84395			4
2025.01.24	00:20:25.740		0.84396			4
2025.01.24	00:20:30.410		0.84397			4
2025.01.24	00:20:35.580		0.84396			4
2025.01.24	00:20:38.706		0.84380			4
2025.01.24	00:20:43.061	0.84304				2
2025.01.24	00:20:43.761	0.84303	0.84395			6
2025.01.24	00:20:44.404	0.84302				2
2025.01.24	00:20:45.324	0.84303				2
2025.01.24	00:20:47.025	0.84302				2
2025.01.24	00:20:48.646	0.84303				2
2025.01.24	00:20:49.297	0.84302				2
2025.01.24	00:20:50.268	0.84303				2
2025.01.24	00:20:50.634	0.84302				2
2025.01.24	00:20:50.941	0.84303				2
2025.01.24	00:20:51.263	0.84302				2
2025.01.24	00:20:52.204	0.84303	0.84393			6
2025.01.24	00:20:53.864		0.84390			4
2025.01.24	00:20:55.362	0.84302				2
2025.01.24	00:20:55.922	0.84303				2
2025.01.24	00:20:59.712		0.84380			4
2025.01.24	00:21:00.488	0.84304				2
2025.01.24	00:21:03.463	0.84303				2
2025.01.24	00:21:05.535		0.84390			4
2025.01.24	00:21:11.691	0.84304				2
2025.01.24	00:21:13.667	0.84303				2
2025.01.24	00:21:20.511		0.84380			4
2025.01.24	00:21:23.562	0.84304				2
2025.01.24	00:21:26.233		0.84390			4
2025.01.24	00:21:31.927	0.84303				2
2025.01.24	00:21:40.969	0.84304				2
2025.01.24	00:21:41.362		0.84380			4
2025.01.24	00:21:44.649	0.84303				2
2025.01.24	00:21:45.645	0.84304				2
2025.01.24	00:21:46.475		0.84390			4
2025.01.24	00:21:52.426		0.84395			4
2025.01.24	00:21:54.535		0.84396			4
2025.01.24	00:21:57.103		0.84397			4
2025.01.24	00:21:59.981		0.84396			4
2025.01.24	00:22:02.696	0.84304	0.84380			6
2025.01.24	00:22:07.755		0.84397			4
2025.01.24	00:22:10.017		0.84394			4
2025.01.24	00:22:12.296		0.84395			4
2025.01.24	00:22:15.005		0.84396			4
2025.01.24	00:22:24.495		0.84380			4
2025.01.24	00:22:29.626		0.84396			4
2025.01.24	00:22:44.897	0.84305	0.84380			6
2025.01.24	00:22:50.397		0.84397			4
2025.01.24	00:22:54.714		0.84396			4
2025.01.24	00:22:56.934	0.84304				2
2025.01.24	00:22:59.858		0.84394			4
2025.01.24	00:23:04.702	0.84304	0.84397			6
2025.01.24	00:23:06.924		0.84380			4
2025.01.24	00:23:11.693		0.84395			4
2025.01.24	00:23:14.087		0.84396			4
2025.01.24	00:23:18.633		0.84395			4
2025.01.24	00:23:24.015		0.84397			4
2025.01.24	00:23:28.101		0.84380			4
2025.01.24	00:23:33.762		0.84394			4
2025.01.24	00:23:34.710		0.84395			4
2025.01.24	00:23:39.372		0.84396			4
2025.01.24	00:23:40.067		0.84397			4
2025.01.24	00:23:49.204		0.84380			4
2025.01.24	00:23:54.688		0.84397			4
2025.01.24	00:23:56.716		0.84396			4
2025.01.24	00:23:57.948		0.84397			4
2025.01.24	00:24:01.690	0.84304				2
2025.01.24	00:24:05.681	0.84305				2
2025.01.24	00:24:07.364	0.84304				2
2025.01.24	00:24:10.314		0.84399			4
2025.01.24	00:24:10.626	0.84305	0.84380			6
2025.01.24	00:24:15.905		0.84396			4
2025.01.24	00:24:17.354		0.84399			4
2025.01.24	00:24:21.617		0.84391			4
2025.01.24	00:24:21.927	0.84306	0.84392			6
2025.01.24	00:24:22.320		0.84390			4
2025.01.24	00:24:24.037	0.84305				2
2025.01.24	00:24:25.069		0.84389			4
2025.01.24	00:24:28.069		0.84390			4
2025.01.24	00:24:30.437		0.84401			4
2025.01.24	00:24:31.439		0.84390			4
2025.01.24	00:24:32.305		0.84380			4
2025.01.24	00:24:38.186		0.84390			4
2025.01.24	00:24:38.745	0.84307	0.84392			6
2025.01.24	00:24:43.064	0.84306				2
2025.01.24	00:24:46.772		0.84391			4
2025.01.24	00:24:49.675		0.84390			4
2025.01.24	00:24:54.899		0.84380			4
2025.01.24	00:25:00.266	0.84306	0.84401			6
2025.01.24	00:25:16.770		0.84380			4
2025.01.24	00:25:22.459		0.84401			4
2025.01.24	00:25:26.759	0.84303				2
2025.01.24	00:25:28.066	0.84302				2
2025.01.24	00:25:38.273		0.84380			4
2025.01.24	00:25:43.922		0.84389			4
2025.01.24	00:25:55.197	0.84297	0.84398			6
2025.01.24	00:25:55.544	0.84301				2
2025.01.24	00:25:59.635	0.84300	0.84379			6
2025.01.24	00:26:00.383	0.84299	0.84378			6
2025.01.24	00:26:00.965	0.84300				2
2025.01.24	00:26:01.327	0.84299				2
2025.01.24	00:26:01.986	0.84300				2
2025.01.24	00:26:17.961		0.84392			4
2025.01.24	00:26:21.453		0.84379			4
2025.01.24	00:26:27.297		0.84392			4
2025.01.24	00:26:34.545	0.84299				2
2025.01.24	00:26:43.431	0.84298	0.84379			6
2025.01.24	00:26:48.797	0.84297				2
2025.01.24	00:26:50.350	0.84299				2
2025.01.24	00:26:56.675		0.84376			4
2025.01.24	00:27:00.427	0.84299				2
2025.01.24	00:27:01.833	0.84298				2
2025.01.24	00:27:03.159	0.84299				2
2025.01.24	00:27:05.822	0.84297				2
2025.01.24	00:27:11.868	0.84296				2
2025.01.24	00:27:12.333	0.84295				2
2025.01.24	00:27:14.250	0.84296				2
2025.01.24	00:27:15.822	0.84295				2
2025.01.24	00:27:16.474	0.84296				2
2025.01.24	00:27:17.462	0.84295				2
2025.01.24	00:27:18.421	0.84296				2
2025.01.24	00:27:22.872	0.84297				2
2025.01.24	00:27:23.217	0.84296				2
2025.01.24	00:27:27.578		0.84374			4
2025.01.24	00:27:35.700	0.84297				2
2025.01.24	00:27:47.537	0.84300	0.84398			6
2025.01.24	00:27:47.917		0.84379			4
2025.01.24	00:27:48.355		0.84374			4
2025.01.24	00:27:48.662	0.84299				2
2025.01.24	00:27:53.720	0.84300				2
2025.01.24	00:28:00.379	0.84301				2
2025.01.24	00:28:14.581	0.84299	0.84376			6
2025.01.24	00:28:14.931	0.84298				2
2025.01.24	00:28:18.253	0.84297				2
2025.01.24	00:28:25.953	0.84298				2
2025.01.24	00:28:37.436		0.84368			4
2025.01.24	00:28:39.540	0.84299				2
2025.01.24	00:28:59.769		0.84391			4
2025.01.24	00:29:00.362	0.84299				2
2025.01.24	00:29:00.765	0.84298	0.84376			6
2025.01.24	00:29:11.510	0.84297	0.84368			6
2025.01.24	00:29:15.865	0.84296				2
2025.01.24	00:29:18.473	0.84295				2
2025.01.24	00:29:35.601	0.84296				2
2025.01.24	00:29:38.718		0.84380			4
2025.01.24	00:29:42.436		0.84390			4
2025.01.24	00:29:54.256	0.84298				2
2025.01.24	00:29:58.813	0.84299	0.84380			6
2025.01.24	00:30:00.309	0.84297	0.84367			6
2025.01.24	00:30:00.913	0.84298				2
2025.01.24	00:30:11.051	0.84297				2
2025.01.24	00:30:17.522	0.84299	0.84381			6
2025.01.24	00:30:17.856	0.84298				2
2025.01.24	00:30:20.131		0.84375			4
2025.01.24	00:30:20.494	0.84297				2
2025.01.24	00:30:25.625		0.84381			4
2025.01.24	00:30:25.965	0.84298				2
2025.01.24	00:30:26.417	0.84296				2
2025.01.24	00:30:27.407	0.84295	0.84375			6
2025.01.24	00:30:30.760	0.84294				2
2025.01.24	00:30:40.595		0.84373			4
2025.01.24	00:30:42.026	0.84295				2
2025.01.24	00:30:46.369		0.84375			4
2025.01.24	00:30:51.305	0.84296				2
2025.01.24	00:31:00.403	0.84296				2
2025.01.24	00:31:01.988		0.84373			4
2025.01.24	00:31:06.933		0.84375			4
2025.01.24	00:31:20.433	0.84295				2
2025.01.24	00:31:23.913		0.84373			4
2025.01.24	00:31:29.129		0.84375			4
2025.01.24	00:31:31.936	0.84296				2
2025.01.24	00:31:37.362	0.84295				2
2025.01.24	00:31:44.801		0.84373			4
2025.01.24	00:31:49.876		0.84375			4
2025.01.24	00:31:51.175	0.84296	0.84380			6
2025.01.24	00:31:51.545	0.84297				2
2025.01.24	00:32:06.405	0.84297	0.84376			6
2025.01.24	00:32:11.803		0.84380			4
2025.01.24	00:32:28.341		0.84376			4
2025.01.24	00:32:33.689		0.84380			4
2025.01.24	00:32:46.222		0.84383			4
2025.01.24	00:32:49.387		0.84376			4
2025.01.24	00:32:55.236		0.84383			4
2025.01.24	00:33:00.379	0.84297				2
2025.01.24	00:33:11.411		0.84376			4
2025.01.24	00:33:16.509		0.84383			4
2025.01.24	00:33:33.098		0.84376			4
2025.01.24	00:33:38.411		0.84383			4
2025.01.24	00:33:41.224		0.84379			4
2025.01.24	00:33:53.495		0.84376			4
2025.01.24	00:33:58.988		0.84379			4
2025.01.24	00:34:00.373	0.84297				2
2025.01.24	00:34:06.838	0.84298				2
2025.01.24	00:34:11.864	0.84297				2
2025.01.24	00:34:14.547		0.84376			4
2025.01.24	00:34:20.346		0.84379			4
2025.01.24	00:34:36.231		0.84380			4
2025.01.24	00:34:37.195		0.84376			4
2025.01.24	00:34:42.294		0.84380			4
2025.01.24	00:34:58.702		0.84376			4
2025.01.24	00:35:01.667	0.84297				2
2025.01.24	00:35:03.932		0.84380			4
2025.01.24	00:35:09.164	0.84298				2
2025.01.24	00:35:15.148	0.84297				2
2025.01.24	00:35:16.894	0.84298				2
2025.01.24	00:35:19.667	0.84297				2
2025.01.24	00:35:20.777		0.84376			4
2025.01.24	00:35:21.506		0.84362			4
2025.01.24	00:35:21.815	0.84300				2
2025.01.24	00:35:25.456	0.84301				2
2025.01.24	00:35:26.727		0.84381			4
2025.01.24	00:35:31.062	0.84302				2
2025.01.24	00:35:36.461	0.84301				2
2025.01.24	00:35:40.283	0.84304				2
2025.01.24	00:35:42.918	0.84303				2
2025.01.24	00:35:43.248		0.84359			4
2025.01.24	00:35:44.688	0.84304				2
2025.01.24	00:35:47.863	0.84303				2
2025.01.24	00:35:48.524	0.84304				2
2025.01.24	00:35:49.139		0.84381			4
2025.01.24	00:35:51.658	0.84305				2
2025.01.24	00:35:58.106	0.84304				2
2025.01.24	00:36:00.962	0.84304				2
2025.01.24	00:36:02.921	0.84302				2
2025.01.24	00:36:04.792		0.84359			4
2025.01.24	00:36:10.654		0.84381			4
2025.01.24	00:36:15.689	0.84303				2
2025.01.24	00:36:21.711	0.84305				2
2025.01.24	00:36:25.066	0.84304				2
2025.01.24	00:36:25.620		0.84359			4
2025.01.24	00:36:31.102		0.84381			4
2025.01.24	00:36:33.808	0.84305				2
2025.01.24	00:36:47.169		0.84359			4
2025.01.24	00:36:49.661	0.84306				2
2025.01.24	00:36:52.723		0.84381			4
2025.01.24	00:36:55.892	0.84305				2
2025.01.24	00:36:59.857	0.84304				2
2025.01.24	00:37:01.697	0.84304				2
2025.01.24	00:37:05.971	0.84305				2
2025.01.24	00:37:09.594		0.84359			4
2025.01.24	00:37:11.259	0.84306				2
2025.01.24	00:37:15.411	0.84304	0.84381			6
2025.01.24	00:37:15.866	0.84303				2
2025.01.24	00:37:17.864	0.84304				2
2025.01.24	00:37:26.950	0.84303				2
2025.01.24	00:37:31.162		0.84359			4
2025.01.24	00:37:31.655	0.84304				2
2025.01.24	00:37:33.172	0.84305				2
2025.01.24	00:37:37.033		0.84381			4
2025.01.24	00:37:43.528	0.84304				2
2025.01.24	00:37:53.853		0.84359			4
2025.01.24	00:37:59.708		0.84381			4
2025.01.24	00:38:01.710	0.84304				2
2025.01.24	00:38:16.100		0.84359			4
2025.01.24	00:38:19.773	0.84303				2
2025.01.24	00:38:21.708		0.84381			4
2025.01.24	00:38:31.850	0.84304				2
2025.01.24	00:38:36.176	0.84305				2
2025.01.24	00:38:37.113		0.84359			4
2025.01.24	00:38:42.908		0.84381			4
2025.01.24	00:38:52.223	0.84306				2
2025.01.24	00:38:57.099	0.84310				2
2025.01.24	00:38:58.364	0.84311				2
2025.01.24	00:38:58.668	0.84312				2
2025.01.24	00:38:59.942		0.84359			4
2025.01.24	00:39:02.862	0.84312				2
2025.01.24	00:39:04.837	0.84313	0.84381			6
2025.01.24	00:39:21.552		0.84359			4
2025.01.24	00:39:22.120	0.84314				2
2025.01.24	00:39:26.738		0.84381			4
2025.01.24	00:39:30.469		0.84397			4
2025.01.24	00:39:31.018	0.84315				2
2025.01.24	00:39:43.772		0.84390			4
2025.01.24	00:39:49.735		0.84397			4
2025.01.24	00:40:01.365	0.84316				2
2025.01.24	00:40:05.860	0.84315				2
2025.01.24	00:40:06.175		0.84390			4
2025.01.24	00:40:11.834		0.84397			4
2025.01.24	00:40:16.130	0.84316				2
2025.01.24	00:40:23.270	0.84317				2
2025.01.24	00:40:27.497		0.84390			4
2025.01.24	00:40:33.214		0.84397			4
2025.01.24	00:40:39.611	0.84316				2
2025.01.24	00:40:43.662	0.84315				2
2025.01.24	00:40:47.161	0.84316				2
2025.01.24	00:40:48.349	0.84315				2
2025.01.24	00:40:49.364		0.84390			4
2025.01.24	00:40:51.674	0.84316				2
2025.01.24	00:40:55.038		0.84397			4
2025.01.24	00:40:56.866	0.84317				2
2025.01.24	00:41:00.468	0.84317				2
2025.01.24	00:41:05.764	0.84315				2
2025.01.24	00:41:07.986	0.84314				2
2025.01.24	00:41:10.365		0.84390			4
2025.01.24	00:41:11.264	0.84315				2
2025.01.24	00:41:16.309		0.84397			4
2025.01.24	00:41:34.085		0.84390			4
2025.01.24	00:41:38.291		0.84397			4
2025.01.24	00:41:54.801		0.84390			4
2025.01.24	00:42:01.360	0.84316	0.84397			6
2025.01.24	00:42:02.205	0.84318				2
2025.01.24	00:42:02.652	0.84319				2
2025.01.24	00:42:06.329	0.84318				2
2025.01.24	00:42:09.826		0.84411			4
2025.01.24	00:42:10.494		0.84397			4
2025.01.24	00:42:14.918	0.84319				2
2025.01.24	00:42:16.700	0.84317	0.84390			6
2025.01.24	00:42:18.535	0.84316				2
2025.01.24	00:42:22.273		0.84397			4
2025.01.24	00:42:25.663	0.84317				2
2025.01.24	00:42:27.408	0.84316				2
2025.01.24	00:42:28.205	0.84314				2
2025.01.24	00:42:28.914	0.84312				2
2025.01.24	00:42:32.622	0.84315				2
2025.01.24	00:42:34.512	0.84316				2
2025.01.24	00:42:35.235	0.84314				2
2025.01.24	00:42:37.694	0.84315				2
2025.01.24	00:42:38.263		0.84390			4
2025.01.24	00:42:42.105	0.84316				2
2025.01.24	00:42:43.363	0.84317	0.84397			6
2025.01.24	00:42:48.381		0.84395			4
2025.01.24	00:42:56.671	0.84315				2
2025.01.24	00:43:00.371	0.84315	0.84390			6
2025.01.24	00:43:04.550	0.84313				2
2025.01.24	00:43:06.182		0.84395			4
2025.01.24	00:43:07.966	0.84314				2
2025.01.24	00:43:14.224	0.84315				2
2025.01.24	00:43:22.352		0.84390			4
2025.01.24	00:43:27.466	0.84316				2
2025.01.24	00:43:29.770	0.84318				2
2025.01.24	00:43:31.690	0.84317				2
2025.01.24	00:43:38.703	0.84318				2
2025.01.24	00:43:41.262	0.84319				2
2025.01.24	00:43:42.557	0.84318				2
2025.01.24	00:43:43.302	0.84317				2
2025.01.24	00:43:44.656	0.84324	0.84368			6
2025.01.24	00:43:45.676		0.84357			4
2025.01.24	00:43:51.114	0.84319				2
2025.01.24	00:43:51.954	0.84320				2
2025.01.24	00:43:52.728		0.84387			4
2025.01.24	00:43:58.001	0.84317				2
2025.01.24	00:43:58.541	0.84316				2
2025.01.24	00:43:59.425	0.84318				2
2025.01.24	00:44:01.456	0.84316				2
2025.01.24	00:44:05.334	0.84319				2
2025.01.24	00:44:06.866	0.84320				2
2025.01.24	00:44:08.628	0.84321				2
2025.01.24	00:44:09.530	0.84322				2
2025.01.24	00:44:11.215	0.84321				2
2025.01.24	00:44:21.909	0.84323				2
2025.01.24	00:44:52.712		0.84385			4
2025.01.24	00:44:54.773	0.84322				2
2025.01.24	00:45:01.057	0.84322				2
2025.01.24	00:45:02.109	0.84305	0.84365			6
2025.01.24	00:45:03.939	0.84322	0.84385			6
2025.01.24	00:45:07.535	0.84334	0.84373			6
2025.01.24	00:45:09.123	0.84333				2
2025.01.24	00:45:24.925	0.84334				2
2025.01.24	00:45:25.934	0.84335				2
2025.01.24	00:45:28.919	0.84336				2
2025.01.24	00:45:29.922	0.84335				2
2025.01.24	00:45:31.661	0.84336				2
2025.01.24	00:45:32.920	0.84337				2
2025.01.24	00:45:39.623	0.84336	0.84374			6
2025.01.24	00:45:41.966	0.84334				2
2025.01.24	00:45:43.369	0.84333				2
2025.01.24	00:45:47.773	0.84334				2
2025.01.24	00:45:49.968	0.84330	0.84372			6
2025.01.24	00:45:56.785	0.84331	0.84371			6
2025.01.24	00:45:57.144		0.84372			4
2025.01.24	00:45:59.325	0.84330				2
2025.01.24	00:46:00.366	0.84330				2
2025.01.24	00:46:01.733	0.84329	0.84373			6
2025.01.24	00:46:04.674	0.84330				2
2025.01.24	00:46:05.877		0.84379			4
2025.01.24	00:46:09.462	0.84329				2
2025.01.24	00:46:13.537	0.84316	0.84341			6
2025.01.24	00:46:13.896	0.84317				2
2025.01.24	00:46:15.799	0.84320				2
2025.01.24	00:46:16.159	0.84318	0.84343			6
2025.01.24	00:46:18.463		0.84344			4
2025.01.24	00:46:20.550		0.84340			4
2025.01.24	00:46:31.660	0.84317	0.84341			6
2025.01.24	00:46:34.170	0.84319	0.84339			6
2025.01.24	00:46:34.489	0.84325	0.84343			6
2025.01.24	00:46:38.706	0.84324				2
2025.01.24	00:46:39.125	0.84325				2
2025.01.24	00:46:39.953	0.84324	0.84344			6
2025.01.24	00:46:41.631	0.84325	0.84343			6
2025.01.24	00:46:44.705	0.84324	0.84344			6
2025.01.24	00:46:51.653	0.84323				2
2025.01.24	00:46:54.048	0.84325	0.84343			6
2025.01.24	00:46:54.587	0.84324				2
2025.01.24	00:46:56.699	0.84325				2
2025.01.24	00:46:57.045	0.84323	0.84344			6
2025.01.24	00:46:57.392	0.84325	0.84343			6
2025.01.24	00:46:57.698	0.84324	0.84344			6
2025.01.24	00:46:59.941		0.84343			4
2025.01.24	00:47:00.372	0.84324	0.84344			6
2025.01.24	00:47:01.523	0.84325	0.84343			6
2025.01.24	00:47:01.947	0.84314	0.84350			6
2025.01.24	00:47:04.069	0.84324	0.84344			6
2025.01.24	00:47:04.952	0.84325	0.84343			6
2025.01.24	00:47:07.768	0.84324				2
2025.01.24	00:47:10.668	0.84325				2
2025.01.24	00:47:13.065	0.84324				2
2025.01.24	00:47:15.233	0.84325	0.84342			6
2025.01.24	00:47:24.213	0.84324	0.84343			6
2025.01.24	00:47:24.526	0.84325	0.84347			6
2025.01.24	00:47:25.065	0.84326	0.84346			6
2025.01.24	00:47:27.118	0.84325	0.84347			6
2025.01.24	00:47:46.577	0.84324	0.84348			6
2025.01.24	00:47:47.013	0.84322	0.84345			6
2025.01.24	00:47:50.563		0.84346			4
2025.01.24	00:47:53.269		0.84345			4
2025.01.24	00:47:58.196		0.84346			4
2025.01.24	00:47:58.521	0.84321				2
2025.01.24	00:48:00.685	0.84321	0.84345			6
2025.01.24	00:48:07.662	0.84322				2
2025.01.24	00:48:08.382	0.84320	0.84333			6
2025.01.24	00:48:08.826	0.84321				2
2025.01.24	00:48:11.058	0.84320				2
2025.01.24	00:48:15.823	0.84321				2
2025.01.24	00:48:22.353	0.84320				2
2025.01.24	00:48:26.566	0.84321				2
2025.01.24	00:48:27.499	0.84318				2
2025.01.24	00:48:31.655	0.84319				2
2025.01.24	00:48:32.932	0.84317				2
2025.01.24	00:48:42.282	0.84319				2
2025.01.24	00:48:46.440	0.84320				2
2025.01.24	00:48:49.278	0.84321				2
2025.01.24	00:48:50.740		0.84351			4
2025.01.24	00:48:56.437	0.84319				2
2025.01.24	00:48:56.823	0.84321				2
2025.01.24	00:49:01.363	0.84313	0.84347			6
2025.01.24	00:49:01.667		0.84343			4
2025.01.24	00:49:03.970	0.84315				2
2025.01.24	00:49:04.738	0.84317				2
2025.01.24	00:49:05.192	0.84319				2
2025.01.24	00:49:05.641	0.84320	0.84347			6
2025.01.24	00:49:05.957	0.84318				2
2025.01.24	00:49:11.908	0.84321				2
2025.01.24	00:49:16.917	0.84322				2
2025.01.24	00:49:19.387	0.84318	0.84341			6
2025.01.24	00:49:19.698	0.84314	0.84340			6
2025.01.24	00:49:20.001	0.84311	0.84343			6
2025.01.24	00:49:20.903	0.84312	0.84342			6
2025.01.24	00:49:21.320	0.84315	0.84338			6
2025.01.24	00:49:22.131	0.84316				2
2025.01.24	00:49:23.413	0.84317	0.84337			6
2025.01.24	00:49:24.234	0.84316	0.84338			6
2025.01.24	00:49:24.652	0.84317	0.84337			6
2025.01.24	00:49:27.075	0.84316	0.84338			6
2025.01.24	00:49:31.307	0.84318	0.84336			6
2025.01.24	00:49:34.066	0.84316	0.84337			6
2025.01.24	00:49:37.907		0.84338			4
2025.01.24	00:49:38.665	0.84315				2
2025.01.24	00:49:39.208	0.84316				2
2025.01.24	00:49:43.280	0.84317	0.84337			6
2025.01.24	00:49:44.679	0.84315	0.84339			6
2025.01.24	00:49:47.657	0.84314	0.84340			6
2025.01.24	00:49:48.959	0.84315	0.84339			6
2025.01.24	00:49:50.758	0.84314	0.84340			6
2025.01.24	00:49:51.068		0.84339			4
2025.01.24	00:49:53.740		0.84340			4
2025.01.24	00:49:57.741	0.84315	0.84339			6
2025.01.24	00:49:58.239	0.84316				2
2025.01.24	00:50:00.150	0.84315				2
2025.01.24	00:50:17.863	0.84314				2
2025.01.24	00:50:23.109	0.84315				2
2025.01.24	00:50:27.444	0.84316				2
2025.01.24	00:50:31.933	0.84315				2
2025.01.24	00:50:32.249	0.84313				2
2025.01.24	00:50:37.664	0.84314				2
2025.01.24	00:50:54.245	0.84316				2
2025.01.24	00:51:00.539	0.84316	0.84339			6
2025.01.24	00:51:02.862	0.84315				2
2025.01.24	00:51:16.613	0.84314	0.84331			6
2025.01.24	00:51:29.306	0.84315				2
2025.01.24	00:51:33.849	0.84316	0.84337			6
2025.01.24	00:51:35.566	0.84317				2
2025.01.24	00:51:46.870	0.84313	0.84329			6
2025.01.24	00:51:47.736	0.84312				2
2025.01.24	00:51:50.901	0.84314	0.84330			6
2025.01.24	00:51:52.357	0.84313				2
2025.01.24	00:51:52.667		0.84331			4
2025.01.24	00:51:53.116	0.84314				2
2025.01.24	00:51:59.428	0.84315				2
2025.01.24	00:52:00.371	0.84315				2
2025.01.24	00:52:03.455	0.84314				2
2025.01.24	00:52:04.751		0.84330			4
2025.01.24	00:52:07.501		0.84331			4
2025.01.24	00:52:08.472	0.84315				2
2025.01.24	00:52:09.135	0.84314				2
2025.01.24	00:52:11.265	0.84315				2
2025.01.24	00:52:12.030	0.84312	0.84330			6
2025.01.24	00:52:12.367		0.84329			4
2025.01.24	00:52:13.537		0.84328			4
2025.01.24	00:52:14.075	0.84311				2
2025.01.24	00:52:14.605	0.84310	0.84327			6
2025.01.24	00:52:15.161		0.84326			4
2025.01.24	00:52:15.484	0.84311	0.84327			6
2025.01.24	00:52:17.081	0.84310				2
2025.01.24	00:52:23.480	0.84309				2
2025.01.24	00:52:23.919		0.84326			4
2025.01.24	00:52:26.421	0.84307	0.84328			6
2025.01.24	00:52:27.405	0.84308	0.84327			6
2025.01.24	00:52:29.128	0.84309	0.84326			6
2025.01.24	00:52:37.901	0.84310				2
2025.01.24	00:52:40.426		0.84328			4
2025.01.24	00:52:40.985		0.84327			4
2025.01.24	00:52:42.787	0.84312	0.84329			6
2025.01.24	00:52:43.193	0.84314	0.84331			6
2025.01.24	00:52:43.505	0.84315	0.84332			6
2025.01.24	00:53:00.378	0.84315				2
2025.01.24	00:53:44.260		0.84332			4
2025.01.24	00:53:47.252		0.84333			4
2025.01.24	00:53:47.742	0.84314				2
2025.01.24	00:53:49.663	0.84315				2
2025.01.24	00:53:51.469	0.84314	0.84334			6
2025.01.24	00:53:55.959	0.84315				2
2025.01.24	00:54:02.117	0.84315				2
2025.01.24	00:54:08.354		0.84335			4
2025.01.24	00:54:09.419	0.84316	0.84334			6
2025.01.24	00:54:13.362	0.84315				2
2025.01.24	00:54:18.714	0.84314	0.84335			6
2025.01.24	00:54:22.062	0.84315				2
2025.01.24	00:54:24.379	0.84314	0.84331			6
2025.01.24	00:54:24.849		0.84330			4
2025.01.24	00:54:28.967		0.84331			4
2025.01.24	00:54:37.064		0.84330			4
2025.01.24	00:54:44.010	0.84313	0.84332			6
2025.01.24	00:54:44.342		0.84331			4
2025.01.24	00:54:45.864	0.84312	0.84332			6
2025.01.24	00:54:46.673	0.84313	0.84330			6
2025.01.24	00:54:47.809	0.84314				2
2025.01.24	00:54:48.161	0.84315	0.84331			6
2025.01.24	00:54:57.543	0.84308	0.84328			6
2025.01.24	00:54:58.314		0.84327			4
2025.01.24	00:54:59.657	0.84309				2
2025.01.24	00:55:00.162	0.84309	0.84326			6
2025.01.24	00:55:01.925		0.84325			4
2025.01.24	00:55:03.357	0.84315	0.84337			6
2025.01.24	00:55:03.709	0.84313				2
2025.01.24	00:55:05.503	0.84312	0.84329			6
2025.01.24	00:55:07.712	0.84313				2
2025.01.24	00:55:08.900	0.84312				2
2025.01.24	00:55:13.874		0.84330			4
2025.01.24	00:55:14.268		0.84329			4
2025.01.24	00:55:14.605		0.84330			4
2025.01.24	00:55:15.253		0.84329			4
2025.01.24	00:55:15.560		0.84330			4
2025.01.24	00:55:17.754	0.84311	0.84332			6
2025.01.24	00:55:20.115	0.84312	0.84330			6
2025.01.24	00:55:20.724		0.84331			4
2025.01.24	00:55:21.130	0.84311				2
2025.01.24	00:55:21.496	0.84312	0.84330			6
2025.01.24	00:55:21.802	0.84311				2
2025.01.24	00:55:22.539	0.84312				2
2025.01.24	00:55:23.288	0.84314	0.84331			6
2025.01.24	00:55:35.211		0.84330			4
2025.01.24	00:55:37.173		0.84331			4
2025.01.24	00:55:49.665		0.84330			4
2025.01.24	00:55:52.965	0.84313				2
2025.01.24	00:55:56.455	0.84314				2
2025.01.24	00:55:59.868	0.84313				2
2025.01.24	00:56:01.662	0.84314				2
2025.01.24	00:56:05.543	0.84313				2
2025.01.24	00:56:12.472	0.84312	0.84329			6
2025.01.24	00:56:12.946	0.84310				2
2025.01.24	00:56:13.608	0.84311				2
2025.01.24	00:56:13.928	0.84309				2
2025.01.24	00:56:14.383	0.84310				2
2025.01.24	00:56:16.284		0.84328			4
2025.01.24	00:56:19.432	0.84311				2
2025.01.24	00:56:24.165	0.84312	0.84329			6
2025.01.24	00:56:26.608		0.84328			4
2025.01.24	00:56:31.375	0.84311				2
2025.01.24	00:56:31.920	0.84308	0.84326			6
2025.01.24	00:56:32.224		0.84325			4
2025.01.24	00:56:34.062	0.84307				2
2025.01.24	00:56:35.039	0.84308				2
2025.01.24	00:56:43.659	0.84307	0.84326			6
2025.01.24	00:56:44.369	0.84310	0.84327			6
2025.01.24	00:56:45.069	0.84311	0.84328			6
2025.01.24	00:56:46.966	0.84310				2
2025.01.24	00:56:52.663		0.84329			4
2025.01.24	00:56:53.805	0.84311	0.84328			6
2025.01.24	00:56:57.493	0.84310	0.84327			6
2025.01.24	00:56:59.832	0.84309	0.84328			6
2025.01.24	00:57:03.163	0.84309				2
2025.01.24	00:57:06.006	0.84310	0.84327			6
2025.01.24	00:57:06.541	0.84309				2
2025.01.24	00:57:08.632	0.84310				2
2025.01.24	00:57:11.698		0.84326			4
2025.01.24	00:57:16.034	0.84309	0.84327			6
2025.01.24	00:57:16.387		0.84326			4
2025.01.24	00:57:24.222	0.84310	0.84327			6
2025.01.24	00:57:27.427	0.84312	0.84335			6
2025.01.24	00:57:27.730		0.84333			4
2025.01.24	00:57:29.524		0.84334			4
2025.01.24	00:57:29.866	0.84310	0.84327			6
2025.01.24	00:57:30.661	0.84311				2
2025.01.24	00:57:35.862		0.84328			4
2025.01.24	00:57:51.986	0.84310				2
2025.01.24	00:57:52.327	0.84311				2
2025.01.24	00:57:59.048	0.84310				2
2025.01.24	00:57:59.531	0.84311				2
2025.01.24	00:58:00.327	0.84311				2
2025.01.24	00:58:16.966	0.84310				2
2025.01.24	00:58:26.668	0.84308	0.84329			6
2025.01.24	00:58:27.160		0.84330			4
2025.01.24	00:58:27.665	0.84310	0.84327			6
2025.01.24	00:58:28.319	0.84308	0.84330			6
2025.01.24	00:58:30.534	0.84307	0.84331			6
2025.01.24	00:58:30.892	0.84310	0.84328			6
2025.01.24	00:58:36.764	0.84309	0.84329			6
2025.01.24	00:58:37.275	0.84307	0.84330			6
2025.01.24	00:58:38.821	0.84308				2
2025.01.24	00:58:44.866	0.84309	0.84329			6
2025.01.24	00:58:46.850		0.84328			4
2025.01.24	00:58:50.355	0.84310	0.84327			6
2025.01.24	00:58:50.677	0.84309	0.84328			6
2025.01.24	00:58:51.013	0.84310	0.84327			6
2025.01.24	00:58:51.384	0.84311	0.84328			6
2025.01.24	00:58:52.341	0.84312	0.84329			6
2025.01.24	00:59:02.862	0.84312				2
2025.01.24	00:59:11.657	0.84311				2
2025.01.24	00:59:14.534	0.84309	0.84328			6
2025.01.24	00:59:16.068	0.84310				2
2025.01.24	00:59:17.636	0.84307				2
2025.01.24	00:59:18.257	0.84309	0.84327			6
2025.01.24	00:59:18.641		0.84326			4
2025.01.24	00:59:23.232	0.84308	0.84327			6
2025.01.24	00:59:27.628	0.84309	0.84326			6
2025.01.24	00:59:31.916		0.84327			4
2025.01.24	00:59:33.599	0.84310				2
2025.01.24	00:59:35.478	0.84308	0.84328			6
2025.01.24	00:59:36.102		0.84329			4
2025.01.24	00:59:37.415	0.84310				2
2025.01.24	00:59:37.981		0.84328			4
2025.01.24	00:59:41.336	0.84311				2
2025.01.24	00:59:44.264	0.84310	0.84329			6
2025.01.24	00:59:46.090	0.84316	0.84384			6
2025.01.24	00:59:46.405	0.84317				2
2025.01.24	00:59:46.817	0.84324				2
2025.01.24	00:59:47.121	0.84319				2
2025.01.24	00:59:47.423	0.84316				2
2025.01.24	00:59:47.753	0.84318				2
2025.01.24	00:59:48.107	0.84317				2
2025.01.24	00:59:48.702	0.84321				2
2025.01.24	00:59:49.013	0.84323				2
2025.01.24	00:59:49.638	0.84326				2
2025.01.24	00:59:50.251	0.84328				2
2025.01.24	00:59:50.884	0.84334				2
2025.01.24	00:59:51.480	0.84329				2
2025.01.24	00:59:52.664	0.84328				2
2025.01.24	00:59:53.262	0.84334				2
2025.01.24	00:59:54.048	0.84331				2
2025.01.24	00:59:55.757	0.84329				2
2025.01.24	00:59:56.193	0.84328				2
2025.01.24	00:59:56.609	0.84329				2
2025.01.24	00:59:57.041	0.84328				2
2025.01.24	00:59:57.451	0.84330				2
2025.01.24	00:59:58.935	0.84328				2
2025.01.24	01:00:00.321	0.84331	0.84352			6
2025.01.24	01:00:00.645	0.84328	0.84355			6
2025.01.24	01:00:00.990		0.84362			4
2025.01.24	01:00:01.966	0.84325	0.84349			6
2025.01.24	01:00:02.392	0.84323	0.84333			6
2025.01.24	01:00:03.015	0.84322				2
2025.01.24	01:00:04.225	0.84320	0.84340			6
2025.01.24	01:00:04.956	0.84319	0.84338			6
2025.01.24	01:00:05.262	0.84322	0.84341			6
2025.01.24	01:00:06.545	0.84321	0.84337			6
2025.01.24	01:00:08.705		0.84338			4
2025.01.24	01:00:10.063	0.84322				2
2025.01.24	01:00:10.374		0.84342			4
2025.01.24	01:00:10.694	0.84323	0.84340			6
2025.01.24	01:00:11.278		0.84338			4
2025.01.24	01:00:12.748		0.84341			4
2025.01.24	01:00:13.347	0.84324	0.84338			6
2025.01.24	01:00:13.964		0.84336			4
2025.01.24	01:00:17.128	0.84326	0.84345			6
2025.01.24	01:00:17.431	0.84328	0.84343			6
2025.01.24	01:00:17.750	0.84329	0.84345			6
2025.01.24	01:00:18.162	0.84331	0.84355			6
2025.01.24	01:00:18.504	0.84332	0.84358			6
2025.01.24	01:00:19.120	0.84329	0.84360			6
2025.01.24	01:00:19.541	0.84327	0.84362			6
2025.01.24	01:00:21.705	0.84326	0.84360			6
2025.01.24	01:00:22.386	0.84331	0.84343			6
2025.01.24	01:00:22.691	0.84329	0.84345			6
2025.01.24	01:00:23.107	0.84327	0.84342			6
2025.01.24	01:00:27.226		0.84337			4
2025.01.24	01:00:27.827		0.84342			4
2025.01.24	01:00:38.133	0.84328	0.84345			6
2025.01.24	01:00:48.331	0.84329				2
2025.01.24	01:00:53.667	0.84328				2
2025.01.24	01:00:54.006		0.84343			4
2025.01.24	01:00:56.701	0.84330	0.84342			6
2025.01.24	01:00:58.905	0.84331	0.84344			6
2025.01.24	01:01:00.257	0.84330	0.84343			6
2025.01.24	01:01:09.120	0.84327				2
2025.01.24	01:01:09.505	0.84328				2
2025.01.24	01:01:26.402		0.84342			4
2025.01.24	01:01:28.503	0.84326	0.84340			6
2025.01.24	01:01:28.806	0.84327	0.84341			6
2025.01.24	01:01:34.728		0.84339			4
2025.01.24	01:01:36.392		0.84340			4
2025.01.24	01:01:42.391		0.84339			4
2025.01.24	01:02:01.364	0.84327				2
2025.01.24	01:02:05.398		0.84340			4
2025.01.24	01:02:23.563	0.84328				2
2025.01.24	01:02:32.263	0.84327				2
2025.01.24	01:02:34.663	0.84328				2
2025.01.24	01:02:43.427	0.84326	0.84338			6
2025.01.24	01:02:48.856	0.84325	0.84337			6
2025.01.24	01:03:00.437	0.84325				2
2025.01.24	01:03:01.301	0.84326	0.84338			6
2025.01.24	01:03:07.963	0.84327				2
2025.01.24	01:03:14.262	0.84329	0.84332			6
2025.01.24	01:03:16.090	0.84327	0.84338			6
2025.01.24	01:03:30.086	0.84326				2
2025.01.24	01:03:30.398		0.84336			4
2025.01.24	01:03:31.363	0.84327	0.84338			6
2025.01.24	01:03:40.097	0.84328	0.84339			6
2025.01.24	01:03:40.422	0.84329	0.84340			6
2025.01.24	01:03:44.476	0.84328	0.84339			6
2025.01.24	01:03:46.965	0.84329				2
2025.01.24	01:04:00.156	0.84329				2
2025.01.24	01:04:07.666	0.84328				2
2025.01.24	01:04:10.963		0.84338			4
2025.01.24	01:04:48.484	0.84335				2
2025.01.24	01:04:49.142	0.84328				2
2025.01.24	01:04:57.753	0.84327	0.84337			6
2025.01.24	01:05:00.451	0.84327				2
2025.01.24	01:05:01.451	0.84329	0.84338			6
2025.01.24	01:05:14.730	0.84328	0.84337			6
2025.01.24	01:05:16.578	0.84333	0.84335			6
2025.01.24	01:05:17.183	0.84332				2
2025.01.24	01:05:18.395	0.84329	0.84338			6
2025.01.24	01:05:22.662	0.84328				2
2025.01.24	01:05:32.262	0.84329				2
2025.01.24	01:05:38.864	0.84328				2
2025.01.24	01:05:40.592	0.84329				2
2025.01.24	01:06:00.508	0.84329				2
2025.01.24	01:06:06.402	0.84325	0.84335			6
2025.01.24	01:06:06.766		0.84334			4
2025.01.24	01:06:08.360	0.84324	0.84333			6
2025.01.24	01:06:10.355		0.84334			4
2025.01.24	01:06:10.662	0.84325	0.84335			6
2025.01.24	01:06:11.675	0.84326				2
2025.01.24	01:06:13.540	0.84323	0.84332			6
2025.01.24	01:06:43.651	0.84322	0.84333			6
2025.01.24	01:06:43.963	0.84323				2
2025.01.24	01:07:00.895	0.84323				2
2025.01.24	01:07:03.163		0.84334			4
2025.01.24	01:07:06.464		0.84333			4
2025.01.24	01:07:10.165		0.84334			4
2025.01.24	01:07:14.347		0.84331			4
2025.01.24	01:07:19.158	0.84322				2
2025.01.24	01:07:19.481	0.84323				2
2025.01.24	01:07:23.562		0.84332			4
2025.01.24	01:07:29.111	0.84324				2
2025.01.24	01:07:32.054	0.84321	0.84330			6
2025.01.24	01:07:35.862		0.84329			4
2025.01.24	01:07:47.262		0.84330			4
2025.01.24	01:07:56.264		0.84329			4
2025.01.24	01:08:00.489	0.84321				2
2025.01.24	01:08:02.367	0.84326	0.84334			6
2025.01.24	01:08:03.805	0.84324	0.84332			6
2025.01.24	01:08:06.615	0.84325				2
2025.01.24	01:08:11.413	0.84324				2
2025.01.24	01:08:15.382	0.84326	0.84334			6
2025.01.24	01:08:23.856		0.84333			4
2025.01.24	01:08:26.699	0.84320	0.84328			6
2025.01.24	01:08:26.999		0.84327			4
2025.01.24	01:08:29.264		0.84328			4
2025.01.24	01:08:29.568	0.84321	0.84329			6
2025.01.24	01:08:34.082	0.84325	0.84332			6
2025.01.24	01:08:34.382		0.84333			4
2025.01.24	01:09:00.828	0.84325				2
2025.01.24	01:09:32.036	0.84324	0.84332			6
2025.01.24	01:09:33.466	0.84323				2
2025.01.24	01:09:57.750	0.84325	0.84333			6
2025.01.24	01:10:00.415	0.84327	0.84335			6
2025.01.24	01:10:01.614	0.84325	0.84333			6
2025.01.24	01:10:06.193	0.84326	0.84334			6
2025.01.24	01:10:08.591		0.84335			4
2025.01.24	01:10:40.358	0.84328	0.84336			6
2025.01.24	01:10:41.071	0.84327				2
2025.01.24	01:10:42.347	0.84329				2
2025.01.24	01:10:47.136	0.84327				2
2025.01.24	01:10:48.024	0.84331	0.84339			6
2025.01.24	01:10:48.344	0.84330				2
2025.01.24	01:10:49.372		0.84338			4
2025.01.24	01:10:49.733	0.84331				2
2025.01.24	01:10:50.379	0.84330				2
2025.01.24	01:11:02.607	0.84329				2
2025.01.24	01:11:07.689	0.84331				2
2025.01.24	01:11:12.675	0.84330				2
2025.01.24	01:11:18.118	0.84329				2
2025.01.24	01:11:44.392	0.84330				2
2025.01.24	01:11:45.425		0.84339			4
2025.01.24	01:11:46.388	0.84332	0.84338			6
2025.01.24	01:12:02.604	0.84330	0.84336			6
2025.01.24	01:12:05.514	0.84331	0.84337			6
2025.01.24	01:13:00.527	0.84331				2
2025.01.24	01:13:05.710		0.84337			4
2025.01.24	01:13:17.389	0.84333				2
2025.01.24	01:13:20.864	0.84331				2
2025.01.24	01:13:55.521	0.84332	0.84338			6
2025.01.24	01:14:00.364	0.84332				2
2025.01.24	01:14:50.524	0.84333	0.84339			6
2025.01.24	01:14:53.608	0.84332	0.84338			6
2025.01.24	01:14:55.582	0.84330	0.84336			6
2025.01.24	01:15:00.119	0.84330				2
2025.01.24	01:15:55.767		0.84336			4
2025.01.24	01:16:00.049	0.84330				2
2025.01.24	01:16:08.930	0.84329	0.84335			6
2025.01.24	01:16:09.243	0.84328	0.84333			6
2025.01.24	01:16:09.545	0.84327				2
2025.01.24	01:16:18.642	0.84326	0.84332			6
2025.01.24	01:16:26.330	0.84323	0.84327			6
2025.01.24	01:16:28.351	0.84322				2
2025.01.24	01:16:31.501	0.84324	0.84331			6
2025.01.24	01:16:32.658	0.84325				2
2025.01.24	01:16:37.397	0.84324				2
2025.01.24	01:16:42.523	0.84325				2
2025.01.24	01:16:48.607	0.84324				2
2025.01.24	01:16:51.955	0.84325				2
2025.01.24	01:16:55.891	0.84324				2
2025.01.24	01:16:56.919	0.84325				2
2025.01.24	01:17:00.538	0.84324				2
2025.01.24	01:17:01.595	0.84325				2
2025.01.24	01:17:32.768		0.84331			4
2025.01.24	01:17:33.598		0.84332			4
2025.01.24	01:17:39.703	0.84326	0.84333			6
2025.01.24	01:17:43.364	0.84327				2
2025.01.24	01:17:46.677	0.84326				2
2025.01.24	01:17:55.579	0.84327				2
2025.01.24	01:17:57.466		0.84334			4
2025.01.24	01:17:57.800		0.84333			4
2025.01.24	01:18:00.345	0.84327				2
2025.01.24	01:18:07.279	0.84326				2
2025.01.24	01:18:14.263	0.84325				2
2025.01.24	01:18:21.328	0.84326	0.84334			6
2025.01.24	01:18:26.589	0.84328				2
2025.01.24	01:18:30.950		0.84335			4
2025.01.24	01:18:31.254	0.84329				2
2025.01.24	01:18:34.897	0.84331				2
2025.01.24	01:18:44.263	0.84330	0.84334			6
2025.01.24	01:18:44.568	0.84331	0.84335			6
2025.01.24	01:19:00.372	0.84327	0.84331			6
2025.01.24	01:19:44.433	0.84331	0.84335			6
2025.01.24	01:19:49.166	0.84330	0.84336			6
2025.01.24	01:19:55.068	0.84331				2
2025.01.24	01:19:56.265	0.84330				2
2025.01.24	01:20:00.612	0.84330				2
2025.01.24	01:20:03.353		0.84335			4
2025.01.24	01:20:04.778		0.84336			4
2025.01.24	01:20:08.181	0.84331				2
2025.01.24	01:20:55.600	0.84328	0.84335			6
2025.01.24	01:20:55.967		0.84333			4
2025.01.24	01:21:01.770	0.84330	0.84336			6
2025.01.24	01:21:03.304	0.84331				2
2025.01.24	01:21:05.188	0.84330				2
2025.01.24	01:21:08.041	0.84326	0.84332			6
2025.01.24	01:21:15.899	0.84325	0.84330			6
2025.01.24	01:21:16.963	0.84324	0.84331			6
2025.01.24	01:21:17.285	0.84325	0.84330			6
2025.01.24	01:21:21.013		0.84331			4
2025.01.24	01:21:31.963		0.84330			4
2025.01.24	01:21:59.624		0.84331			4
2025.01.24	01:22:02.487	0.84325				2
2025.01.24	01:22:19.196	0.84326				2
2025.01.24	01:22:24.192	0.84327	0.84333			6
2025.01.24	01:22:27.611	0.84328	0.84334			6
2025.01.24	01:22:29.573	0.84329	0.84335			6
2025.01.24	01:22:30.679		0.84336			4
2025.01.24	01:22:50.889	0.84330				2
2025.01.24	01:23:01.147	0.84330				2
2025.01.24	01:23:06.128		0.84334			4
2025.01.24	01:23:06.805		0.84336			4
2025.01.24	01:23:13.525	0.84327	0.84334			6
2025.01.24	01:23:13.964		0.84333			4
2025.01.24	01:23:28.580	0.84326	0.84332			6
2025.01.24	01:23:29.869		0.84331			4
2025.01.24	01:23:30.777		0.84332			4
2025.01.24	01:23:37.779		0.84331			4
2025.01.24	01:23:39.866		0.84332			4
2025.01.24	01:23:46.600		0.84331			4
2025.01.24	01:23:57.463	0.84325				2
2025.01.24	01:24:00.524	0.84325				2
2025.01.24	01:24:02.864		0.84332			4
2025.01.24	01:24:04.364	0.84326	0.84331			6
2025.01.24	01:24:08.637		0.84332			4
2025.01.24	01:24:22.607	0.84327				2
2025.01.24	01:24:41.865		0.84333			4
2025.01.24	01:24:43.969		0.84332			4
2025.01.24	01:24:45.730	0.84326				2
2025.01.24	01:24:57.632	0.84327				2
2025.01.24	01:25:00.452	0.84327	0.84333			6
2025.01.24	01:25:03.250	0.84326	0.84332			6
2025.01.24	01:25:20.201	0.84327	0.84333			6
2025.01.24	01:25:23.563	0.84326	0.84332			6
2025.01.24	01:25:30.295	0.84330	0.84335			6
2025.01.24	01:25:30.714	0.84329				2
2025.01.24	01:25:33.479	0.84330	0.84336			6
2025.01.24	01:25:37.665	0.84332	0.84337			6
2025.01.24	01:25:42.764	0.84331				2
2025.01.24	01:25:47.267	0.84332				2
2025.01.24	01:25:51.594	0.84331				2
2025.01.24	01:25:55.292	0.84332				2
2025.01.24	01:25:59.696	0.84331				2
2025.01.24	01:26:00.110	0.84331				2
2025.01.24	01:26:05.710	0.84332	0.84339			6
2025.01.24	01:26:06.016		0.84338			4
2025.01.24	01:26:07.304		0.84337			4
2025.01.24	01:26:08.605	0.84331				2
2025.01.24	01:26:14.263	0.84332				2
2025.01.24	01:26:15.667	0.84330	0.84336			6
2025.01.24	01:26:16.045		0.84335			4
2025.01.24	01:26:18.660	0.84331	0.84336			6
2025.01.24	01:26:31.594		0.84337			4
2025.01.24	01:26:33.701		0.84336			4
2025.01.24	01:26:37.363		0.84337			4
2025.01.24	01:26:56.318	0.84332				2
2025.01.24	01:27:02.262	0.84331				2
2025.01.24	01:27:03.859		0.84336			4
2025.01.24	01:27:19.964	0.84332				2
2025.01.24	01:27:26.349		0.84337			4
2025.01.24	01:27:28.813	0.84335				2
2025.01.24	01:27:29.397	0.84332				2
2025.01.24	01:27:31.344	0.84331	0.84336			6
2025.01.24	01:27:36.608		0.84335			4
2025.01.24	01:27:44.065		0.84336			4
2025.01.24	01:27:47.363	0.84332				2
2025.01.24	01:28:02.348	0.84332				2
2025.01.24	01:28:15.959		0.84338			4
2025.01.24	01:28:16.354	0.84333				2
2025.01.24	01:28:52.533	0.84334	0.84339			6
2025.01.24	01:28:54.370	0.84335	0.84340			6
2025.01.24	01:28:56.108	0.84334				2
2025.01.24	01:29:00.385	0.84334				2
2025.01.24	01:29:05.861		0.84339			4
2025.01.24	01:29:09.286	0.84333				2
2025.01.24	01:29:14.604	0.84331	0.84336			6
2025.01.24	01:29:21.741	0.84332	0.84339			6
2025.01.24	01:29:23.580	0.84334	0.84340			6
2025.01.24	01:29:24.449	0.84335				2
2025.01.24	01:29:28.381	0.84332	0.84336			6
2025.01.24	01:29:29.896	0.84331				2
2025.01.24	01:29:40.020	0.84333	0.84340			6
2025.01.24	01:29:40.351		0.84338			4
2025.01.24	01:29:43.647	0.84334	0.84339			6
2025.01.24	01:29:51.684	0.84333				2
2025.01.24	01:30:00.281	0.84333	0.84337			6
2025.01.24	01:30:00.787	0.84332	0.84336			6
2025.01.24	01:30:02.130		0.84334			4
2025.01.24	01:30:03.965	0.84331	0.84336			6
2025.01.24	01:30:08.593	0.84332				2
2025.01.24	01:30:08.991		0.84337			4
2025.01.24	01:30:11.955	0.84330	0.84336			6
2025.01.24	01:30:36.457	0.84332				2
2025.01.24	01:30:37.980	0.84331				2
2025.01.24	01:30:47.577	0.84332				2
2025.01.24	01:31:00.482	0.84333	0.84337			6
2025.01.24	01:31:00.811	0.84332				2
2025.01.24	01:31:03.166	0.84331				2
2025.01.24	01:31:03.596	0.84334	0.84338			6
2025.01.24	01:31:06.768	0.84333				2
2025.01.24	01:31:11.280	0.84334	0.84339			6
2025.01.24	01:31:16.119	0.84335				2
2025.01.24	01:31:16.421	0.84334				2
2025.01.24	01:31:22.958		0.84338			4
2025.01.24	01:32:04.115	0.84334				2
2025.01.24	01:32:16.596		0.84339			4
2025.01.24	01:32:22.318		0.84338			4
2025.01.24	01:33:00.529	0.84334				2
2025.01.24	01:33:12.497	0.84332				2
2025.01.24	01:33:24.654		0.84338			4
2025.01.24	01:33:26.562	0.84333				2
2025.01.24	01:33:31.272		0.84339			4
2025.01.24	01:33:35.864	0.84334				2
2025.01.24	01:33:36.232		0.84338			4
2025.01.24	01:33:46.410	0.84331	0.84336			6
2025.01.24	01:33:46.724		0.84335			4
2025.01.24	01:33:48.357		0.84336			4
2025.01.24	01:34:00.852	0.84331				2
2025.01.24	01:34:13.462		0.84337			4
2025.01.24	01:34:34.182	0.84330	0.84334			6
2025.01.24	01:34:34.937		0.84335			4
2025.01.24	01:34:36.463		0.84334			4
2025.01.24	01:34:39.596	0.84329				2
2025.01.24	01:34:44.624	0.84330				2
2025.01.24	01:34:45.357		0.84335			4
2025.01.24	01:35:02.493	0.84330				2
2025.01.24	01:35:06.349		0.84334			4
2025.01.24	01:35:18.428		0.84335			4
2025.01.24	01:35:19.586	0.84329	0.84334			6
2025.01.24	01:35:22.336		0.84336			4
2025.01.24	01:35:25.427		0.84334			4
2025.01.24	01:35:35.578	0.84330				2
2025.01.24	01:35:36.166		0.84335			4
2025.01.24	01:35:37.680	0.84331	0.84336			6
2025.01.24	01:35:51.811	0.84332	0.84338			6
2025.01.24	01:35:53.595	0.84331				2
2025.01.24	01:35:55.579	0.84332				2
2025.01.24	01:35:58.353	0.84331				2
2025.01.24	01:35:59.075		0.84337			4
2025.01.24	01:36:00.526	0.84334	0.84338			6
2025.01.24	01:36:05.181		0.84339			4
2025.01.24	01:36:08.872		0.84338			4
2025.01.24	01:36:11.161		0.84339			4
2025.01.24	01:36:26.106	0.84331	0.84335			6
2025.01.24	01:36:28.867		0.84336			4
2025.01.24	01:36:31.588		0.84335			4
2025.01.24	01:36:31.909	0.84330				2
2025.01.24	01:36:34.488		0.84336			4
2025.01.24	01:36:41.224	0.84328	0.84334			6
2025.01.24	01:36:41.593		0.84333			4
2025.01.24	01:36:42.350	0.84329				2
2025.01.24	01:36:42.660	0.84330	0.84334			6
2025.01.24	01:36:47.460	0.84329				2
2025.01.24	01:37:00.167	0.84329				2
2025.01.24	01:37:05.750	0.84328				2
2025.01.24	01:37:06.131	0.84329				2
2025.01.24	01:37:10.376	0.84330	0.84335			6
2025.01.24	01:37:18.347	0.84329				2
2025.01.24	01:37:19.228		0.84334			4
2025.01.24	01:37:41.259	0.84330	0.84335			6
2025.01.24	01:37:46.680	0.84329				2
2025.01.24	01:37:47.281	0.84330				2
2025.01.24	01:37:53.266		0.84332			4
2025.01.24	01:37:54.747		0.84335			4
2025.01.24	01:37:58.305		0.84333			4
2025.01.24	01:37:58.916		0.84334			4
2025.01.24	01:37:59.298		0.84333			4
2025.01.24	01:38:00.099	0.84330				2
2025.01.24	01:38:10.330		0.84335			4
2025.01.24	01:38:36.082		0.84334			4
2025.01.24	01:38:50.293		0.84335			4
2025.01.24	01:38:50.948	0.84331	0.84336			6
2025.01.24	01:38:51.977		0.84337			4
2025.01.24	01:38:53.582	0.84332				2
2025.01.24	01:39:00.498	0.84332				2
2025.01.24	01:39:01.963	0.84333				2
2025.01.24	01:39:06.332	0.84331	0.84335			6
2025.01.24	01:39:11.609		0.84337			4
2025.01.24	01:39:12.598	0.84332	0.84338			6
2025.01.24	01:39:14.368	0.84333				2
2025.01.24	01:39:22.285	0.84332				2
2025.01.24	01:39:28.962		0.84337			4
2025.01.24	01:39:33.528	0.84331	0.84335			6
2025.01.24	01:39:55.601	0.84332				2
2025.01.24	01:40:00.365	0.84332				2
2025.01.24	01:40:04.602		0.84336			4
2025.01.24	01:40:13.778	0.84331	0.84335			6
2025.01.24	01:40:17.865	0.84332				2
2025.01.24	01:40:20.896		0.84336			4
2025.01.24	01:40:22.592		0.84337			4
2025.01.24	01:40:33.450		0.84336			4
2025.01.24	01:40:34.606	0.84331				2
2025.01.24	01:40:37.903	0.84332				2
2025.01.24	01:40:40.345		0.84337			4
2025.01.24	01:40:44.089	0.84331	0.84336			6
2025.01.24	01:40:44.710		0.84335			4
2025.01.24	01:40:46.260		0.84337			4
2025.01.24	01:40:51.706		0.84335			4
2025.01.24	01:40:57.380		0.84336			4
2025.01.24	01:41:01.364	0.84331	0.84335			6
2025.01.24	01:41:15.611		0.84336			4
2025.01.24	01:41:18.462	0.84330				2
2025.01.24	01:41:28.610		0.84335			4
2025.01.24	01:41:33.576	0.84331				2
2025.01.24	01:41:39.180		0.84336			4
2025.01.24	01:41:55.596		0.84335			4
2025.01.24	01:42:01.327	0.84331				2
2025.01.24	01:42:03.187		0.84336			4
2025.01.24	01:42:03.936	0.84330				2
2025.01.24	01:42:08.606	0.84331				2
2025.01.24	01:42:09.588		0.84337			4
2025.01.24	01:42:10.334		0.84336			4
2025.01.24	01:42:12.327		0.84337			4
2025.01.24	01:42:13.327		0.84336			4
2025.01.24	01:42:19.586		0.84335			4
2025.01.24	01:42:22.197	0.84330				2
2025.01.24	01:42:22.500		0.84334			4
2025.01.24	01:42:23.863	0.84329				2
2025.01.24	01:42:26.591	0.84331	0.84336			6
2025.01.24	01:42:31.561	0.84329	0.84335			6
2025.01.24	01:42:35.325	0.84330	0.84334			6
2025.01.24	01:42:44.616		0.84335			4
2025.01.24	01:43:02.606	0.84330	0.84334			6
2025.01.24	01:43:55.623		0.84335			4
2025.01.24	01:44:02.680	0.84331				2
2025.01.24	01:44:05.471		0.84336			4
2025.01.24	01:44:11.597		0.84335			4
2025.01.24	01:44:12.666		0.84336			4
2025.01.24	01:44:40.360	0.84332				2
2025.01.24	01:44:42.807	0.84331				2
2025.01.24	01:44:51.003	0.84330				2
2025.01.24	01:44:53.068		0.84335			4
2025.01.24	01:45:01.096	0.84330				2
2025.01.24	01:45:01.543		0.84336			4
2025.01.24	01:45:03.466		0.84335			4
2025.01.24	01:45:10.618	0.84331	0.84336			6
2025.01.24	01:45:13.134	0.84332	0.84337			6
2025.01.24	01:45:21.981	0.84331				2
2025.01.24	01:45:22.285	0.84332				2
2025.01.24	01:45:23.547	0.84331				2
2025.01.24	01:45:24.602	0.84332				2
2025.01.24	01:45:25.653	0.84331				2
2025.01.24	01:45:42.597	0.84332				2
2025.01.24	01:45:45.851		0.84334			4
2025.01.24	01:45:46.501		0.84337			4
2025.01.24	01:46:00.423	0.84331				2
2025.01.24	01:46:35.591		0.84336			4
2025.01.24	01:46:38.871	0.84332	0.84337			6
2025.01.24	01:47:01.410	0.84332				2
2025.01.24	01:47:04.254	0.84331	0.84336			6
2025.01.24	01:47:17.996	0.84332	0.84337			6
2025.01.24	01:47:18.306	0.84331	0.84336			6
2025.01.24	01:48:00.134	0.84331				2
2025.01.24	01:48:04.605	0.84332				2
2025.01.24	01:48:14.585	0.84331				2
2025.01.24	01:48:18.557		0.84336			4
2025.01.24	01:48:22.606	0.84332	0.84337			6
2025.01.24	01:48:25.662	0.84331	0.84336			6
2025.01.24	01:48:26.697	0.84332	0.84337			6
2025.01.24	01:48:32.868	0.84333				2
2025.01.24	01:48:35.493		0.84336			4
2025.01.24	01:48:38.462		0.84335			4
2025.01.24	01:48:38.911	0.84332				2
2025.01.24	01:48:39.602	0.84333	0.84336			6
2025.01.24	01:48:42.104	0.84332				2
2025.01.24	01:48:43.616		0.84335			4
2025.01.24	01:48:45.833	0.84333				2
2025.01.24	01:49:00.556	0.84333	0.84336			6
2025.01.24	01:49:09.950		0.84337			4
2025.01.24	01:49:15.578	0.84336	0.84341			6
2025.01.24	01:49:16.278	0.84338	0.84342			6
2025.01.24	01:49:19.570		0.84344			4
2025.01.24	01:49:25.726	0.84337	0.84342			6
2025.01.24	01:49:26.339	0.84338				2
2025.01.24	01:49:26.723	0.84337				2
2025.01.24	01:49:34.042		0.84341			4
2025.01.24	01:49:36.395	0.84336	0.84342			6
2025.01.24	01:49:38.831	0.84337				2
2025.01.24	01:49:44.088	0.84336				2
2025.01.24	01:49:45.396	0.84335	0.84341			6
2025.01.24	01:49:46.111		0.84342			4
2025.01.24	01:49:46.457		0.84341			4
2025.01.24	01:50:00.107	0.84335				2
2025.01.24	01:50:01.213	0.84336				2
2025.01.24	01:50:07.874	0.84340				2
2025.01.24	01:50:08.606	0.84337	0.84342			6
2025.01.24	01:50:16.066	0.84336	0.84341			6
2025.01.24	01:50:26.583	0.84337				2
2025.01.24	01:50:31.459	0.84336	0.84342			6
2025.01.24	01:50:41.861		0.84341			4
2025.01.24	01:50:44.350	0.84337				2
2025.01.24	01:50:49.966		0.84342			4
2025.01.24	01:50:58.592		0.84343			4
2025.01.24	01:50:59.270		0.84341			4
2025.01.24	01:51:00.376	0.84337				2
2025.01.24	01:51:08.032	0.84336	0.84342			6
2025.01.24	01:51:10.578	0.84337				2
2025.01.24	01:51:13.077	0.84336				2
2025.01.24	01:51:19.916	0.84337	0.84341			6
2025.01.24	01:51:22.428		0.84342			4
2025.01.24	01:51:29.866		0.84341			4
2025.01.24	01:51:41.114	0.84332	0.84336			6
2025.01.24	01:51:41.421	0.84331				2
2025.01.24	01:52:00.513	0.84331				2
2025.01.24	01:52:04.871	0.84330	0.84335			6
2025.01.24	01:52:12.437	0.84331				2
2025.01.24	01:52:29.246	0.84330	0.84334			6
2025.01.24	01:52:31.002	0.84325	0.84329			6
2025.01.24	01:52:32.859	0.84326				2
2025.01.24	01:52:33.181	0.84325				2
2025.01.24	01:52:33.677	0.84327	0.84330			6
2025.01.24	01:52:42.981		0.84332			4
2025.01.24	01:52:43.743		0.84333			4
2025.01.24	01:52:44.820		0.84332			4
2025.01.24	01:52:45.699		0.84331			4
2025.01.24	01:52:47.647	0.84326				2
2025.01.24	01:52:48.167		0.84330			4
2025.01.24	01:52:53.421		0.84331			4
2025.01.24	01:52:59.018	0.84327				2
2025.01.24	01:53:00.921	0.84327				2
2025.01.24	01:53:04.611	0.84326				2
2025.01.24	01:53:06.163		0.84330			4
2025.01.24	01:53:27.015		0.84329			4
2025.01.24	01:53:28.110		0.84330			4
2025.01.24	01:53:32.108	0.84327				2
2025.01.24	01:53:40.352	0.84326				2
2025.01.24	01:53:40.655	0.84327				2
2025.01.24	01:53:42.594	0.84326				2
2025.01.24	01:53:44.736	0.84327	0.84329			6
2025.01.24	01:53:50.147	0.84326				2
2025.01.24	01:53:52.880		0.84330			4
2025.01.24	01:53:59.610		0.84329			4
2025.01.24	01:54:00.406	0.84326				2
2025.01.24	01:54:13.405	0.84327	0.84331			6
2025.01.24	01:54:13.725	0.84328	0.84332			6
2025.01.24	01:54:14.107	0.84327				2
2025.01.24	01:54:17.922	0.84328	0.84333			6
2025.01.24	01:54:23.600	0.84329				2
2025.01.24	01:54:25.682	0.84328				2
2025.01.24	01:54:25.989		0.84331			4
2025.01.24	01:54:27.722	0.84327				2
2025.01.24	01:54:33.289		0.84330			4
2025.01.24	01:54:51.653		0.84329			4
2025.01.24	01:54:53.818		0.84330			4
2025.01.24	01:54:57.763		0.84329			4
2025.01.24	01:55:01.491	0.84327				2
2025.01.24	01:55:25.252	0.84323	0.84324			6
2025.01.24	01:55:25.877	0.84322				2
2025.01.24	01:55:28.170		0.84325			4
2025.01.24	01:55:28.576	0.84323	0.84329			6
2025.01.24	01:55:29.143	0.84324				2
2025.01.24	01:55:31.612	0.84323	0.84328			6
2025.01.24	01:55:34.381	0.84320	0.84325			6
2025.01.24	01:55:35.893	0.84321				2
2025.01.24	01:55:44.374	0.84318	0.84323			6
2025.01.24	01:55:45.085	0.84319				2
2025.01.24	01:55:45.514	0.84318				2
2025.01.24	01:55:46.270	0.84319				2
2025.01.24	01:55:53.379	0.84320				2
2025.01.24	01:55:53.868		0.84324			4
2025.01.24	01:55:57.603	0.84321	0.84325			6
2025.01.24	01:56:00.437	0.84322	0.84326			6
2025.01.24	01:56:02.760		0.84327			4
2025.01.24	01:56:03.382		0.84326			4
2025.01.24	01:56:08.774	0.84321				2
2025.01.24	01:56:18.214		0.84323			4
2025.01.24	01:56:20.696		0.84326			4
2025.01.24	01:56:29.126	0.84320	0.84322			6
2025.01.24	01:56:29.430	0.84321	0.84323			6
2025.01.24	01:56:31.379	0.84320	0.84322			6
2025.01.24	01:56:35.505	0.84319				2
2025.01.24	01:56:40.377	0.84320	0.84323			6
2025.01.24	01:56:44.694	0.84321				2
2025.01.24	01:56:45.002		0.84326			4
2025.01.24	01:56:47.565		0.84325			4
2025.01.24	01:56:53.374		0.84326			4
2025.01.24	01:56:57.520	0.84322				2
2025.01.24	01:56:57.856		0.84327			4
2025.01.24	01:56:59.200	0.84321	0.84326			6
2025.01.24	01:57:00.250	0.84321				2
2025.01.24	01:57:05.868		0.84324			4
2025.01.24	01:57:08.416	0.84320	0.84323			6
2025.01.24	01:57:08.739		0.84324			4
2025.01.24	01:57:09.477	0.84321				2
2025.01.24	01:57:11.649		0.84325			4
2025.01.24	01:57:20.411	0.84320				2
2025.01.24	01:57:20.775	0.84321				2
2025.01.24	01:57:31.822	0.84320	0.84324			6
2025.01.24	01:57:33.592	0.84321				2
2025.01.24	01:58:00.074	0.84321				2
2025.01.24	01:58:02.392		0.84325			4
2025.01.24	01:58:05.386		0.84324			4
2025.01.24	01:58:14.485		0.84323			4
2025.01.24	01:58:15.504		0.84324			4
2025.01.24	01:58:19.590	0.84320				2
2025.01.24	01:58:22.092		0.84323			4
2025.01.24	01:58:23.995		0.84322			4
2025.01.24	01:58:25.454	0.84319				2
2025.01.24	01:58:27.192	0.84320	0.84324			6
2025.01.24	01:58:27.503	0.84319				2
2025.01.24	01:58:27.836	0.84320	0.84325			6
2025.01.24	01:58:37.370	0.84317	0.84318			6
2025.01.24	01:58:37.683	0.84313	0.84317			6
2025.01.24	01:58:43.125	0.84312	0.84316			6
2025.01.24	01:58:45.111		0.84317			4
2025.01.24	01:58:45.435	0.84311	0.84315			6
2025.01.24	01:58:45.773	0.84312	0.84316			6
2025.01.24	01:58:46.419	0.84314	0.84318			6
2025.01.24	01:58:49.727	0.84315	0.84319			6
2025.01.24	01:58:50.315	0.84314	0.84318			6
2025.01.24	01:58:50.623		0.84317			4
2025.01.24	01:58:51.366	0.84313				2
2025.01.24	01:58:52.759		0.84318			4
2025.01.24	01:58:53.751		0.84317			4
2025.01.24	01:58:55.063	0.84311	0.84316			6
2025.01.24	01:58:55.371	0.84312				2
2025.01.24	01:58:57.496	0.84309	0.84314			6
2025.01.24	01:58:57.799	0.84310				2
2025.01.24	01:58:58.562	0.84314	0.84320			6
2025.01.24	01:58:58.863	0.84317	0.84321			6
2025.01.24	01:58:59.366		0.84322			4
2025.01.24	01:59:00.071	0.84317				2
2025.01.24	01:59:00.393	0.84318	0.84323			6
2025.01.24	01:59:00.726	0.84319				2
2025.01.24	01:59:01.052		0.84324			4
2025.01.24	01:59:01.815	0.84318	0.84322			6
2025.01.24	01:59:04.147		0.84321			4
2025.01.24	01:59:05.748	0.84317	0.84322			6
2025.01.24	01:59:13.360		0.84321			4
2025.01.24	01:59:23.668	0.84318				2
2025.01.24	01:59:29.383	0.84317				2
2025.01.24	01:59:30.277	0.84314	0.84319			6
2025.01.24	01:59:30.586	0.84310	0.84313			6
2025.01.24	01:59:31.217	0.84309				2
2025.01.24	01:59:32.913		0.84312			4
2025.01.24	01:59:38.338	0.84311	0.84314			6
2025.01.24	01:59:38.662		0.84315			4
2025.01.24	01:59:39.085		0.84317			4
2025.01.24	01:59:39.406	0.84312	0.84313			6
2025.01.24	01:59:39.761	0.84311	0.84314			6
2025.01.24	01:59:43.870		0.84315			4
2025.01.24	01:59:46.458	0.84312				2
2025.01.24	01:59:47.386		0.84316			4
2025.01.24	01:59:50.368		0.84314			4
2025.01.24	01:59:53.565		0.84315			4
2025.01.24	01:59:53.887		0.84314			4
2025.01.24	01:59:57.530		0.84316			4
2025.01.24	01:59:58.321	0.84310	0.84314			6
2025.01.24	01:59:58.650	0.84311	0.84313			6
2025.01.24	01:59:59.272	0.84312	0.84316			6
2025.01.24	02:00:00.369	0.84312				2
2025.01.24	02:00:02.530		0.84315			4
2025.01.24	02:00:04.591	0.84311				2
2025.01.24	02:00:05.056		0.84316			4
2025.01.24	02:00:05.376		0.84315			4
2025.01.24	02:00:05.972		0.84314			4
2025.01.24	02:00:06.307	0.84315	0.84320			6
2025.01.24	02:00:06.625	0.84316	0.84321			6
2025.01.24	02:00:06.964	0.84318				2
2025.01.24	02:00:07.673	0.84319				2
2025.01.24	02:00:08.004	0.84320				2
2025.01.24	02:00:08.321	0.84317				2
2025.01.24	02:00:09.523	0.84318				2
2025.01.24	02:00:09.920		0.84322			4
2025.01.24	02:00:10.257	0.84321	0.84323			6
2025.01.24	02:00:10.579	0.84318	0.84321			6
2025.01.24	02:00:10.883	0.84317	0.84320			6
2025.01.24	02:00:11.230	0.84316	0.84319			6
2025.01.24	02:00:12.330	0.84318	0.84321			6
2025.01.24	02:00:13.329	0.84322	0.84325			6
2025.01.24	02:00:14.068	0.84323				2
2025.01.24	02:00:16.191	0.84320	0.84323			6
2025.01.24	02:00:16.502		0.84321			4
2025.01.24	02:00:16.806	0.84321	0.84322			6
2025.01.24	02:00:17.113	0.84320	0.84321			6
2025.01.24	02:00:18.363	0.84319				2
2025.01.24	02:00:19.235	0.84320				2
2025.01.24	02:00:20.552		0.84322			4
2025.01.24	02:00:21.064	0.84321				2
2025.01.24	02:00:23.091	0.84320	0.84321			6
2025.01.24	02:00:24.652		0.84322			4
2025.01.24	02:00:25.973	0.84319	0.84323			6
2025.01.24	02:00:26.283	0.84320	0.84322			6
2025.01.24	02:00:26.608		0.84321			4
2025.01.24	02:00:27.060		0.84322			4
2025.01.24	02:00:27.372		0.84321			4
2025.01.24	02:00:27.715	0.84318				2
2025.01.24	02:00:28.025	0.84319				2
2025.01.24	02:00:28.581		0.84322			4
2025.01.24	02:00:29.578	0.84320				2
2025.01.24	02:00:30.624	0.84324	0.84327			6
2025.01.24	02:00:33.371	0.84321	0.84322			6
2025.01.24	02:00:33.823	0.84317	0.84323			6
2025.01.24	02:00:34.143	0.84318	0.84321			6
2025.01.24	02:00:34.921		0.84319			4
2025.01.24	02:00:37.514		0.84321			4
2025.01.24	02:00:37.821	0.84321	0.84325			6
2025.01.24	02:00:38.126	0.84322	0.84326			6
2025.01.24	02:00:38.449	0.84323				2
2025.01.24	02:00:38.758	0.84322				2
2025.01.24	02:00:39.833	0.84321				2
2025.01.24	02:00:40.811	0.84322				2
2025.01.24	02:00:41.157		0.84327			4
2025.01.24	02:00:41.477		0.84326			4
2025.01.24	02:00:42.126		0.84327			4
2025.01.24	02:00:42.537	0.84321				2
2025.01.24	02:00:42.871		0.84326			4
2025.01.24	02:00:43.491		0.84325			4
2025.01.24	02:00:44.290		0.84326			4
2025.01.24	02:00:44.773		0.84324			4
2025.01.24	02:00:46.750		0.84325			4
2025.01.24	02:00:48.991		0.84327			4
2025.01.24	02:00:49.969	0.84322	0.84326			6
2025.01.24	02:00:51.241	0.84319	0.84325			6
2025.01.24	02:00:51.859	0.84322	0.84326			6
2025.01.24	02:00:52.738		0.84324			4
2025.01.24	02:00:53.091		0.84325			4
2025.01.24	02:00:54.021	0.84323				2
2025.01.24	02:00:54.647	0.84322				2
2025.01.24	02:00:56.921	0.84323				2
2025.01.24	02:00:58.137	0.84322	0.84324			6
2025.01.24	02:00:58.573		0.84325			4
2025.01.24	02:00:59.285	0.84323	0.84324			6
2025.01.24	02:00:59.905	0.84322				2
2025.01.24	02:01:00.283	0.84320				2
2025.01.24	02:01:02.265		0.84323			4
2025.01.24	02:01:02.594	0.84321				2
2025.01.24	02:01:03.106		0.84322			4
2025.01.24	02:01:03.408		0.84324			4
2025.01.24	02:01:08.171	0.84324	0.84326			6
2025.01.24	02:01:08.480		0.84325			4
2025.01.24	02:01:08.912	0.84323	0.84326			6
2025.01.24	02:01:09.276	0.84327	0.84330			6
2025.01.24	02:01:10.322	0.84328				2
2025.01.24	02:01:10.632	0.84329	0.84331			6
2025.01.24	02:01:11.293	0.84325	0.84328			6
2025.01.24	02:01:12.255	0.84324	0.84327			6
2025.01.24	02:01:12.624	0.84323	0.84326			6
2025.01.24	02:01:16.455	0.84324	0.84329			6
2025.01.24	02:01:16.787	0.84327	0.84330			6
2025.01.24	02:01:18.347	0.84326	0.84332			6
2025.01.24	02:01:18.677	0.84327				2
2025.01.24	02:01:19.715	0.84328	0.84330			6
2025.01.24	02:01:20.465	0.84327	0.84331			6
2025.01.24	02:01:20.799	0.84328	0.84332			6
2025.01.24	02:01:22.362		0.84331			4
2025.01.24	02:01:23.362		0.84332			4
2025.01.24	02:01:24.919	0.84327	0.84331			6
2025.01.24	02:01:27.063		0.84330			4
2025.01.24	02:01:28.674		0.84331			4
2025.01.24	02:01:30.224	0.84328	0.84332			6
2025.01.24	02:01:33.614		0.84333			4
2025.01.24	02:01:34.100		0.84332			4
2025.01.24	02:01:35.713	0.84327	0.84331			6
2025.01.24	02:01:36.818	0.84328	0.84332			6
2025.01.24	02:01:40.376	0.84325	0.84329			6
2025.01.24	02:01:47.202	0.84328	0.84331			6
2025.01.24	02:01:47.515		0.84332			4
2025.01.24	02:01:48.442		0.84331			4
2025.01.24	02:01:49.678	0.84326	0.84330			6
2025.01.24	02:01:49.979		0.84329			4
2025.01.24	02:01:53.155	0.84325	0.84327			6
2025.01.24	02:01:53.467	0.84326	0.84330			6
2025.01.24	02:01:55.633	0.84327				2
2025.01.24	02:02:00.362	0.84327				2
2025.01.24	02:02:05.368	0.84324	0.84328			6
2025.01.24	02:02:05.915		0.84327			4
2025.01.24	02:02:06.726	0.84322	0.84324			6
2025.01.24	02:02:07.071	0.84323	0.84326			6
2025.01.24	02:02:10.304	0.84322	0.84325			6
2025.01.24	02:02:10.630	0.84323				2
2025.01.24	02:02:14.036		0.84326			4
2025.01.24	02:02:18.266	0.84324	0.84327			6
2025.01.24	02:02:18.800	0.84323	0.84326			6
2025.01.24	02:02:25.327	0.84321	0.84325			6
2025.01.24	02:02:25.642	0.84322				2
2025.01.24	02:02:29.506		0.84326			4
2025.01.24	02:02:29.821		0.84325			4
2025.01.24	02:02:30.641		0.84326			4
2025.01.24	02:02:30.946		0.84325			4
2025.01.24	02:02:31.278	0.84323				2
2025.01.24	02:02:35.776		0.84326			4
2025.01.24	02:02:37.362		0.84327			4
2025.01.24	02:02:40.503	0.84324	0.84328			6
2025.01.24	02:02:42.562	0.84325				2
2025.01.24	02:02:45.259		0.84329			4
2025.01.24	02:02:51.651	0.84327	0.84331			6
2025.01.24	02:02:52.710	0.84329	0.84332			6
2025.01.24	02:02:57.437	0.84328	0.84331			6
2025.01.24	02:02:57.757		0.84332			4
2025.01.24	02:02:58.849		0.84331			4
2025.01.24	02:02:59.925		0.84332			4
2025.01.24	02:03:00.353	0.84329				2
2025.01.24	02:03:05.564	0.84328				2
2025.01.24	02:03:09.514	0.84325	0.84328			6
2025.01.24	02:03:17.835	0.84324				2
2025.01.24	02:03:20.066	0.84323				2
2025.01.24	02:03:20.471	0.84324	0.84329			6
2025.01.24	02:03:21.219	0.84325	0.84330			6
2025.01.24	02:03:26.861		0.84329			4
2025.01.24	02:03:27.785		0.84330			4
2025.01.24	02:03:33.620		0.84329			4
2025.01.24	02:03:39.389	0.84324	0.84328			6
2025.01.24	02:03:40.846		0.84327			4
2025.01.24	02:03:41.232		0.84326			4
2025.01.24	02:03:41.745		0.84325			4
2025.01.24	02:03:53.445		0.84326			4
2025.01.24	02:03:54.040		0.84325			4
2025.01.24	02:03:56.829	0.84323	0.84324			6
2025.01.24	02:03:58.461	0.84322	0.84323			6
2025.01.24	02:04:00.369	0.84323	0.84325			6
2025.01.24	02:04:01.973	0.84322				2
2025.01.24	02:04:04.120		0.84324			4
2025.01.24	02:04:05.736		0.84325			4
2025.01.24	02:04:06.115		0.84323			4
2025.01.24	02:04:23.669	0.84319	0.84320			6
2025.01.24	02:04:24.182	0.84317	0.84324			6
2025.01.24	02:04:26.321	0.84319	0.84320			6
2025.01.24	02:04:27.527	0.84320	0.84322			6
2025.01.24	02:04:28.346		0.84321			4
2025.01.24	02:04:29.446		0.84323			4
2025.01.24	02:04:29.862		0.84322			4
2025.01.24	02:04:31.063		0.84323			4
2025.01.24	02:04:35.497	0.84318	0.84322			6
2025.01.24	02:04:36.084		0.84323			4
2025.01.24	02:04:41.863	0.84319				2
2025.01.24	02:04:49.493		0.84322			4
2025.01.24	02:04:49.807	0.84320				2
2025.01.24	02:04:54.472	0.84319	0.84321			6
2025.01.24	02:04:54.877		0.84322			4
2025.01.24	02:04:56.347		0.84321			4
2025.01.24	02:04:57.759	0.84320				2
2025.01.24	02:05:01.266	0.84320	0.84322			6
2025.01.24	02:05:01.821		0.84321			4
2025.01.24	02:05:02.192		0.84322			4
2025.01.24	02:05:03.259		0.84324			4
2025.01.24	02:05:03.969	0.84319				2
2025.01.24	02:05:05.019	0.84321	0.84325			6
2025.01.24	02:05:05.562	0.84320	0.84323			6
2025.01.24	02:05:07.350	0.84321	0.84324			6
2025.01.24	02:05:08.061		0.84323			4
2025.01.24	02:05:10.786	0.84320	0.84322			6
2025.01.24	02:05:16.515		0.84323			4
2025.01.24	02:05:20.366		0.84322			4
2025.01.24	02:05:24.900	0.84319				2
2025.01.24	02:05:26.107		0.84321			4
2025.01.24	02:05:29.607	0.84320				2
2025.01.24	02:05:30.161	0.84321	0.84322			6
2025.01.24	02:05:33.915	0.84322	0.84323			6
2025.01.24	02:05:43.309	0.84323	0.84326			6
2025.01.24	02:05:47.757	0.84325	0.84327			6
2025.01.24	02:05:48.259	0.84324				2
2025.01.24	02:05:50.364		0.84326			4
2025.01.24	02:05:52.807		0.84327			4
2025.01.24	02:05:54.043		0.84326			4
2025.01.24	02:05:56.485		0.84325			4
2025.01.24	02:06:01.549	0.84323	0.84324			6
2025.01.24	02:06:02.026		0.84325			4
2025.01.24	02:06:06.393		0.84324			4
2025.01.24	02:06:08.227		0.84325			4
2025.01.24	02:06:14.484		0.84324			4
2025.01.24	02:06:15.567		0.84325			4
2025.01.24	02:06:16.076		0.84324			4
2025.01.24	02:06:16.390		0.84325			4
2025.01.24	02:06:18.943	0.84324				2
2025.01.24	02:06:19.845		0.84326			4
2025.01.24	02:06:22.830		0.84327			4
2025.01.24	02:06:23.143		0.84325			4
2025.01.24	02:06:32.344		0.84326			4
2025.01.24	02:06:39.003		0.84325			4
2025.01.24	02:06:44.249		0.84326			4
2025.01.24	02:06:45.823		0.84327			4
2025.01.24	02:06:49.484		0.84326			4
2025.01.24	02:06:51.398		0.84325			4
2025.01.24	02:06:54.277		0.84327			4
2025.01.24	02:06:59.648		0.84325			4
2025.01.24	02:07:00.198	0.84324	0.84326			6
2025.01.24	02:07:01.228	0.84323	0.84328			6
2025.01.24	02:07:06.347	0.84324				2
2025.01.24	02:07:08.476	0.84323				2
2025.01.24	02:07:09.394	0.84324				2
2025.01.24	02:07:09.743	0.84323				2
2025.01.24	02:07:11.043		0.84327			4
2025.01.24	02:07:15.722	0.84324	0.84328			6
2025.01.24	02:07:16.654	0.84323				2
2025.01.24	02:07:17.628	0.84324				2
2025.01.24	02:07:17.943		0.84327			4
2025.01.24	02:07:19.401		0.84326			4
2025.01.24	02:07:19.705		0.84325			4
2025.01.24	02:07:20.218	0.84325	0.84327			6
2025.01.24	02:07:24.701	0.84323	0.84326			6
2025.01.24	02:07:25.006	0.84321	0.84324			6
2025.01.24	02:07:26.310	0.84324	0.84328			6
2025.01.24	02:07:26.658		0.84327			4
2025.01.24	02:07:28.283	0.84323				2
2025.01.24	02:07:28.641		0.84326			4
2025.01.24	02:07:35.125		0.84327			4
2025.01.24	02:07:42.467	0.84322	0.84325			6
2025.01.24	02:07:42.894	0.84321	0.84324			6
2025.01.24	02:07:46.629	0.84322	0.84326			6
2025.01.24	02:07:47.688	0.84320	0.84323			6
2025.01.24	02:07:48.162	0.84319				2
2025.01.24	02:07:50.980	0.84320				2
2025.01.24	02:07:53.365	0.84319				2
2025.01.24	02:07:55.317		0.84325			4
2025.01.24	02:07:55.654	0.84320				2
2025.01.24	02:07:55.964	0.84321				2
2025.01.24	02:07:57.703		0.84326			4
2025.01.24	02:07:58.046		0.84327			4
2025.01.24	02:08:02.354	0.84321				2
2025.01.24	02:08:02.883	0.84322				2
2025.01.24	02:08:04.380	0.84321				2
2025.01.24	02:08:05.185		0.84325			4
2025.01.24	02:08:05.500		0.84326			4
2025.01.24	02:08:06.064	0.84322	0.84327			6
2025.01.24	02:08:06.402	0.84321	0.84325			6
2025.01.24	02:08:07.496		0.84324			4
2025.01.24	02:08:10.539	0.84320	0.84326			6
2025.01.24	02:08:10.911	0.84322				2
2025.01.24	02:08:11.940	0.84321				2
2025.01.24	02:08:14.932		0.84325			4
2025.01.24	02:08:15.741	0.84322				2
2025.01.24	02:08:17.431		0.84324			4
2025.01.24	02:08:25.796		0.84325			4
2025.01.24	02:08:26.225	0.84323	0.84326			6
2025.01.24	02:08:26.610		0.84325			4
2025.01.24	02:08:27.262	0.84322				2
2025.01.24	02:08:28.348	0.84323				2
2025.01.24	02:08:30.311	0.84322				2
2025.01.24	02:08:31.362		0.84324			4
2025.01.24	02:08:32.256		0.84325			4
2025.01.24	02:08:33.124		0.84324			4
2025.01.24	02:08:33.466		0.84325			4
2025.01.24	02:08:39.910	0.84323				2
2025.01.24	02:08:41.614		0.84326			4
2025.01.24	02:08:41.931	0.84322				2
2025.01.24	02:08:44.867	0.84323				2
2025.01.24	02:08:45.780		0.84327			4
2025.01.24	02:08:46.085		0.84326			4
2025.01.24	02:08:50.109		0.84327			4
2025.01.24	02:08:52.408		0.84326			4
2025.01.24	02:08:52.995		0.84327			4
2025.01.24	02:08:53.381		0.84326			4
2025.01.24	02:08:54.084		0.84327			4
2025.01.24	02:08:57.602		0.84326			4
2025.01.24	02:08:58.550		0.84327			4
2025.01.24	02:09:00.377	0.84323				2
2025.01.24	02:09:01.263	0.84324				2
2025.01.24	02:09:07.908	0.84325				2
2025.01.24	02:09:08.344	0.84324				2
2025.01.24	02:09:11.437	0.84325	0.84328			6
2025.01.24	02:09:11.805	0.84324				2
2025.01.24	02:09:12.483	0.84325				2
2025.01.24	02:09:15.679	0.84324				2
2025.01.24	02:09:16.379	0.84325				2
2025.01.24	02:09:27.167	0.84324				2
2025.01.24	02:09:32.402	0.84323	0.84325			6
2025.01.24	02:09:37.015	0.84322				2
2025.01.24	02:09:37.353	0.84321	0.84324			6
2025.01.24	02:09:42.037	0.84319	0.84322			6
2025.01.24	02:09:44.716	0.84318	0.84323			6
2025.01.24	02:09:46.460	0.84319				2
2025.01.24	02:09:50.724	0.84318				2
2025.01.24	02:09:53.526	0.84319				2
2025.01.24	02:09:53.840	0.84320				2
2025.01.24	02:09:55.573		0.84324			4
2025.01.24	02:09:56.824		0.84323			4
2025.01.24	02:09:57.457	0.84319				2
2025.01.24	02:09:58.459		0.84324			4
2025.01.24	02:10:00.406	0.84319	0.84323			6
2025.01.24	02:10:00.736	0.84318				2
2025.01.24	02:10:05.194	0.84319	0.84324			6
2025.01.24	02:10:06.420	0.84320				2
2025.01.24	02:10:07.814	0.84319	0.84323			6
2025.01.24	02:10:08.860		0.84322			4
2025.01.24	02:10:11.955		0.84323			4
2025.01.24	02:10:14.392		0.84321			4
2025.01.24	02:10:18.428		0.84320			4
2025.01.24	02:10:19.038	0.84320	0.84324			6
2025.01.24	02:10:19.471	0.84319	0.84323			6
2025.01.24	02:10:19.800	0.84320	0.84324			6
2025.01.24	02:10:20.134	0.84319	0.84323			6
2025.01.24	02:10:20.556	0.84320	0.84324			6
2025.01.24	02:10:24.605	0.84319	0.84323			6
2025.01.24	02:10:25.003	0.84318				2
2025.01.24	02:10:26.308	0.84319				2
2025.01.24	02:10:27.481	0.84320	0.84322			6
2025.01.24	02:10:28.120		0.84324			4
2025.01.24	02:10:36.868	0.84321				2
2025.01.24	02:10:39.388	0.84320				2
2025.01.24	02:10:41.558	0.84321				2
2025.01.24	02:10:45.925	0.84319	0.84323			6
2025.01.24	02:10:48.269	0.84320				2
2025.01.24	02:10:49.379	0.84321	0.84325			6
2025.01.24	02:10:54.431		0.84324			4
2025.01.24	02:10:58.426	0.84322	0.84325			6
2025.01.24	02:11:00.497	0.84322				2
2025.01.24	02:11:02.497	0.84323	0.84326			6
2025.01.24	02:11:18.106		0.84325			4
2025.01.24	02:11:20.029	0.84320	0.84322			6
2025.01.24	02:11:26.344	0.84318				2
2025.01.24	02:11:26.667	0.84320	0.84323			6
2025.01.24	02:11:28.372	0.84321				2
2025.01.24	02:11:28.898	0.84320				2
2025.01.24	02:11:29.465	0.84321	0.84324			6
2025.01.24	02:11:30.218	0.84322				2
2025.01.24	02:11:30.756		0.84325			4
2025.01.24	02:11:32.386	0.84323				2
2025.01.24	02:11:33.056	0.84321	0.84326			6
2025.01.24	02:11:41.191		0.84325			4
2025.01.24	02:11:57.305		0.84324			4
2025.01.24	02:11:58.483		0.84325			4
2025.01.24	02:12:00.568	0.84321				2
2025.01.24	02:12:06.493	0.84322				2
2025.01.24	02:12:07.137	0.84321				2
2025.01.24	02:12:11.754	0.84323				2
2025.01.24	02:12:12.495		0.84326			4
2025.01.24	02:12:21.908		0.84325			4
2025.01.24	02:12:26.604	0.84322				2
2025.01.24	02:12:36.749	0.84323	0.84326			6
2025.01.24	02:12:40.419	0.84324	0.84327			6
2025.01.24	02:12:40.723	0.84325	0.84328			6
2025.01.24	02:12:41.381	0.84324				2
2025.01.24	02:12:41.779	0.84325				2
2025.01.24	02:12:42.158		0.84329			4
2025.01.24	02:12:43.181		0.84328			4
2025.01.24	02:12:43.637	0.84324				2
2025.01.24	02:12:45.147	0.84325	0.84329			6
2025.01.24	02:12:48.060	0.84324				2
2025.01.24	02:12:52.196	0.84325				2
2025.01.24	02:12:52.526		0.84327			4
2025.01.24	02:12:52.977	0.84324				2
2025.01.24	02:13:00.515	0.84325				2
2025.01.24	02:13:05.801	0.84324				2
2025.01.24	02:13:06.463		0.84326			4
2025.01.24	02:13:20.971	0.84325				2
2025.01.24	02:13:21.431	0.84324				2
2025.01.24	02:13:31.090	0.84323				2
2025.01.24	02:13:33.164		0.84327			4
2025.01.24	02:13:41.486		0.84326			4
2025.01.24	02:13:54.739	0.84324				2
2025.01.24	02:13:56.222		0.84327			4
2025.01.24	02:13:57.367	0.84323				2
2025.01.24	02:13:57.672		0.84325			4
2025.01.24	02:13:58.018		0.84327			4
2025.01.24	02:13:58.346		0.84326			4
2025.01.24	02:14:03.634	0.84323				2
2025.01.24	02:14:04.021		0.84325			4
2025.01.24	02:14:04.399		0.84326			4
2025.01.24	02:14:18.498	0.84324				2
2025.01.24	02:14:43.684	0.84323				2
2025.01.24	02:14:45.125		0.84327			4
2025.01.24	02:14:46.161	0.84324				2
2025.01.24	02:14:52.891	0.84325				2
2025.01.24	02:15:01.417	0.84324	0.84328			6
2025.01.24	02:15:01.734		0.84327			4
2025.01.24	02:15:02.785		0.84328			4
2025.01.24	02:15:03.094	0.84322	0.84327			6
2025.01.24	02:15:03.401	0.84324	0.84326			6
2025.01.24	02:15:04.136		0.84328			4
2025.01.24	02:15:06.706		0.84327			4
2025.01.24	02:15:07.062		0.84328			4
2025.01.24	02:15:07.994	0.84325				2
2025.01.24	02:15:08.346	0.84324				2
2025.01.24	02:15:10.830	0.84325	0.84327			6
2025.01.24	02:15:11.146	0.84324				2
2025.01.24	02:15:15.474		0.84326			4
2025.01.24	02:15:16.320	0.84325	0.84327			6
2025.01.24	02:15:17.422	0.84324	0.84325			6
2025.01.24	02:15:28.161	0.84322	0.84327			6
2025.01.24	02:15:28.466	0.84324	0.84328			6
2025.01.24	02:15:30.355	0.84323				2
2025.01.24	02:15:31.655		0.84327			4
2025.01.24	02:15:33.495		0.84329			4
2025.01.24	02:15:34.540		0.84328			4
2025.01.24	02:15:34.847	0.84324	0.84329			6
2025.01.24	02:15:36.351	0.84326				2
2025.01.24	02:15:37.073		0.84328			4
2025.01.24	02:15:55.416	0.84327				2
2025.01.24	02:15:55.757	0.84328	0.84329			6
2025.01.24	02:15:56.389	0.84327	0.84328			6
2025.01.24	02:15:58.548	0.84328	0.84329			6
2025.01.24	02:16:00.613	0.84328				2
2025.01.24	02:16:02.872	0.84327	0.84328			6
2025.01.24	02:16:06.454		0.84331			4
2025.01.24	02:16:06.977		0.84330			4
2025.01.24	02:16:10.713	0.84328				2
2025.01.24	02:16:24.573	0.84329	0.84331			6
2025.01.24	02:16:24.938	0.84328				2
2025.01.24	02:16:25.563	0.84329				2
2025.01.24	02:16:30.749	0.84328				2
2025.01.24	02:16:31.081	0.84329				2
2025.01.24	02:16:32.340	0.84327				2
2025.01.24	02:16:33.359	0.84329				2
2025.01.24	02:16:34.355	0.84328				2
2025.01.24	02:16:35.196	0.84327				2
2025.01.24	02:16:35.551	0.84328				2
2025.01.24	02:16:37.447	0.84327				2
2025.01.24	02:16:41.293	0.84328				2
2025.01.24	02:16:46.832		0.84332			4
2025.01.24	02:16:50.586	0.84327	0.84331			6
2025.01.24	02:16:59.883		0.84332			4
2025.01.24	02:17:00.355	0.84327				2
2025.01.24	02:17:02.651	0.84328	0.84330			6
2025.01.24	02:17:03.457	0.84327	0.84331			6
2025.01.24	02:17:06.350	0.84328	0.84330			6
2025.01.24	02:17:07.661	0.84329	0.84331			6
2025.01.24	02:17:07.970	0.84327	0.84332			6
2025.01.24	02:17:11.663		0.84331			4
2025.01.24	02:17:12.486		0.84332			4
2025.01.24	02:17:13.663	0.84328				2
2025.01.24	02:17:16.479		0.84331			4
2025.01.24	02:17:18.485	0.84329	0.84330			6
2025.01.24	02:17:20.104	0.84327	0.84332			6
2025.01.24	02:17:20.407		0.84331			4
2025.01.24	02:17:21.471		0.84332			4
2025.01.24	02:17:24.654	0.84329				2
2025.01.24	02:17:26.285	0.84332	0.84335			6
2025.01.24	02:17:30.568	0.84331				2
2025.01.24	02:17:34.499		0.84334			4
2025.01.24	02:17:34.836	0.84330				2
2025.01.24	02:17:35.371	0.84332	0.84335			6
2025.01.24	02:17:41.733	0.84331				2
2025.01.24	02:17:46.417	0.84328	0.84332			6
2025.01.24	02:17:47.229	0.84329				2
2025.01.24	02:17:47.537	0.84330				2
2025.01.24	02:18:00.355	0.84330				2
2025.01.24	02:18:04.342	0.84331				2
2025.01.24	02:18:07.772		0.84334			4
2025.01.24	02:18:09.123	0.84332	0.84335			6
2025.01.24	02:18:18.281		0.84333			4
2025.01.24	02:18:50.159		0.84335			4
2025.01.24	02:18:51.725		0.84333			4
2025.01.24	02:18:55.824	0.84330	0.84334			6
2025.01.24	02:18:56.146	0.84329				2
2025.01.24	02:18:57.398	0.84330				2
2025.01.24	02:19:01.066	0.84330				2
2025.01.24	02:19:03.081	0.84332	0.84335			6
2025.01.24	02:19:04.113	0.84333				2
2025.01.24	02:19:04.424	0.84334				2
2025.01.24	02:19:27.559		0.84336			4
2025.01.24	02:19:34.190	0.84335				2
2025.01.24	02:19:40.179	0.84334				2
2025.01.24	02:19:47.990	0.84332				2
2025.01.24	02:19:48.369		0.84337			4
2025.01.24	02:19:50.396	0.84333	0.84338			6
2025.01.24	02:19:54.351	0.84334				2
2025.01.24	02:19:59.800	0.84333	0.84337			6
2025.01.24	02:20:01.889	0.84333				2
2025.01.24	02:20:05.334	0.84331	0.84332			6
2025.01.24	02:20:06.746	0.84332	0.84333			6
2025.01.24	02:20:08.368	0.84333	0.84334			6
2025.01.24	02:20:10.571	0.84332	0.84333			6
2025.01.24	02:20:14.325	0.84331	0.84332			6
2025.01.24	02:20:25.107	0.84330				2
2025.01.24	02:20:35.568	0.84329	0.84331			6
2025.01.24	02:20:35.937	0.84327	0.84332			6
2025.01.24	02:20:37.290		0.84331			4
2025.01.24	02:20:51.206	0.84328	0.84333			6
2025.01.24	02:20:52.350	0.84329				2
2025.01.24	02:20:55.326	0.84330				2
2025.01.24	02:21:00.471	0.84332	0.84335			6
2025.01.24	02:21:00.811		0.84334			4
2025.01.24	02:21:01.125		0.84333			4
2025.01.24	02:21:01.601	0.84330				2
2025.01.24	02:21:02.259		0.84332			4
2025.01.24	02:21:08.646	0.84329				2
2025.01.24	02:21:18.165	0.84330	0.84333			6
2025.01.24	02:21:31.871		0.84332			4
2025.01.24	02:21:35.722	0.84329				2
2025.01.24	02:21:39.508	0.84330				2
2025.01.24	02:21:39.822	0.84329				2
2025.01.24	02:21:40.384	0.84330				2
2025.01.24	02:21:46.508	0.84331	0.84334			6
2025.01.24	02:21:47.431		0.84333			4
2025.01.24	02:21:49.884		0.84334			4
2025.01.24	02:21:50.761	0.84330	0.84333			6
2025.01.24	02:21:51.386	0.84332				2
2025.01.24	02:21:51.701		0.84334			4
2025.01.24	02:21:52.009		0.84333			4
2025.01.24	02:22:00.359	0.84332				2
2025.01.24	02:22:01.592	0.84331				2
2025.01.24	02:22:07.701	0.84330				2
2025.01.24	02:22:08.010	0.84329				2
2025.01.24	02:22:08.352	0.84328	0.84331			6
2025.01.24	02:22:08.703		0.84330			4
2025.01.24	02:22:10.357	0.84326	0.84331			6
2025.01.24	02:22:11.641		0.84330			4
2025.01.24	02:22:12.404		0.84332			4
2025.01.24	02:22:14.346	0.84327				2
2025.01.24	02:22:17.147	0.84328				2
2025.01.24	02:22:17.471	0.84329				2
2025.01.24	02:22:17.781	0.84328	0.84329			6
2025.01.24	02:22:20.244	0.84327	0.84328			6
2025.01.24	02:22:20.565	0.84326	0.84327			6
2025.01.24	02:22:21.060	0.84325				2
2025.01.24	02:22:25.375	0.84326				2
2025.01.24	02:22:26.285	0.84325				2
2025.01.24	02:22:31.653		0.84328			4
2025.01.24	02:22:34.130		0.84327			4
2025.01.24	02:22:37.959	0.84324				2
2025.01.24	02:22:40.305		0.84328			4
2025.01.24	02:22:43.619	0.84328	0.84330			6
2025.01.24	02:22:44.080		0.84333			4
2025.01.24	02:22:44.451	0.84327	0.84331			6
2025.01.24	02:22:46.633		0.84330			4
2025.01.24	02:22:51.409	0.84328				2
2025.01.24	02:22:52.455		0.84332			4
2025.01.24	02:22:52.794		0.84331			4
2025.01.24	02:22:57.647	0.84329				2
2025.01.24	02:22:59.745		0.84332			4
2025.01.24	02:23:00.796	0.84329	0.84333			6
2025.01.24	02:23:01.482		0.84332			4
2025.01.24	02:23:10.199		0.84331			4
2025.01.24	02:23:16.228		0.84332			4
2025.01.24	02:23:28.548	0.84328	0.84329			6
2025.01.24	02:23:29.090	0.84327	0.84328			6
2025.01.24	02:23:30.401	0.84326				2
2025.01.24	02:23:30.827	0.84325				2
2025.01.24	02:23:31.864	0.84326	0.84329			6
2025.01.24	02:23:32.345	0.84325	0.84328			6
2025.01.24	02:23:33.036		0.84329			4
2025.01.24	02:23:35.411	0.84324				2
2025.01.24	02:23:36.347	0.84325				2
2025.01.24	02:23:40.908	0.84324				2
2025.01.24	02:23:41.928		0.84328			4
2025.01.24	02:23:42.442	0.84325				2
2025.01.24	02:23:43.278	0.84324				2
2025.01.24	02:23:44.541		0.84329			4
2025.01.24	02:23:48.352	0.84325				2
2025.01.24	02:23:48.755	0.84324	0.84328			6
2025.01.24	02:23:49.070	0.84325				2
2025.01.24	02:23:50.355		0.84329			4
2025.01.24	02:23:53.655		0.84328			4
2025.01.24	02:24:00.417	0.84325				2
2025.01.24	02:24:02.458		0.84329			4
2025.01.24	02:24:16.315		0.84328			4
2025.01.24	02:24:17.349	0.84326	0.84329			6
2025.01.24	02:24:22.451	0.84325				2
2025.01.24	02:24:36.322		0.84328			4
2025.01.24	02:24:37.544	0.84323	0.84327			6
2025.01.24	02:24:37.863		0.84326			4
2025.01.24	02:24:38.303	0.84324	0.84328			6
2025.01.24	02:24:40.669		0.84327			4
2025.01.24	02:24:43.452	0.84325	0.84328			6
2025.01.24	02:24:46.781		0.84327			4
2025.01.24	02:25:00.381	0.84325	0.84329			6
2025.01.24	02:25:00.946	0.84326				2
2025.01.24	02:25:01.409	0.84325	0.84328			6
2025.01.24	02:25:13.730		0.84327			4
2025.01.24	02:25:14.041	0.84326				2
2025.01.24	02:25:14.848	0.84325				2
2025.01.24	02:25:15.175	0.84326				2
2025.01.24	02:25:16.295	0.84325	0.84328			6
2025.01.24	02:25:20.896		0.84327			4
2025.01.24	02:25:23.751	0.84324				2
2025.01.24	02:25:27.211	0.84325				2
2025.01.24	02:25:43.231		0.84328			4
2025.01.24	02:25:55.659		0.84326			4
2025.01.24	02:25:55.963		0.84328			4
2025.01.24	02:25:59.228	0.84326				2
2025.01.24	02:26:00.331	0.84326				2
2025.01.24	02:26:02.377		0.84329			4
2025.01.24	02:26:04.041		0.84328			4
2025.01.24	02:26:05.304	0.84325				2
2025.01.24	02:26:15.335	0.84326				2
2025.01.24	02:26:15.885	0.84325				2
2025.01.24	02:26:17.751	0.84327	0.84331			6
2025.01.24	02:26:18.112	0.84329				2
2025.01.24	02:26:18.882	0.84328	0.84330			6
2025.01.24	02:26:31.541	0.84327	0.84331			6
2025.01.24	02:26:31.844	0.84326	0.84330			6
2025.01.24	02:26:32.547	0.84325				2
2025.01.24	02:26:35.250	0.84324				2
2025.01.24	02:26:37.381	0.84326				2
2025.01.24	02:26:41.385	0.84328	0.84331			6
2025.01.24	02:26:44.193		0.84332			4
2025.01.24	02:26:46.046	0.84329				2
2025.01.24	02:26:46.420	0.84328				2
2025.01.24	02:26:46.722		0.84331			4
2025.01.24	02:26:47.049		0.84329			4
2025.01.24	02:26:51.347	0.84329	0.84330			6
2025.01.24	02:26:51.662	0.84328	0.84329			6
2025.01.24	02:27:00.767	0.84328				2
2025.01.24	02:27:16.386	0.84327				2
2025.01.24	02:27:16.717	0.84326				2
2025.01.24	02:27:27.919	0.84330	0.84331			6
2025.01.24	02:27:28.335	0.84329				2
2025.01.24	02:27:31.817		0.84332			4
2025.01.24	02:27:34.357	0.84328	0.84333			6
2025.01.24	02:27:34.678	0.84329	0.84332			6
2025.01.24	02:27:36.936	0.84327				2
2025.01.24	02:27:37.251	0.84328	0.84333			6
2025.01.24	02:27:46.143	0.84329	0.84332			6
2025.01.24	02:27:48.399	0.84331	0.84333			6
2025.01.24	02:27:55.369	0.84330				2
2025.01.24	02:27:59.651		0.84332			4
2025.01.24	02:28:00.351	0.84330				2
2025.01.24	02:28:03.160		0.84333			4
2025.01.24	02:28:13.416	0.84331				2
2025.01.24	02:28:17.384		0.84334			4
2025.01.24	02:28:26.119		0.84336			4
2025.01.24	02:28:32.384		0.84335			4
2025.01.24	02:28:37.907	0.84332	0.84333			6
2025.01.24	02:28:48.281	0.84330				2
2025.01.24	02:28:48.990	0.84329	0.84332			6
2025.01.24	02:28:54.725	0.84330				2
2025.01.24	02:28:55.030		0.84333			4
2025.01.24	02:29:04.353	0.84330				2
2025.01.24	02:29:17.375	0.84332	0.84335			6
2025.01.24	02:29:22.410	0.84333				2
2025.01.24	02:29:31.225	0.84332	0.84336			6
2025.01.24	02:29:32.471		0.84335			4
2025.01.24	02:29:35.389	0.84333				2
2025.01.24	02:29:40.887		0.84336			4
2025.01.24	02:29:42.476		0.84335			4
2025.01.24	02:30:00.250	0.84333	0.84336			6
2025.01.24	02:30:00.557		0.84335			4
2025.01.24	02:30:02.235	0.84332				2
2025.01.24	02:30:02.613	0.84333				2
2025.01.24	02:30:04.381	0.84332				2
2025.01.24	02:30:09.394		0.84334			4
2025.01.24	02:30:10.554		0.84335			4
2025.01.24	02:30:16.550	0.84333				2
2025.01.24	02:30:28.342		0.84334			4
2025.01.24	02:30:33.477	0.84330				2
2025.01.24	02:30:33.842	0.84329				2
2025.01.24	02:30:35.026		0.84333			4
2025.01.24	02:30:41.363	0.84331	0.84334			6
2025.01.24	02:30:43.443		0.84335			4
2025.01.24	02:30:43.764		0.84334			4
2025.01.24	02:30:44.297		0.84335			4
2025.01.24	02:30:46.296		0.84334			4
2025.01.24	02:30:49.417	0.84330				2
2025.01.24	02:30:58.150	0.84329				2
2025.01.24	02:30:58.690		0.84333			4
2025.01.24	02:31:01.456	0.84329				2
2025.01.24	02:31:03.950	0.84330	0.84334			6
2025.01.24	02:31:05.972		0.84333			4
2025.01.24	02:31:09.762	0.84331	0.84336			6
2025.01.24	02:31:10.085		0.84335			4
2025.01.24	02:31:13.220	0.84332	0.84334			6
2025.01.24	02:31:20.988	0.84330	0.84333			6
2025.01.24	02:31:37.052	0.84331				2
2025.01.24	02:31:46.341	0.84330				2
2025.01.24	02:31:50.225	0.84331				2
2025.01.24	02:31:54.727	0.84328				2
2025.01.24	02:31:58.264		0.84332			4
2025.01.24	02:32:01.115	0.84328	0.84333			6
2025.01.24	02:32:07.152	0.84331	0.84334			6
2025.01.24	02:32:09.584	0.84329				2
2025.01.24	02:32:09.893		0.84332			4
2025.01.24	02:32:10.213		0.84333			4
2025.01.24	02:32:15.391	0.84328				2
2025.01.24	02:32:15.917	0.84329				2
2025.01.24	02:32:25.475		0.84334			4
2025.01.24	02:32:25.800	0.84330				2
2025.01.24	02:32:32.862	0.84329				2
2025.01.24	02:32:38.800	0.84328	0.84333			6
2025.01.24	02:32:39.149		0.84332			4
2025.01.24	02:32:41.981		0.84333			4
2025.01.24	02:32:42.285	0.84329				2
2025.01.24	02:32:44.584	0.84328	0.84332			6
2025.01.24	02:32:45.667	0.84327				2
2025.01.24	02:32:46.253		0.84331			4
2025.01.24	02:32:46.569		0.84330			4
2025.01.24	02:32:49.621	0.84328	0.84332			6
2025.01.24	02:32:52.659	0.84327	0.84331			6
2025.01.24	02:32:59.398		0.84330			4
2025.01.24	02:33:00.546	0.84327	0.84331			6
2025.01.24	02:33:06.603	0.84330	0.84333			6
2025.01.24	02:33:07.531	0.84329				2
2025.01.24	02:33:12.229	0.84330				2
2025.01.24	02:33:12.531	0.84331	0.84334			6
2025.01.24	02:33:16.127	0.84330				2
2025.01.24	02:33:17.387	0.84328	0.84333			6
2025.01.24	02:33:17.747		0.84332			4
2025.01.24	02:33:25.567	0.84327				2
2025.01.24	02:33:26.706	0.84328				2
2025.01.24	02:33:27.185	0.84327	0.84333			6
2025.01.24	02:33:27.553	0.84328				2
2025.01.24	02:33:28.064	0.84329				2
2025.01.24	02:33:29.362	0.84328				2
2025.01.24	02:33:30.221	0.84327				2
2025.01.24	02:33:50.146		0.84332			4
2025.01.24	02:34:00.353	0.84327				2
2025.01.24	02:34:00.762		0.84333			4
2025.01.24	02:34:01.066		0.84331			4
2025.01.24	02:34:08.600	0.84326				2
2025.01.24	02:34:11.059	0.84327				2
2025.01.24	02:34:13.540		0.84332			4
2025.01.24	02:34:14.334	0.84328	0.84331			6
2025.01.24	02:34:14.638	0.84327				2
2025.01.24	02:34:16.357		0.84332			4
2025.01.24	02:34:18.045		0.84331			4
2025.01.24	02:34:19.253		0.84332			4
2025.01.24	02:34:20.498		0.84331			4
2025.01.24	02:34:21.267	0.84326	0.84332			6
2025.01.24	02:34:22.785	0.84327	0.84331			6
2025.01.24	02:34:23.219	0.84326	0.84332			6
2025.01.24	02:34:23.931	0.84327				2
2025.01.24	02:34:27.521	0.84323	0.84326			6
2025.01.24	02:34:27.830		0.84327			4
2025.01.24	02:34:28.212		0.84326			4
2025.01.24	02:34:28.517	0.84322				2
2025.01.24	02:34:33.570	0.84323	0.84328			6
2025.01.24	02:34:34.143		0.84326			4
2025.01.24	02:34:35.058		0.84327			4
2025.01.24	02:34:35.547		0.84328			4
2025.01.24	02:34:36.106	0.84324				2
2025.01.24	02:34:36.678	0.84325	0.84329			6
2025.01.24	02:34:37.745	0.84324				2
2025.01.24	02:34:49.019	0.84322	0.84327			6
2025.01.24	02:34:49.357	0.84323				2
2025.01.24	02:34:53.382		0.84328			4
2025.01.24	02:34:56.022		0.84329			4
2025.01.24	02:34:56.887	0.84324				2
2025.01.24	02:34:57.786	0.84325				2
2025.01.24	02:35:00.599	0.84325	0.84330			6
2025.01.24	02:35:01.239	0.84327	0.84331			6
2025.01.24	02:35:03.364		0.84332			4
2025.01.24	02:35:04.724		0.84331			4
2025.01.24	02:35:16.022		0.84330			4
2025.01.24	02:35:18.956	0.84325				2
2025.01.24	02:35:20.490	0.84326				2
2025.01.24	02:35:21.076		0.84329			4
2025.01.24	02:35:23.262	0.84325				2
2025.01.24	02:35:28.441	0.84327	0.84331			6
2025.01.24	02:35:30.888		0.84330			4
2025.01.24	02:35:31.193	0.84326	0.84329			6
2025.01.24	02:35:34.605		0.84330			4
2025.01.24	02:35:38.966		0.84331			4
2025.01.24	02:35:40.637		0.84330			4
2025.01.24	02:35:47.316		0.84329			4
2025.01.24	02:35:48.784		0.84330			4
2025.01.24	02:36:00.230	0.84326				2
2025.01.24	02:36:06.173		0.84331			4
2025.01.24	02:36:10.386	0.84327				2
2025.01.24	02:36:14.264	0.84328	0.84332			6
2025.01.24	02:36:17.977		0.84333			4
2025.01.24	02:36:18.408	0.84329	0.84332			6
2025.01.24	02:36:19.243		0.84333			4
2025.01.24	02:36:23.926	0.84328				2
2025.01.24	02:36:28.800	0.84329				2
2025.01.24	02:36:29.555		0.84332			4
2025.01.24	02:36:31.379	0.84328				2
2025.01.24	02:36:45.605	0.84329				2
2025.01.24	02:36:48.357	0.84331	0.84333			6
2025.01.24	02:36:49.655	0.84330	0.84332			6
2025.01.24	02:36:53.071		0.84333			4
2025.01.24	02:36:57.754	0.84327	0.84330			6
2025.01.24	02:37:01.185	0.84327				2
2025.01.24	02:37:08.385	0.84328				2
2025.01.24	02:37:08.715	0.84327				2
2025.01.24	02:37:09.587	0.84328				2
2025.01.24	02:37:21.760	0.84325	0.84329			6
2025.01.24	02:37:23.921	0.84327				2
2025.01.24	02:37:38.791	0.84328	0.84330			6
2025.01.24	02:37:39.953		0.84329			4
2025.01.24	02:37:53.098	0.84327				2
2025.01.24	02:37:57.284	0.84325				2
2025.01.24	02:37:58.114		0.84328			4
2025.01.24	02:38:00.569	0.84326				2
2025.01.24	02:38:04.347	0.84327	0.84329			6
2025.01.24	02:38:06.941	0.84328				2
2025.01.24	02:38:07.924		0.84330			4
2025.01.24	02:38:08.282		0.84331			4
2025.01.24	02:38:12.991		0.84330			4
2025.01.24	02:38:35.351	0.84329	0.84333			6
2025.01.24	02:38:43.836		0.84332			4
2025.01.24	02:38:51.866	0.84330				2
2025.01.24	02:38:59.810	0.84329				2
2025.01.24	02:39:00.469	0.84329	0.84333			6
2025.01.24	02:39:09.775	0.84330				2
2025.01.24	02:39:11.319	0.84329				2
2025.01.24	02:39:31.835	0.84330	0.84332			6
2025.01.24	02:39:37.045		0.84331			4
2025.01.24	02:39:47.015	0.84329				2
2025.01.24	02:39:50.646		0.84332			4
2025.01.24	02:40:06.348	0.84329				2
2025.01.24	02:40:20.571		0.84331			4
2025.01.24	02:40:25.875		0.84332			4
2025.01.24	02:40:26.895		0.84331			4
2025.01.24	02:40:42.907		0.84330			4
2025.01.24	02:40:44.074		0.84331			4
2025.01.24	02:40:49.659	0.84328				2
2025.01.24	02:41:00.359	0.84328				2
2025.01.24	02:41:12.413	0.84329	0.84332			6
2025.01.24	02:41:41.455	0.84327	0.84330			6
2025.01.24	02:41:41.808		0.84332			4
2025.01.24	02:41:47.369		0.84331			4
2025.01.24	02:41:49.109	0.84326	0.84330			6
2025.01.24	02:41:50.255	0.84328	0.84331			6
2025.01.24	02:41:50.697	0.84329				2
2025.01.24	02:42:01.303	0.84329				2
2025.01.24	02:42:01.787		0.84332			4
2025.01.24	02:42:02.481	0.84327	0.84331			6
2025.01.24	02:42:05.795	0.84330	0.84335			6
2025.01.24	02:42:06.674	0.84331	0.84336			6
2025.01.24	02:42:08.480	0.84332				2
2025.01.24	02:42:09.282	0.84333	0.84337			6
2025.01.24	02:42:09.584	0.84332	0.84336			6
2025.01.24	02:42:10.363	0.84331				2
2025.01.24	02:42:11.033	0.84330				2
2025.01.24	02:42:12.170	0.84329	0.84335			6
2025.01.24	02:42:21.854	0.84331	0.84336			6
2025.01.24	02:42:22.887		0.84334			4
2025.01.24	02:42:23.319		0.84335			4
2025.01.24	02:42:24.477		0.84334			4
2025.01.24	02:42:26.673		0.84335			4
2025.01.24	02:42:27.148		0.84333			4
2025.01.24	02:42:28.344	0.84330	0.84334			6
2025.01.24	02:42:29.621	0.84331				2
2025.01.24	02:42:32.861	0.84332	0.84336			6
2025.01.24	02:42:33.244		0.84337			4
2025.01.24	02:42:34.390	0.84333				2
2025.01.24	02:42:43.983		0.84338			4
2025.01.24	02:42:44.812		0.84337			4
2025.01.24	02:42:45.144	0.84334				2
2025.01.24	02:42:45.525		0.84338			4
2025.01.24	02:42:46.470		0.84339			4
2025.01.24	02:42:46.815		0.84340			4
2025.01.24	02:42:47.738	0.84337	0.84341			6
2025.01.24	02:42:52.189	0.84336	0.84339			6
2025.01.24	02:42:57.883	0.84338	0.84342			6
2025.01.24	02:43:03.582	0.84338				2
2025.01.24	02:43:10.334	0.84337				2
2025.01.24	02:43:10.668		0.84341			4
2025.01.24	02:43:18.974	0.84336				2
2025.01.24	02:43:20.949		0.84340			4
2025.01.24	02:43:26.887	0.84335				2
2025.01.24	02:43:28.164	0.84334				2
2025.01.24	02:43:29.304		0.84339			4
2025.01.24	02:43:30.948	0.84335	0.84338			6
2025.01.24	02:43:42.513	0.84336				2
2025.01.24	02:43:46.309	0.84335				2
2025.01.24	02:43:48.479	0.84336				2
2025.01.24	02:43:50.264	0.84335				2
2025.01.24	02:44:01.187	0.84334				2
2025.01.24	02:44:08.588	0.84335				2
2025.01.24	02:44:15.382	0.84336				2
2025.01.24	02:44:17.311		0.84339			4
2025.01.24	02:44:17.666	0.84337				2
2025.01.24	02:44:27.301		0.84340			4
2025.01.24	02:44:28.119		0.84341			4
2025.01.24	02:44:53.121		0.84340			4
2025.01.24	02:45:00.355	0.84337				2
2025.01.24	02:45:03.727		0.84341			4
2025.01.24	02:45:04.337	0.84340	0.84343			6
2025.01.24	02:45:04.659	0.84339	0.84342			6
2025.01.24	02:45:10.931	0.84341	0.84343			6
2025.01.24	02:45:11.241	0.84342				2
2025.01.24	02:45:11.547	0.84341	0.84344			6
2025.01.24	02:45:15.800	0.84342				2
2025.01.24	02:45:18.438		0.84343			4
2025.01.24	02:45:18.766	0.84343	0.84345			6
2025.01.24	02:45:19.643		0.84347			4
2025.01.24	02:45:20.353	0.84342				2
2025.01.24	02:45:21.036	0.84343				2
2025.01.24	02:45:22.274	0.84344				2
2025.01.24	02:45:49.951	0.84342	0.84345			6
2025.01.24	02:45:51.563		0.84344			4
2025.01.24	02:45:51.952	0.84341				2
2025.01.24	02:45:53.641	0.84342	0.84345			6
2025.01.24	02:45:53.943	0.84341				2
2025.01.24	02:45:54.276	0.84342				2
2025.01.24	02:45:55.496		0.84346			4
2025.01.24	02:45:59.707	0.84343				2
2025.01.24	02:46:00.023	0.84343				2
2025.01.24	02:46:01.377	0.84344				2
2025.01.24	02:46:05.507	0.84342				2
2025.01.24	02:46:14.304		0.84345			4
2025.01.24	02:46:15.043		0.84344			4
2025.01.24	02:46:16.241		0.84345			4
2025.01.24	02:46:18.074	0.84341				2
2025.01.24	02:46:18.683	0.84340	0.84343			6
2025.01.24	02:46:25.151	0.84339				2
2025.01.24	02:46:42.258		0.84342			4
2025.01.24	02:46:42.565	0.84340				2
2025.01.24	02:46:46.673	0.84338				2
2025.01.24	02:46:47.080	0.84339				2
2025.01.24	02:46:59.193	0.84338				2
2025.01.24	02:46:59.502	0.84340				2
2025.01.24	02:47:01.348	0.84340				2
2025.01.24	02:47:11.352		0.84343			4
2025.01.24	02:47:17.354		0.84342			4
2025.01.24	02:47:20.461	0.84339				2
2025.01.24	02:47:20.862	0.84338	0.84341			6
2025.01.24	02:47:21.164	0.84340	0.84342			6
2025.01.24	02:47:21.503	0.84339				2
2025.01.24	02:47:22.365	0.84338				2
2025.01.24	02:47:30.521	0.84339				2
2025.01.24	02:47:34.352	0.84340				2
2025.01.24	02:47:35.202	0.84338				2
2025.01.24	02:47:35.601	0.84339				2
2025.01.24	02:47:41.313		0.84343			4
2025.01.24	02:47:46.145	0.84340				2
2025.01.24	02:47:46.543	0.84342				2
2025.01.24	02:47:46.900	0.84341				2
2025.01.24	02:47:47.938	0.84340	0.84342			6
2025.01.24	02:47:49.311	0.84339				2
2025.01.24	02:48:00.421	0.84339	0.84341			6
2025.01.24	02:48:23.534	0.84338				2
2025.01.24	02:48:24.369		0.84340			4
2025.01.24	02:48:27.142	0.84336				2
2025.01.24	02:48:27.685	0.84337				2
2025.01.24	02:48:30.506	0.84336				2
2025.01.24	02:48:33.000	0.84337				2
2025.01.24	02:48:35.562	0.84338				2
2025.01.24	02:48:36.108	0.84339				2
2025.01.24	02:48:38.173		0.84342			4
2025.01.24	02:48:42.348	0.84338				2
2025.01.24	02:48:52.867	0.84339				2
2025.01.24	02:48:53.522		0.84343			4
2025.01.24	02:48:55.544		0.84342			4
2025.01.24	02:48:58.441		0.84343			4
2025.01.24	02:49:00.125	0.84339				2
2025.01.24	02:49:02.452		0.84342			4
2025.01.24	02:49:13.151		0.84343			4
2025.01.24	02:49:16.660	0.84340				2
2025.01.24	02:49:17.011	0.84339				2
2025.01.24	02:49:17.924	0.84340				2
2025.01.24	02:49:22.515	0.84339				2
2025.01.24	02:49:25.865	0.84338	0.84342			6
2025.01.24	02:49:40.965	0.84339				2
2025.01.24	02:50:00.535	0.84339				2
2025.01.24	02:50:03.035	0.84338				2
2025.01.24	02:50:03.344	0.84339				2
2025.01.24	02:50:10.839		0.84343			4
2025.01.24	02:50:27.071	0.84338	0.84342			6
2025.01.24	02:50:31.189	0.84336	0.84339			6
2025.01.24	02:50:31.836	0.84335	0.84338			6
2025.01.24	02:50:32.154	0.84334				2
2025.01.24	02:50:32.766	0.84335				2
2025.01.24	02:50:36.668	0.84337	0.84339			6
2025.01.24	02:50:36.989	0.84336				2
2025.01.24	02:50:37.303	0.84337				2
2025.01.24	02:50:38.761	0.84336				2
2025.01.24	02:50:41.920	0.84335	0.84337			6
2025.01.24	02:50:42.299	0.84334	0.84336			6
2025.01.24	02:50:42.700		0.84337			4
2025.01.24	02:50:43.533	0.84335				2
2025.01.24	02:50:50.042	0.84334				2
2025.01.24	02:50:50.346	0.84335				2
2025.01.24	02:51:00.332	0.84335	0.84339			6
2025.01.24	02:51:00.791	0.84334	0.84338			6
2025.01.24	02:51:04.620		0.84337			4
2025.01.24	02:51:05.375		0.84338			4
2025.01.24	02:51:05.885	0.84333	0.84336			6
2025.01.24	02:51:14.770	0.84332				2
2025.01.24	02:51:31.708	0.84330	0.84333			6
2025.01.24	02:51:32.407	0.84329				2
2025.01.24	02:51:53.167		0.84332			4
2025.01.24	02:51:53.508	0.84331	0.84333			6
2025.01.24	02:51:57.137	0.84330	0.84332			6
2025.01.24	02:52:00.565	0.84331	0.84333			6
2025.01.24	02:52:01.524		0.84334			4
2025.01.24	02:52:01.871	0.84332	0.84335			6
2025.01.24	02:52:02.183	0.84333	0.84336			6
2025.01.24	02:52:02.676		0.84335			4
2025.01.24	02:52:03.428		0.84336			4
2025.01.24	02:52:06.005	0.84332	0.84335			6
2025.01.24	02:52:06.558		0.84334			4
2025.01.24	02:52:16.144	0.84330	0.84332			6
2025.01.24	02:52:18.175	0.84331				2
2025.01.24	02:52:18.486		0.84334			4
2025.01.24	02:52:18.860	0.84333	0.84335			6
2025.01.24	02:52:32.930	0.84334	0.84336			6
