<DATE>	<TIME>	<BID>	<ASK>	<LAST>	<VOLUME>	<FLAGS>
2025.07.31	00:03:30.890	0.86112	0.86228			6
2025.07.31	00:03:41.366	0.86089	0.86241			6
2025.07.31	00:04:11.037	0.86089				2
2025.07.31	00:05:00.584	0.86089	0.86241			6
2025.07.31	00:05:01.736		0.86248			4
2025.07.31	00:06:00.212	0.86089				2
2025.07.31	00:06:04.347		0.86248			4
2025.07.31	00:07:02.257	0.86089				2
2025.07.31	00:07:06.412		0.86248			4
2025.07.31	00:07:45.586	0.86087				2
2025.07.31	00:08:01.187	0.86087				2
2025.07.31	00:08:08.281		0.86248			4
2025.07.31	00:09:00.397	0.86087				2
2025.07.31	00:09:03.784	0.86096				2
2025.07.31	00:09:04.783	0.86101				2
2025.07.31	00:09:05.772	0.86104				2
2025.07.31	00:09:06.769	0.86091				2
2025.07.31	00:09:14.786	0.86099	0.86248			6
2025.07.31	00:09:15.772	0.86089				2
2025.07.31	00:09:17.596	0.86098				2
2025.07.31	00:09:19.772	0.86097				2
2025.07.31	00:09:21.782	0.86088				2
2025.07.31	00:09:35.787	0.86092				2
2025.07.31	00:09:36.791	0.86097				2
2025.07.31	00:09:37.771	0.86101				2
2025.07.31	00:09:38.275	0.86088				2
2025.07.31	00:09:43.787	0.86094				2
2025.07.31	00:09:44.795	0.86098				2
2025.07.31	00:09:45.902	0.86089				2
2025.07.31	00:09:47.783	0.86097				2
2025.07.31	00:09:49.794	0.86105				2
2025.07.31	00:09:50.140	0.86094				2
2025.07.31	00:09:51.778	0.86089				2
2025.07.31	00:09:53.790	0.86100				2
2025.07.31	00:09:54.782	0.86088				2
2025.07.31	00:09:55.538	0.86090				2
2025.07.31	00:09:57.787	0.86099				2
2025.07.31	00:09:58.785	0.86088				2
2025.07.31	00:09:59.810		0.86216			4
2025.07.31	00:10:00.327	0.86088				2
2025.07.31	00:10:01.556	0.86092				2
2025.07.31	00:10:02.777	0.86100				2
2025.07.31	00:10:03.782	0.86098				2
2025.07.31	00:10:05.785	0.86097				2
2025.07.31	00:10:07.774	0.86104				2
2025.07.31	00:10:11.884	0.86142	0.86199			6
2025.07.31	00:11:00.159	0.86142				2
2025.07.31	00:11:05.315	0.86094	0.86217			6
2025.07.31	00:11:06.781	0.86105	0.86216			6
2025.07.31	00:11:07.783	0.86102				2
2025.07.31	00:11:08.796	0.86106				2
2025.07.31	00:11:09.501	0.86142	0.86199			6
2025.07.31	00:11:10.418	0.86090	0.86216			6
2025.07.31	00:11:11.780	0.86099				2
2025.07.31	00:11:13.780	0.86104				2
2025.07.31	00:11:14.789	0.86101				2
2025.07.31	00:11:16.785	0.86142	0.86199			6
2025.07.31	00:11:17.693	0.86099	0.86216			6
2025.07.31	00:11:18.807	0.86104				2
2025.07.31	00:11:19.815	0.86105				2
2025.07.31	00:11:21.780	0.86094				2
2025.07.31	00:11:22.436	0.86099				2
2025.07.31	00:11:23.437	0.86103				2
2025.07.31	00:11:23.934	0.86142	0.86199			6
2025.07.31	00:11:24.880	0.86104	0.86216			6
2025.07.31	00:11:25.444	0.86088				2
2025.07.31	00:11:25.946	0.86092				2
2025.07.31	00:11:27.783	0.86101				2
2025.07.31	00:11:28.729	0.86103				2
2025.07.31	00:11:29.778	0.86104				2
2025.07.31	00:11:30.787	0.86093				2
2025.07.31	00:11:31.197	0.86142	0.86199			6
2025.07.31	00:11:32.111	0.86099	0.86216			6
2025.07.31	00:11:33.780	0.86103				2
2025.07.31	00:11:34.730	0.86105				2
2025.07.31	00:11:35.781	0.86096				2
2025.07.31	00:11:36.801	0.86101				2
2025.07.31	00:11:37.801	0.86102				2
2025.07.31	00:11:38.319	0.86142	0.86199			6
2025.07.31	00:11:39.235	0.86091	0.86216			6
2025.07.31	00:11:40.780	0.86099				2
2025.07.31	00:11:42.787	0.86106				2
2025.07.31	00:11:43.782	0.86097				2
2025.07.31	00:11:44.794	0.86101				2
2025.07.31	00:11:45.497	0.86092				2
2025.07.31	00:11:45.797	0.86103				2
2025.07.31	00:11:47.785	0.86097				2
2025.07.31	00:11:48.800	0.86102				2
2025.07.31	00:11:49.817	0.86106				2
2025.07.31	00:11:50.810	0.86093				2
2025.07.31	00:11:51.774	0.86097				2
2025.07.31	00:11:53.839	0.86101				2
2025.07.31	00:11:57.789	0.86098				2
2025.07.31	00:11:59.789	0.86103				2
2025.07.31	00:12:00.785	0.86103				2
2025.07.31	00:12:01.784	0.86097				2
2025.07.31	00:12:03.784	0.86099				2
2025.07.31	00:12:04.786	0.86103				2
2025.07.31	00:12:06.782	0.86099				2
2025.07.31	00:12:10.294	0.86103				2
2025.07.31	00:12:11.306	0.86106				2
2025.07.31	00:12:12.308	0.86091				2
2025.07.31	00:12:13.783	0.86096				2
2025.07.31	00:12:15.784	0.86088				2
2025.07.31	00:12:19.792	0.86091				2
2025.07.31	00:12:20.785	0.86097				2
2025.07.31	00:12:21.706	0.86099				2
2025.07.31	00:12:22.020	0.86090				2
2025.07.31	00:12:23.785	0.86096				2
2025.07.31	00:12:24.790	0.86099				2
2025.07.31	00:12:25.790	0.86110				2
2025.07.31	00:12:26.778	0.86090				2
2025.07.31	00:12:28.786	0.86097				2
2025.07.31	00:12:29.788	0.86101				2
2025.07.31	00:12:30.784	0.86103				2
2025.07.31	00:12:31.287	0.86096				2
2025.07.31	00:12:32.499	0.86101				2
2025.07.31	00:12:33.287	0.86098				2
2025.07.31	00:12:34.785	0.86101				2
2025.07.31	00:12:35.287	0.86088				2
2025.07.31	00:12:39.785	0.86092	0.86216			6
2025.07.31	00:12:40.785	0.86096				2
2025.07.31	00:12:41.795	0.86100				2
2025.07.31	00:12:42.287	0.86088				2
2025.07.31	00:12:44.793	0.86093				2
2025.07.31	00:12:45.786	0.86097				2
2025.07.31	00:12:46.773	0.86088				2
2025.07.31	00:12:48.792	0.86091				2
2025.07.31	00:12:49.791	0.86097				2
2025.07.31	00:12:50.697	0.86090	0.86227			6
2025.07.31	00:12:52.815	0.86092				2
2025.07.31	00:13:02.977	0.86092				2
2025.07.31	00:13:06.786	0.86102				2
2025.07.31	00:13:15.394	0.86088				2
2025.07.31	00:13:17.792	0.86090				2
2025.07.31	00:13:19.792	0.86092				2
2025.07.31	00:13:30.372	0.86088				2
2025.07.31	00:13:42.791	0.86092				2
2025.07.31	00:13:43.791	0.86097				2
2025.07.31	00:13:44.792	0.86088				2
2025.07.31	00:13:46.791	0.86092				2
2025.07.31	00:13:47.791	0.86088				2
2025.07.31	00:13:49.506	0.86094				2
2025.07.31	00:13:50.796	0.86088	0.86227			6
2025.07.31	00:13:52.679	0.86092				2
2025.07.31	00:13:53.791	0.86098				2
2025.07.31	00:13:54.786	0.86100				2
2025.07.31	00:13:55.793	0.86088				2
2025.07.31	00:13:57.796	0.86089				2
2025.07.31	00:13:58.798	0.86098				2
2025.07.31	00:13:59.298	0.86099				2
2025.07.31	00:14:00.684	0.86099				2
2025.07.31	00:14:04.392	0.86096				2
2025.07.31	00:14:04.897	0.86100				2
2025.07.31	00:14:05.703	0.86088				2
2025.07.31	00:14:09.793	0.86089				2
2025.07.31	00:14:10.794	0.86090				2
2025.07.31	00:14:12.795	0.86098				2
2025.07.31	00:14:13.797	0.86088				2
2025.07.31	00:14:15.793	0.86090				2
2025.07.31	00:14:16.797	0.86096				2
2025.07.31	00:14:17.791	0.86088				2
2025.07.31	00:14:19.298	0.86090				2
2025.07.31	00:14:20.795	0.86094				2
2025.07.31	00:14:21.793	0.86099				2
2025.07.31	00:14:22.299	0.86088				2
2025.07.31	00:14:28.795	0.86096				2
2025.07.31	00:14:29.795	0.86102				2
2025.07.31	00:14:30.298	0.86100				2
2025.07.31	00:14:30.798	0.86097				2
2025.07.31	00:14:33.791	0.86101				2
2025.07.31	00:14:34.294	0.86088				2
2025.07.31	00:14:36.776	0.86089				2
2025.07.31	00:14:40.793	0.86096				2
2025.07.31	00:14:41.792	0.86101				2
2025.07.31	00:14:42.297	0.86089				2
2025.07.31	00:14:48.793	0.86093				2
2025.07.31	00:14:49.793	0.86097				2
2025.07.31	00:14:50.799	0.86089	0.86227			6
2025.07.31	00:14:54.793	0.86095				2
2025.07.31	00:14:55.792	0.86099				2
2025.07.31	00:14:56.790	0.86103				2
2025.07.31	00:14:57.295	0.86099				2
2025.07.31	00:14:57.797	0.86089				2
2025.07.31	00:15:00.448	0.86089				2
2025.07.31	00:15:02.792	0.86101				2
2025.07.31	00:15:03.806	0.86111				2
2025.07.31	00:15:10.819	0.86122				2
2025.07.31	00:17:04.088	0.86109	0.86227			6
2025.07.31	00:17:04.961		0.86225			4
2025.07.31	00:17:08.238	0.86091	0.86226			6
2025.07.31	00:17:08.807	0.86096	0.86224			6
2025.07.31	00:17:10.809	0.86103	0.86223			6
2025.07.31	00:17:11.646	0.86106	0.86225			6
2025.07.31	00:17:15.352	0.86108	0.86224			6
2025.07.31	00:17:23.246	0.86085	0.86227			6
2025.07.31	00:17:23.804	0.86089	0.86226			6
2025.07.31	00:17:24.809	0.86108	0.86224			6
2025.07.31	00:18:00.357	0.86108				2
2025.07.31	00:18:04.377	0.86110	0.86220			6
2025.07.31	00:18:14.776	0.86108	0.86227			6
2025.07.31	00:18:15.802	0.86099				2
2025.07.31	00:18:16.721	0.86109				2
2025.07.31	00:18:17.807	0.86093				2
2025.07.31	00:18:18.812	0.86108				2
2025.07.31	00:18:19.806	0.86091				2
2025.07.31	00:18:20.807	0.86109				2
2025.07.31	00:18:21.847	0.86097				2
2025.07.31	00:18:22.757	0.86107				2
2025.07.31	00:18:23.356	0.86109				2
2025.07.31	00:18:24.797	0.86104				2
2025.07.31	00:18:25.802	0.86105				2
2025.07.31	00:18:26.795	0.86106	0.86225			6
2025.07.31	00:18:37.333	0.86108	0.86224			6
2025.07.31	00:18:45.815	0.86100	0.86226			6
2025.07.31	00:19:01.380	0.86100				2
2025.07.31	00:19:10.082		0.86214			4
2025.07.31	00:19:14.814	0.86101				2
2025.07.31	00:19:23.236	0.86113	0.86203			6
2025.07.31	00:19:38.235	0.86108	0.86204			6
2025.07.31	00:19:38.745	0.86113	0.86203			6
2025.07.31	00:20:00.365	0.86113				2
2025.07.31	00:20:38.235	0.86112	0.86200			6
2025.07.31	00:20:43.973	0.86113	0.86203			6
2025.07.31	00:20:59.313		0.86208			4
2025.07.31	00:21:00.354	0.86113				2
2025.07.31	00:21:58.631		0.86211			4
2025.07.31	00:21:59.835	0.86109	0.86214			6
2025.07.31	00:22:00.356	0.86109				2
2025.07.31	00:22:01.835	0.86108				2
2025.07.31	00:22:02.822	0.86100				2
2025.07.31	00:22:03.822	0.86092				2
2025.07.31	00:22:04.809	0.86101				2
2025.07.31	00:22:05.819	0.86111				2
2025.07.31	00:22:06.823	0.86112				2
2025.07.31	00:22:07.830	0.86094				2
2025.07.31	00:22:08.823	0.86109				2
2025.07.31	00:22:09.843	0.86111				2
2025.07.31	00:22:11.818	0.86108				2
2025.07.31	00:22:15.929	0.86109				2
2025.07.31	00:22:30.455	0.86112				2
2025.07.31	00:22:35.835	0.86109				2
2025.07.31	00:22:36.857	0.86112				2
2025.07.31	00:22:40.262	0.86109				2
2025.07.31	00:22:41.819	0.86110				2
2025.07.31	00:22:42.821	0.86111				2
2025.07.31	00:22:56.107	0.86108				2
2025.07.31	00:22:57.128	0.86113				2
2025.07.31	00:23:00.820	0.86111	0.86214			6
2025.07.31	00:23:01.852	0.86112				2
2025.07.31	00:23:03.442	0.86113				2
2025.07.31	00:23:08.520	0.86112				2
2025.07.31	00:23:17.661	0.86101				2
2025.07.31	00:23:21.820	0.86108				2
2025.07.31	00:23:22.204	0.86111				2
2025.07.31	00:23:23.203	0.86104				2
2025.07.31	00:23:24.207	0.86107				2
2025.07.31	00:23:24.520	0.86104				2
2025.07.31	00:23:27.789	0.86111				2
2025.07.31	00:23:28.450	0.86107				2
2025.07.31	00:23:28.835	0.86104				2
2025.07.31	00:23:33.439	0.86109				2
2025.07.31	00:23:33.823	0.86111				2
2025.07.31	00:23:35.501	0.86108				2
2025.07.31	00:23:36.441	0.86111				2
2025.07.31	00:23:38.594	0.86110				2
2025.07.31	00:23:39.363	0.86104				2
2025.07.31	00:23:42.967	0.86106				2
2025.07.31	00:23:44.822	0.86110				2
2025.07.31	00:23:45.648	0.86104				2
2025.07.31	00:23:48.442	0.86105				2
2025.07.31	00:23:49.828	0.86111				2
2025.07.31	00:23:51.850	0.86109				2
2025.07.31	00:23:53.892	0.86104				2
2025.07.31	00:23:59.635	0.86118				2
2025.07.31	00:24:00.369	0.86121				2
2025.07.31	00:24:01.416	0.86122	0.86214			6
2025.07.31	00:24:09.363	0.86118				2
2025.07.31	00:24:16.101	0.86122				2
2025.07.31	00:24:20.063	0.86129				2
2025.07.31	00:24:20.918	0.86122				2
2025.07.31	00:25:00.307	0.86122				2
2025.07.31	00:25:02.846		0.86214			4
2025.07.31	00:25:28.844	0.86132				2
2025.07.31	00:26:03.106	0.86132	0.86214			6
2025.07.31	00:26:38.018	0.86137				2
2025.07.31	00:26:56.956	0.86138				2
2025.07.31	00:27:00.364	0.86138				2
2025.07.31	00:27:01.082	0.86139				2
2025.07.31	00:27:02.579	0.86140				2
2025.07.31	00:27:03.890		0.86214			4
2025.07.31	00:27:04.679	0.86141				2
2025.07.31	00:27:07.676	0.86142				2
2025.07.31	00:27:11.157	0.86131				2
2025.07.31	00:27:12.722	0.86126				2
2025.07.31	00:27:16.199	0.86131				2
2025.07.31	00:27:30.471	0.86130				2
2025.07.31	00:27:33.311	0.86129				2
2025.07.31	00:27:37.514	0.86127				2
2025.07.31	00:27:38.264	0.86129				2
2025.07.31	00:27:48.461	0.86128				2
2025.07.31	00:28:00.354	0.86128				2
2025.07.31	00:28:04.836	0.86127	0.86214			6
2025.07.31	00:28:08.752	0.86128				2
2025.07.31	00:28:13.675	0.86127				2
2025.07.31	00:28:42.019		0.86210			4
2025.07.31	00:28:42.352		0.86209			4
2025.07.31	00:28:48.058		0.86207			4
2025.07.31	00:28:56.545		0.86206			4
2025.07.31	00:28:57.423		0.86203			4
2025.07.31	00:29:01.379	0.86127	0.86201			6
2025.07.31	00:29:01.869		0.86202			4
2025.07.31	00:29:02.427		0.86199			4
2025.07.31	00:29:04.569		0.86200			4
2025.07.31	00:29:05.216		0.86199			4
2025.07.31	00:29:09.209		0.86204			4
2025.07.31	00:29:10.708	0.86128				2
2025.07.31	00:29:12.124	0.86138	0.86206			6
2025.07.31	00:29:13.814		0.86204			4
2025.07.31	00:29:14.157		0.86207			4
2025.07.31	00:29:14.897		0.86208			4
2025.07.31	00:29:16.201		0.86204			4
2025.07.31	00:29:20.845		0.86205			4
2025.07.31	00:29:28.059		0.86250			4
2025.07.31	00:29:28.362	0.86139	0.86253			6
2025.07.31	00:29:29.279	0.86141				2
2025.07.31	00:29:30.889		0.86249			4
2025.07.31	00:29:33.781	0.86142				2
2025.07.31	00:29:35.083		0.86248			4
2025.07.31	00:29:38.436	0.86146	0.86247			6
2025.07.31	00:29:38.748	0.86147				2
2025.07.31	00:29:39.722	0.86148				2
2025.07.31	00:29:42.780	0.86146				2
2025.07.31	00:29:45.213	0.86144				2
2025.07.31	00:29:46.980	0.86145	0.86232			6
2025.07.31	00:29:47.880	0.86148				2
2025.07.31	00:29:50.878	0.86149				2
2025.07.31	00:29:52.084	0.86150				2
2025.07.31	00:29:55.633	0.86149				2
2025.07.31	00:29:58.929	0.86147				2
2025.07.31	00:30:00.314	0.86142				2
2025.07.31	00:30:03.392	0.86143				2
2025.07.31	00:30:03.709	0.86144				2
2025.07.31	00:30:05.400	0.86145				2
2025.07.31	00:30:06.661	0.86146				2
2025.07.31	00:30:07.424	0.86147				2
2025.07.31	00:30:10.768	0.86145				2
2025.07.31	00:30:16.080	0.86146				2
2025.07.31	00:30:17.933	0.86147				2
2025.07.31	00:30:25.680	0.86148				2
2025.07.31	00:30:33.656	0.86149				2
2025.07.31	00:30:34.908	0.86143	0.86231			6
2025.07.31	00:30:36.780	0.86145				2
2025.07.31	00:30:40.381	0.86144				2
2025.07.31	00:30:41.279	0.86145				2
2025.07.31	00:30:41.750	0.86146				2
2025.07.31	00:30:42.234	0.86145				2
2025.07.31	00:30:43.977	0.86149				2
2025.07.31	00:30:45.799	0.86147				2
2025.07.31	00:30:47.868	0.86148				2
2025.07.31	00:31:00.139	0.86148				2
2025.07.31	00:31:02.554	0.86146				2
2025.07.31	00:31:06.779	0.86147				2
2025.07.31	00:31:11.947	0.86143	0.86232			6
2025.07.31	00:31:16.988	0.86147				2
2025.07.31	00:31:18.274	0.86148				2
2025.07.31	00:31:19.084	0.86149				2
2025.07.31	00:31:23.735	0.86148				2
2025.07.31	00:31:27.677	0.86144	0.86228			6
2025.07.31	00:31:28.979	0.86145				2
2025.07.31	00:31:45.180	0.86144				2
2025.07.31	00:31:48.095	0.86148	0.86225			6
2025.07.31	00:31:55.856	0.86156	0.86228			6
2025.07.31	00:31:58.084	0.86155				2
2025.07.31	00:32:00.482	0.86155				2
2025.07.31	00:32:20.747	0.86147				2
2025.07.31	00:32:24.269	0.86141	0.86224			6
2025.07.31	00:32:29.580	0.86146				2
2025.07.31	00:32:29.963	0.86155	0.86227			6
2025.07.31	00:32:30.340		0.86228			4
2025.07.31	00:32:31.184	0.86154				2
2025.07.31	00:32:31.798	0.86156				2
2025.07.31	00:32:32.145		0.86229			4
2025.07.31	00:32:34.975	0.86155				2
2025.07.31	00:32:41.218	0.86156				2
2025.07.31	00:32:41.728	0.86157				2
2025.07.31	00:32:42.068	0.86146				2
2025.07.31	00:32:43.085	0.86144				2
2025.07.31	00:32:44.344	0.86145				2
2025.07.31	00:32:51.658	0.86141				2
2025.07.31	00:32:52.476		0.86227			4
2025.07.31	00:32:53.273		0.86228			4
2025.07.31	00:32:53.642	0.86142				2
2025.07.31	00:32:56.406		0.86224			4
2025.07.31	00:32:58.078	0.86152	0.86229			6
2025.07.31	00:33:00.772	0.86152				2
2025.07.31	00:33:05.997	0.86150				2
2025.07.31	00:33:06.318	0.86142	0.86224			6
2025.07.31	00:33:16.979	0.86143				2
2025.07.31	00:33:29.233	0.86142				2
2025.07.31	00:33:58.679	0.86143				2
2025.07.31	00:34:01.078	0.86143				2
2025.07.31	00:34:06.479		0.86224			4
2025.07.31	00:34:51.183		0.86226			4
2025.07.31	00:34:55.079	0.86144				2
2025.07.31	00:35:03.077	0.86143				2
2025.07.31	00:35:10.835	0.86141	0.86222			6
2025.07.31	00:35:15.730	0.86143				2
2025.07.31	00:35:18.259	0.86153	0.86229			6
2025.07.31	00:35:20.164	0.86154				2
2025.07.31	00:35:21.823	0.86156				2
2025.07.31	00:35:23.578	0.86155				2
2025.07.31	00:35:25.139	0.86146				2
2025.07.31	00:35:25.536		0.86225			4
2025.07.31	00:35:32.351	0.86147				2
2025.07.31	00:35:35.541	0.86144	0.86221			6
2025.07.31	00:35:52.980	0.86143				2
2025.07.31	00:36:01.080	0.86143				2
2025.07.31	00:36:10.804	0.86152	0.86225			6
2025.07.31	00:36:15.434	0.86155				2
2025.07.31	00:36:25.538		0.86227			4
2025.07.31	00:36:35.485	0.86150	0.86225			6
2025.07.31	00:36:48.776		0.86224			4
2025.07.31	00:36:53.883	0.86151				2
2025.07.31	00:37:00.779	0.86150				2
2025.07.31	00:37:04.061		0.86221			4
2025.07.31	00:37:05.582	0.86149				2
2025.07.31	00:37:09.571	0.86147				2
2025.07.31	00:37:15.881		0.86222			4
2025.07.31	00:37:17.062		0.86221			4
2025.07.31	00:37:19.949	0.86156	0.86227			6
2025.07.31	00:37:22.387	0.86155				2
2025.07.31	00:37:26.842	0.86154				2
2025.07.31	00:37:28.135	0.86146	0.86216			6
2025.07.31	00:37:28.968	0.86147	0.86217			6
2025.07.31	00:37:34.899	0.86146	0.86216			6
2025.07.31	00:37:43.142		0.86212			4
2025.07.31	00:37:44.257	0.86145	0.86213			6
2025.07.31	00:37:45.294	0.86146	0.86211			6
2025.07.31	00:37:46.680	0.86145	0.86212			6
2025.07.31	00:37:50.879		0.86211			4
2025.07.31	00:37:53.282		0.86212			4
2025.07.31	00:37:54.780		0.86211			4
2025.07.31	00:37:58.970		0.86212			4
2025.07.31	00:37:59.917		0.86213			4
2025.07.31	00:38:00.233	0.86145				2
2025.07.31	00:38:05.600		0.86212			4
2025.07.31	00:38:07.099	0.86149	0.86209			6
2025.07.31	00:38:07.809	0.86150	0.86208			6
2025.07.31	00:38:08.878	0.86149	0.86209			6
2025.07.31	00:38:10.710	0.86148	0.86210			6
2025.07.31	00:38:11.235	0.86149				2
2025.07.31	00:38:18.780	0.86147	0.86212			6
2025.07.31	00:38:20.020		0.86211			4
2025.07.31	00:38:22.960	0.86148				2
2025.07.31	00:38:25.368		0.86210			4
2025.07.31	00:38:26.432		0.86209			4
2025.07.31	00:38:28.382		0.86210			4
2025.07.31	00:38:30.271		0.86211			4
2025.07.31	00:38:31.984		0.86210			4
2025.07.31	00:38:33.178	0.86147	0.86211			6
2025.07.31	00:38:34.433	0.86148				2
2025.07.31	00:38:39.209	0.86147				2
2025.07.31	00:38:58.702	0.86148	0.86210			6
2025.07.31	00:39:00.259	0.86148				2
2025.07.31	00:39:04.859		0.86209			4
2025.07.31	00:39:05.862		0.86210			4
2025.07.31	00:39:07.262		0.86211			4
2025.07.31	00:39:11.549		0.86209			4
2025.07.31	00:39:12.304		0.86210			4
2025.07.31	00:39:16.810	0.86167	0.86223			6
2025.07.31	00:39:18.809		0.86222			4
2025.07.31	00:39:20.090	0.86145	0.86216			6
2025.07.31	00:39:20.614		0.86215			4
2025.07.31	00:39:21.419	0.86149				2
2025.07.31	00:39:26.091	0.86147	0.86216			6
2025.07.31	00:39:28.982	0.86145	0.86221			6
2025.07.31	00:39:31.390		0.86222			4
2025.07.31	00:39:35.614		0.86221			4
2025.07.31	00:39:45.464	0.86147	0.86216			6
2025.07.31	00:39:46.499	0.86150				2
2025.07.31	00:39:48.164	0.86151	0.86214			6
2025.07.31	00:39:49.292		0.86213			4
2025.07.31	00:39:50.617		0.86212			4
2025.07.31	00:39:57.469	0.86152	0.86211			6
2025.07.31	00:39:59.758		0.86209			4
2025.07.31	00:40:00.427	0.86152	0.86210			6
2025.07.31	00:40:01.990		0.86213			4
2025.07.31	00:40:02.955		0.86211			4
2025.07.31	00:40:04.923	0.86153	0.86210			6
2025.07.31	00:40:06.272	0.86152	0.86212			6
2025.07.31	00:40:07.235	0.86153				2
2025.07.31	00:40:08.110	0.86154				2
2025.07.31	00:40:10.199	0.86153	0.86213			6
2025.07.31	00:40:10.758	0.86152	0.86214			6
2025.07.31	00:40:11.850	0.86153	0.86213			6
2025.07.31	00:40:12.195	0.86151	0.86214			6
2025.07.31	00:40:12.542	0.86150				2
2025.07.31	00:40:15.181		0.86215			4
2025.07.31	00:40:17.404	0.86149				2
2025.07.31	00:40:19.373		0.86216			4
2025.07.31	00:40:20.683	0.86148	0.86217			6
2025.07.31	00:40:22.432	0.86149				2
2025.07.31	00:40:25.263	0.86150	0.86216			6
2025.07.31	00:40:28.349	0.86149	0.86217			6
2025.07.31	00:40:31.406	0.86148	0.86218			6
2025.07.31	00:40:32.177	0.86149				2
2025.07.31	00:40:33.834		0.86219			4
2025.07.31	00:40:38.292		0.86218			4
2025.07.31	00:40:39.237	0.86148				2
2025.07.31	00:40:40.380	0.86147				2
2025.07.31	00:40:42.178	0.86148				2
2025.07.31	00:40:43.400	0.86166	0.86227			6
2025.07.31	00:40:43.721	0.86154	0.86222			6
2025.07.31	00:40:45.481	0.86153				2
2025.07.31	00:40:47.686	0.86152				2
2025.07.31	00:40:51.861	0.86151				2
2025.07.31	00:40:53.469	0.86152	0.86221			6
2025.07.31	00:40:53.794		0.86222			4
2025.07.31	00:40:54.890	0.86151				2
2025.07.31	00:41:00.263	0.86151	0.86221			6
2025.07.31	00:41:03.802		0.86222			4
2025.07.31	00:41:07.079		0.86223			4
2025.07.31	00:41:08.465	0.86149	0.86222			6
2025.07.31	00:41:08.945	0.86150	0.86221			6
2025.07.31	00:41:12.455	0.86149				2
2025.07.31	00:41:12.914	0.86147	0.86222			6
2025.07.31	00:41:13.574	0.86149				2
2025.07.31	00:41:15.115	0.86150	0.86223			6
2025.07.31	00:41:18.368	0.86152	0.86224			6
2025.07.31	00:41:22.178	0.86162	0.86222			6
2025.07.31	00:41:22.533	0.86161				2
2025.07.31	00:41:22.838	0.86159	0.86224			6
2025.07.31	00:41:25.793	0.86152	0.86225			6
2025.07.31	00:41:26.170	0.86154	0.86223			6
2025.07.31	00:41:27.499	0.86167	0.86232			6
2025.07.31	00:41:27.806	0.86169	0.86235			6
2025.07.31	00:41:28.121	0.86171				2
2025.07.31	00:41:28.892	0.86172				2
2025.07.31	00:41:29.550	0.86171				2
2025.07.31	00:41:39.791	0.86170				2
2025.07.31	00:41:43.474	0.86171				2
2025.07.31	00:41:48.620	0.86172				2
2025.07.31	00:41:48.927	0.86170				2
2025.07.31	00:42:00.415	0.86169				2
2025.07.31	00:42:00.914	0.86175				2
2025.07.31	00:42:01.808	0.86176				2
2025.07.31	00:42:04.991	0.86171				2
2025.07.31	00:42:05.588	0.86169				2
2025.07.31	00:42:07.742	0.86166	0.86233			6
2025.07.31	00:42:10.781	0.86172	0.86232			6
2025.07.31	00:42:11.168	0.86173	0.86230			6
2025.07.31	00:42:11.809	0.86174				2
2025.07.31	00:42:16.149	0.86173	0.86235			6
2025.07.31	00:42:17.297	0.86172				2
2025.07.31	00:42:17.784	0.86169				2
2025.07.31	00:42:18.264	0.86170				2
2025.07.31	00:42:21.599	0.86171				2
2025.07.31	00:42:22.202		0.86236			4
2025.07.31	00:42:22.978	0.86172				2
2025.07.31	00:42:25.977	0.86171				2
2025.07.31	00:42:26.632	0.86170				2
2025.07.31	00:42:28.979	0.86169				2
2025.07.31	00:42:35.902	0.86168				2
2025.07.31	00:42:38.880	0.86167				2
2025.07.31	00:42:40.602	0.86168				2
2025.07.31	00:42:42.367	0.86167				2
2025.07.31	00:42:45.485	0.86166				2
2025.07.31	00:42:52.205	0.86167				2
2025.07.31	00:42:53.280	0.86166				2
2025.07.31	00:42:54.442	0.86168				2
2025.07.31	00:43:00.745	0.86168				2
2025.07.31	00:43:01.832	0.86169				2
2025.07.31	00:43:04.097	0.86168				2
2025.07.31	00:43:15.057	0.86166				2
2025.07.31	00:43:15.985	0.86167				2
2025.07.31	00:43:18.866	0.86169				2
2025.07.31	00:43:22.204		0.86237			4
2025.07.31	00:43:25.365	0.86168				2
2025.07.31	00:43:25.689	0.86169				2
2025.07.31	00:43:27.264	0.86170				2
2025.07.31	00:43:30.982	0.86169				2
2025.07.31	00:43:34.078	0.86170				2
2025.07.31	00:43:36.298	0.86169				2
2025.07.31	00:43:37.313	0.86167				2
2025.07.31	00:43:38.234	0.86168				2
2025.07.31	00:43:46.379	0.86167				2
2025.07.31	00:43:46.954	0.86168				2
2025.07.31	00:43:49.343	0.86169				2
2025.07.31	00:43:49.901	0.86167				2
2025.07.31	00:43:50.322	0.86166				2
2025.07.31	00:44:00.357	0.86166				2
2025.07.31	00:44:18.379	0.86168				2
2025.07.31	00:44:18.741	0.86167				2
2025.07.31	00:44:19.901	0.86169				2
2025.07.31	00:44:20.681	0.86171				2
2025.07.31	00:44:26.582		0.86237			4
2025.07.31	00:44:35.880	0.86170				2
2025.07.31	00:44:44.880	0.86169				2
2025.07.31	00:44:46.723	0.86148	0.86227			6
2025.07.31	00:44:47.068		0.86226			4
2025.07.31	00:44:48.256		0.86229			4
2025.07.31	00:44:48.576		0.86230			4
2025.07.31	00:44:48.894		0.86227			4
2025.07.31	00:44:49.272		0.86226			4
2025.07.31	00:44:50.615		0.86227			4
2025.07.31	00:44:52.306		0.86233			4
2025.07.31	00:44:53.315		0.86229			4
2025.07.31	00:44:53.763		0.86228			4
2025.07.31	00:44:54.391		0.86229			4
2025.07.31	00:44:55.313		0.86228			4
2025.07.31	00:44:58.898		0.86235			4
2025.07.31	00:45:00.185	0.86148				2
2025.07.31	00:45:00.488		0.86236			4
2025.07.31	00:45:03.187	0.86108	0.86250			6
2025.07.31	00:45:05.002	0.86109				2
2025.07.31	00:45:05.610	0.86108				2
2025.07.31	00:45:06.520	0.86148	0.86236			6
2025.07.31	00:45:11.141	0.86160	0.86212			6
2025.07.31	00:45:18.476		0.86211			4
2025.07.31	00:45:25.773		0.86209			4
2025.07.31	00:45:29.515		0.86208			4
2025.07.31	00:46:01.380	0.86160				2
2025.07.31	00:46:06.180		0.86207			4
2025.07.31	00:46:10.428		0.86208			4
2025.07.31	00:46:11.452		0.86209			4
2025.07.31	00:46:12.003		0.86208			4
2025.07.31	00:46:18.909		0.86206			4
2025.07.31	00:46:22.591		0.86207			4
2025.07.31	00:46:26.272		0.86206			4
2025.07.31	00:46:43.886		0.86207			4
2025.07.31	00:46:45.119		0.86208			4
2025.07.31	00:46:45.438		0.86206			4
2025.07.31	00:46:49.858		0.86207			4
2025.07.31	00:47:00.772	0.86160				2
2025.07.31	00:47:03.153	0.86121	0.86218			6
2025.07.31	00:47:06.494	0.86160	0.86207			6
2025.07.31	00:47:18.525		0.86205			4
2025.07.31	00:47:18.873		0.86207			4
2025.07.31	00:47:19.181		0.86208			4
2025.07.31	00:47:19.914		0.86206			4
2025.07.31	00:47:23.908		0.86204			4
2025.07.31	00:47:25.027		0.86205			4
2025.07.31	00:47:27.135		0.86207			4
2025.07.31	00:47:29.726		0.86205			4
2025.07.31	00:47:31.965		0.86204			4
2025.07.31	00:47:53.549		0.86207			4
2025.07.31	00:47:53.858		0.86204			4
2025.07.31	00:47:56.582		0.86206			4
2025.07.31	00:47:56.910		0.86205			4
2025.07.31	00:48:01.692	0.86160	0.86204			6
2025.07.31	00:48:03.577		0.86206			4
2025.07.31	00:48:04.667		0.86205			4
2025.07.31	00:48:05.673		0.86207			4
2025.07.31	00:48:06.672		0.86206			4
2025.07.31	00:48:08.534		0.86207			4
2025.07.31	00:48:09.486		0.86205			4
2025.07.31	00:48:10.696		0.86206			4
2025.07.31	00:48:11.300		0.86205			4
2025.07.31	00:48:25.679		0.86204			4
2025.07.31	00:48:35.836		0.86205			4
2025.07.31	00:48:37.186		0.86204			4
2025.07.31	00:48:37.910		0.86205			4
2025.07.31	00:48:38.272		0.86206			4
2025.07.31	00:48:40.554		0.86205			4
2025.07.31	00:48:41.913		0.86204			4
2025.07.31	00:48:42.912		0.86205			4
2025.07.31	00:48:44.922		0.86206			4
2025.07.31	00:48:46.795		0.86204			4
2025.07.31	00:48:50.774		0.86205			4
2025.07.31	00:48:51.120		0.86209			4
2025.07.31	00:48:51.437		0.86207			4
2025.07.31	00:48:53.554		0.86206			4
2025.07.31	00:48:54.479		0.86205			4
2025.07.31	00:48:54.823		0.86206			4
2025.07.31	00:48:55.999		0.86205			4
2025.07.31	00:48:57.258		0.86204			4
2025.07.31	00:49:00.461	0.86160				2
2025.07.31	00:49:01.960		0.86205			4
2025.07.31	00:49:14.827		0.86204			4
2025.07.31	00:49:15.445		0.86206			4
2025.07.31	00:49:16.113		0.86204			4
2025.07.31	00:49:16.418		0.86205			4
2025.07.31	00:49:17.412		0.86206			4
2025.07.31	00:49:19.460		0.86205			4
2025.07.31	00:49:20.135		0.86206			4
2025.07.31	00:49:20.464		0.86205			4
2025.07.31	00:49:20.764		0.86206			4
2025.07.31	00:49:21.457		0.86204			4
2025.07.31	00:49:21.914		0.86206			4
2025.07.31	00:49:26.520		0.86205			4
2025.07.31	00:49:27.453		0.86207			4
2025.07.31	00:49:28.523		0.86205			4
2025.07.31	00:49:35.601		0.86207			4
2025.07.31	00:49:36.259		0.86206			4
2025.07.31	00:49:37.926		0.86205			4
2025.07.31	00:49:38.488		0.86206			4
2025.07.31	00:50:03.193	0.86160				2
2025.07.31	00:50:09.975		0.86207			4
2025.07.31	00:50:10.619		0.86206			4
2025.07.31	00:50:12.918		0.86207			4
2025.07.31	00:50:13.922		0.86206			4
2025.07.31	00:50:20.917		0.86205			4
2025.07.31	00:50:22.461		0.86207			4
2025.07.31	00:50:23.826		0.86206			4
2025.07.31	00:50:26.827		0.86207			4
2025.07.31	00:50:28.497		0.86206			4
2025.07.31	00:50:29.282		0.86207			4
2025.07.31	00:50:35.141		0.86208			4
2025.07.31	00:50:35.917		0.86207			4
2025.07.31	00:50:36.501		0.86208			4
2025.07.31	00:50:39.820		0.86207			4
2025.07.31	00:50:40.735		0.86206			4
2025.07.31	00:50:49.952		0.86208			4
2025.07.31	00:50:50.921		0.86209			4
2025.07.31	00:50:52.037		0.86207			4
2025.07.31	00:50:52.544		0.86208			4
2025.07.31	00:50:56.484	0.86159	0.86207			6
2025.07.31	00:51:00.178	0.86159				2
2025.07.31	00:51:06.780		0.86206			4
2025.07.31	00:51:12.781		0.86207			4
2025.07.31	00:51:19.259		0.86208			4
2025.07.31	00:51:19.667		0.86209			4
2025.07.31	00:51:20.000		0.86208			4
2025.07.31	00:51:45.064		0.86209			4
2025.07.31	00:51:55.615		0.86208			4
2025.07.31	00:51:56.751		0.86207			4
2025.07.31	00:51:58.261		0.86208			4
2025.07.31	00:51:58.994		0.86207			4
2025.07.31	00:51:59.334		0.86208			4
2025.07.31	00:52:00.011	0.86159				2
2025.07.31	00:52:00.353		0.86209			4
2025.07.31	00:52:14.506		0.86208			4
2025.07.31	00:52:20.358		0.86207			4
2025.07.31	00:52:26.189		0.86206			4
2025.07.31	00:52:27.226		0.86208			4
2025.07.31	00:52:37.654		0.86206			4
2025.07.31	00:52:51.086		0.86208			4
2025.07.31	00:52:55.351		0.86207			4
2025.07.31	00:52:57.434		0.86208			4
2025.07.31	00:53:00.777	0.86159				2
2025.07.31	00:53:01.943		0.86209			4
2025.07.31	00:53:05.326		0.86208			4
2025.07.31	00:53:07.684		0.86209			4
2025.07.31	00:53:08.001		0.86208			4
2025.07.31	00:53:08.579		0.86207			4
2025.07.31	00:53:09.939		0.86205			4
2025.07.31	00:53:10.855		0.86206			4
2025.07.31	00:53:21.279		0.86208			4
2025.07.31	00:53:21.638		0.86207			4
2025.07.31	00:53:21.944		0.86208			4
2025.07.31	00:53:27.722		0.86209			4
2025.07.31	00:53:41.364		0.86208			4
2025.07.31	00:53:55.062		0.86209			4
2025.07.31	00:53:55.379		0.86208			4
2025.07.31	00:53:58.789		0.86209			4
2025.07.31	00:54:00.980	0.86159				2
2025.07.31	00:54:08.941		0.86207			4
2025.07.31	00:54:09.358		0.86208			4
2025.07.31	00:54:09.668		0.86207			4
2025.07.31	00:54:10.401		0.86208			4
2025.07.31	00:54:13.790		0.86209			4
2025.07.31	00:54:20.579		0.86208			4
2025.07.31	00:54:24.932		0.86209			4
2025.07.31	00:54:25.797		0.86207			4
2025.07.31	00:54:26.842		0.86208			4
2025.07.31	00:54:28.789		0.86209			4
2025.07.31	00:54:31.150		0.86208			4
2025.07.31	00:54:45.977		0.86209			4
2025.07.31	00:54:57.984		0.86210			4
2025.07.31	00:54:58.789		0.86209			4
2025.07.31	00:55:00.102	0.86159				2
2025.07.31	00:55:00.513		0.86211			4
2025.07.31	00:55:02.194		0.86209			4
2025.07.31	00:55:03.521	0.86143				2
2025.07.31	00:55:05.957		0.86208			4
2025.07.31	00:55:06.692	0.86144				2
2025.07.31	00:55:07.383	0.86143				2
2025.07.31	00:55:08.961	0.86148	0.86211			6
2025.07.31	00:55:09.604	0.86146	0.86210			6
2025.07.31	00:55:10.871		0.86211			4
2025.07.31	00:55:12.202	0.86157	0.86213			6
2025.07.31	00:55:18.651	0.86158				2
2025.07.31	00:55:19.415	0.86159				2
2025.07.31	00:55:20.222	0.86153				2
2025.07.31	00:55:20.661	0.86155	0.86214			6
2025.07.31	00:55:21.038		0.86212			4
2025.07.31	00:55:24.934	0.86153	0.86211			6
2025.07.31	00:55:25.245		0.86210			4
2025.07.31	00:55:25.546	0.86152				2
2025.07.31	00:55:26.048	0.86151				2
2025.07.31	00:55:26.373	0.86153	0.86211			6
2025.07.31	00:55:27.003		0.86210			4
2025.07.31	00:55:30.066		0.86211			4
2025.07.31	00:55:34.504	0.86147	0.86210			6
2025.07.31	00:55:34.846		0.86209			4
2025.07.31	00:55:38.512	0.86148				2
2025.07.31	00:55:38.821	0.86150	0.86210			6
2025.07.31	00:55:39.147	0.86153				2
2025.07.31	00:55:39.639		0.86211			4
2025.07.31	00:55:40.013	0.86156	0.86212			6
2025.07.31	00:55:45.695		0.86213			4
2025.07.31	00:55:46.507	0.86154				2
2025.07.31	00:55:48.112	0.86156				2
2025.07.31	00:55:48.496	0.86155	0.86212			6
2025.07.31	00:55:48.801	0.86153	0.86211			6
2025.07.31	00:55:50.231	0.86150				2
2025.07.31	00:55:51.054	0.86152	0.86210			6
2025.07.31	00:55:52.656	0.86153	0.86213			6
2025.07.31	00:55:54.619	0.86160	0.86220			6
2025.07.31	00:55:55.005	0.86158				2
2025.07.31	00:55:55.700	0.86159	0.86221			6
2025.07.31	00:55:56.982	0.86158	0.86219			6
2025.07.31	00:55:57.366	0.86157				2
2025.07.31	00:55:58.006	0.86159				2
2025.07.31	00:55:58.899	0.86153	0.86220			6
2025.07.31	00:55:59.212	0.86159				2
2025.07.31	00:55:59.556	0.86155	0.86213			6
2025.07.31	00:56:00.113	0.86155	0.86211			6
2025.07.31	00:56:02.178		0.86212			4
2025.07.31	00:56:02.518	0.86156				2
2025.07.31	00:56:03.006		0.86211			4
2025.07.31	00:56:05.044	0.86151	0.86212			6
2025.07.31	00:56:05.712	0.86150				2
2025.07.31	00:56:07.642	0.86149				2
2025.07.31	00:56:10.013	0.86153				2
2025.07.31	00:56:14.620	0.86152				2
2025.07.31	00:56:17.195	0.86153	0.86211			6
2025.07.31	00:56:18.460	0.86155				2
2025.07.31	00:56:20.271	0.86154	0.86212			6
2025.07.31	00:56:21.122	0.86153				2
2025.07.31	00:56:23.109	0.86152				2
2025.07.31	00:56:25.125	0.86154				2
2025.07.31	00:56:27.376	0.86153				2
2025.07.31	00:56:30.520	0.86155	0.86210			6
2025.07.31	00:56:31.025		0.86213			4
2025.07.31	00:56:32.197		0.86212			4
2025.07.31	00:56:35.082	0.86154	0.86213			6
2025.07.31	00:56:36.410	0.86153				2
2025.07.31	00:56:38.463	0.86152				2
2025.07.31	00:56:39.232	0.86148	0.86212			6
2025.07.31	00:56:41.926	0.86150				2
2025.07.31	00:56:46.349	0.86151				2
2025.07.31	00:56:46.776	0.86150				2
2025.07.31	00:56:50.290		0.86213			4
2025.07.31	00:56:50.977	0.86152				2
2025.07.31	00:56:51.356	0.86154				2
2025.07.31	00:56:59.943	0.86150	0.86212			6
2025.07.31	00:57:00.275	0.86152	0.86211			6
2025.07.31	00:57:01.463		0.86213			4
2025.07.31	00:57:01.790	0.86153				2
2025.07.31	00:57:02.100	0.86151				2
2025.07.31	00:57:03.448	0.86153				2
2025.07.31	00:57:03.819		0.86214			4
2025.07.31	00:57:06.146	0.86154	0.86213			6
2025.07.31	00:57:09.276	0.86152	0.86212			6
2025.07.31	00:57:12.623	0.86153				2
2025.07.31	00:57:16.313	0.86150				2
2025.07.31	00:57:16.673	0.86151				2
2025.07.31	00:57:17.436	0.86150				2
2025.07.31	00:57:18.825	0.86151				2
2025.07.31	00:57:19.618		0.86213			4
2025.07.31	00:57:19.979	0.86150				2
2025.07.31	00:57:21.104	0.86151	0.86212			6
2025.07.31	00:57:22.643	0.86150				2
2025.07.31	00:57:23.775	0.86151	0.86211			6
2025.07.31	00:57:24.247		0.86212			4
2025.07.31	00:57:28.518		0.86211			4
2025.07.31	00:57:30.270	0.86150	0.86212			6
2025.07.31	00:57:30.591	0.86152				2
2025.07.31	00:57:31.129	0.86150	0.86213			6
2025.07.31	00:57:31.446	0.86148				2
2025.07.31	00:57:33.011	0.86151	0.86212			6
2025.07.31	00:57:34.437	0.86152				2
2025.07.31	00:57:35.721		0.86213			4
2025.07.31	00:57:36.102	0.86150	0.86212			6
2025.07.31	00:57:36.427	0.86152				2
2025.07.31	00:57:36.877	0.86151				2
2025.07.31	00:57:37.756		0.86213			4
2025.07.31	00:57:40.171	0.86152				2
2025.07.31	00:57:40.703	0.86153				2
2025.07.31	00:57:41.006	0.86151				2
2025.07.31	00:57:43.678		0.86214			4
2025.07.31	00:57:46.340		0.86215			4
2025.07.31	00:57:47.016	0.86149				2
2025.07.31	00:57:48.201	0.86151				2
2025.07.31	00:57:48.507	0.86152				2
2025.07.31	00:57:50.745	0.86153				2
2025.07.31	00:57:51.088		0.86216			4
2025.07.31	00:57:51.397	0.86152				2
2025.07.31	00:57:54.285	0.86151				2
2025.07.31	00:57:56.294	0.86147	0.86215			6
2025.07.31	00:57:56.784	0.86149				2
2025.07.31	00:57:57.123	0.86147	0.86214			6
2025.07.31	00:57:58.359	0.86149				2
2025.07.31	00:57:58.660	0.86150				2
2025.07.31	00:57:59.824	0.86152	0.86215			6
2025.07.31	00:58:00.521	0.86154				2
2025.07.31	00:58:00.841	0.86152				2
2025.07.31	00:58:01.733	0.86154				2
2025.07.31	00:58:02.197		0.86214			4
2025.07.31	00:58:03.313	0.86152	0.86215			6
2025.07.31	00:58:05.420	0.86155				2
2025.07.31	00:58:05.746	0.86152	0.86204			6
2025.07.31	00:58:06.149	0.86153				2
2025.07.31	00:58:06.501	0.86155	0.86201			6
2025.07.31	00:58:07.042	0.86154				2
2025.07.31	00:58:07.405	0.86150				2
2025.07.31	00:58:07.740	0.86151				2
2025.07.31	00:58:08.177	0.86152				2
2025.07.31	00:58:10.330	0.86150				2
2025.07.31	00:58:12.966	0.86151				2
2025.07.31	00:58:24.664	0.86149				2
2025.07.31	00:58:25.020	0.86151				2
2025.07.31	00:58:25.328	0.86152				2
2025.07.31	00:58:30.694	0.86150				2
2025.07.31	00:58:31.031	0.86149				2
2025.07.31	00:58:31.359	0.86148				2
2025.07.31	00:58:32.022	0.86149				2
2025.07.31	00:58:36.244	0.86151				2
2025.07.31	00:58:51.324	0.86146				2
2025.07.31	00:58:53.620	0.86144				2
2025.07.31	00:58:54.427	0.86150				2
2025.07.31	00:58:59.668	0.86148				2
2025.07.31	00:59:00.009	0.86148				2
2025.07.31	00:59:00.493	0.86143				2
2025.07.31	00:59:00.798	0.86148				2
2025.07.31	00:59:01.106	0.86147				2
2025.07.31	00:59:01.875	0.86149				2
2025.07.31	00:59:04.521	0.86145				2
2025.07.31	00:59:06.758		0.86202			4
2025.07.31	00:59:07.084	0.86144				2
2025.07.31	00:59:08.966	0.86147				2
2025.07.31	00:59:10.992	0.86146				2
2025.07.31	00:59:13.831	0.86142				2
2025.07.31	00:59:19.718	0.86143				2
2025.07.31	00:59:21.436	0.86142				2
2025.07.31	00:59:25.720	0.86145				2
2025.07.31	00:59:28.468	0.86147				2
2025.07.31	00:59:31.234	0.86145				2
2025.07.31	00:59:34.101	0.86147				2
2025.07.31	00:59:35.978	0.86148				2
2025.07.31	00:59:36.348	0.86149				2
2025.07.31	00:59:41.240	0.86154				2
2025.07.31	00:59:41.752	0.86153				2
2025.07.31	00:59:51.278	0.86151				2
2025.07.31	00:59:52.668	0.86154				2
2025.07.31	00:59:54.575	0.86151				2
2025.07.31	00:59:55.965	0.86152				2
2025.07.31	00:59:56.330	0.86154				2
2025.07.31	01:00:00.307	0.86157				2
2025.07.31	01:00:00.612	0.86162				2
2025.07.31	01:00:00.933	0.86161				2
2025.07.31	01:00:01.241	0.86141	0.86205			6
2025.07.31	01:00:01.544		0.86204			4
2025.07.31	01:00:01.855	0.86139				2
2025.07.31	01:00:02.183	0.86143	0.86198			6
2025.07.31	01:00:02.500	0.86154	0.86194			6
2025.07.31	01:00:02.838	0.86152	0.86196			6
2025.07.31	01:00:03.677	0.86138	0.86215			6
2025.07.31	01:00:03.985	0.86114				2
2025.07.31	01:00:04.319	0.86137				2
2025.07.31	01:00:04.624	0.86138	0.86212			6
2025.07.31	01:00:04.927		0.86213			4
2025.07.31	01:00:05.229	0.86139	0.86212			6
2025.07.31	01:00:05.532	0.86128	0.86203			6
2025.07.31	01:00:05.834	0.86127	0.86205			6
2025.07.31	01:00:06.138	0.86135	0.86204			6
2025.07.31	01:00:06.441	0.86128	0.86206			6
2025.07.31	01:00:06.746	0.86133	0.86208			6
2025.07.31	01:00:07.048	0.86135	0.86207			6
2025.07.31	01:00:07.352	0.86155	0.86192			6
2025.07.31	01:00:07.688	0.86156				2
2025.07.31	01:00:08.437	0.86157				2
2025.07.31	01:00:09.790		0.86191			4
2025.07.31	01:00:10.100	0.86156	0.86200			6
2025.07.31	01:00:10.407	0.86158				2
2025.07.31	01:00:10.712	0.86149	0.86193			6
2025.07.31	01:00:22.585	0.86157	0.86189			6
2025.07.31	01:00:22.894	0.86153				2
2025.07.31	01:00:23.248		0.86182			4
2025.07.31	01:00:24.180		0.86180			4
2025.07.31	01:00:25.980	0.86152				2
2025.07.31	01:00:28.086	0.86153				2
2025.07.31	01:00:31.300	0.86156				2
2025.07.31	01:00:32.532	0.86155				2
2025.07.31	01:00:36.218	0.86156	0.86177			6
2025.07.31	01:00:36.522	0.86162				2
2025.07.31	01:00:36.824	0.86159				2
2025.07.31	01:00:37.591	0.86154	0.86178			6
2025.07.31	01:00:37.899	0.86156				2
2025.07.31	01:00:38.203	0.86158	0.86179			6
2025.07.31	01:00:38.504	0.86154				2
2025.07.31	01:00:39.313		0.86175			4
2025.07.31	01:00:41.316	0.86158				2
2025.07.31	01:00:41.851	0.86155				2
2025.07.31	01:00:42.192	0.86153				2
2025.07.31	01:00:44.280	0.86152				2
2025.07.31	01:00:44.617	0.86153				2
2025.07.31	01:00:52.273	0.86154	0.86178			6
2025.07.31	01:00:52.613		0.86176			4
2025.07.31	01:00:58.328	0.86157	0.86178			6
2025.07.31	01:01:00.218	0.86158	0.86180			6
2025.07.31	01:01:00.528	0.86159				2
2025.07.31	01:01:00.897	0.86160				2
2025.07.31	01:01:01.280	0.86158				2
2025.07.31	01:01:01.588		0.86182			4
2025.07.31	01:01:02.034	0.86159				2
2025.07.31	01:01:02.374		0.86181			4
2025.07.31	01:01:03.211	0.86158				2
2025.07.31	01:01:03.520		0.86184			4
2025.07.31	01:01:03.840	0.86162				2
2025.07.31	01:01:06.579	0.86168				2
2025.07.31	01:01:08.317	0.86169				2
2025.07.31	01:01:09.298	0.86168	0.86188			6
2025.07.31	01:01:09.981	0.86167				2
2025.07.31	01:01:11.757	0.86166				2
2025.07.31	01:01:12.355	0.86162	0.86186			6
2025.07.31	01:01:12.663	0.86166				2
2025.07.31	01:01:21.289	0.86167				2
2025.07.31	01:01:21.608		0.86187			4
2025.07.31	01:01:22.267		0.86188			4
2025.07.31	01:01:26.098		0.86186			4
2025.07.31	01:01:26.519		0.86188			4
2025.07.31	01:01:28.097		0.86187			4
2025.07.31	01:01:30.633		0.86188			4
2025.07.31	01:01:32.657	0.86169				2
2025.07.31	01:01:36.427	0.86168				2
2025.07.31	01:01:36.741	0.86169				2
2025.07.31	01:01:41.335	0.86168				2
2025.07.31	01:01:43.306	0.86166				2
2025.07.31	01:01:43.741	0.86167				2
2025.07.31	01:01:50.610	0.86165				2
2025.07.31	01:01:52.795	0.86164				2
2025.07.31	01:01:53.621	0.86165				2
2025.07.31	01:01:54.503	0.86167				2
2025.07.31	01:02:00.370	0.86167				2
2025.07.31	01:02:05.100	0.86166				2
2025.07.31	01:02:05.418	0.86164	0.86186			6
2025.07.31	01:02:05.860	0.86165				2
2025.07.31	01:02:07.519	0.86166	0.86188			6
2025.07.31	01:02:08.000	0.86167				2
2025.07.31	01:02:08.546	0.86165				2
2025.07.31	01:02:09.557		0.86185			4
2025.07.31	01:02:12.557	0.86169	0.86188			6
2025.07.31	01:02:13.169	0.86178	0.86189			6
2025.07.31	01:02:13.478		0.86192			4
2025.07.31	01:02:13.788		0.86193			4
2025.07.31	01:02:14.130	0.86175	0.86192			6
2025.07.31	01:02:14.445	0.86178	0.86193			6
2025.07.31	01:02:15.286	0.86179				2
2025.07.31	01:02:17.279	0.86180				2
2025.07.31	01:02:18.103	0.86184	0.86198			6
2025.07.31	01:02:19.968		0.86197			4
2025.07.31	01:02:23.376		0.86198			4
2025.07.31	01:02:27.509	0.86183	0.86196			6
2025.07.31	01:02:28.092		0.86195			4
2025.07.31	01:02:28.720	0.86181	0.86194			6
2025.07.31	01:02:30.977		0.86193			4
2025.07.31	01:02:33.405		0.86194			4
2025.07.31	01:02:33.721	0.86184	0.86196			6
2025.07.31	01:02:37.777		0.86197			4
2025.07.31	01:02:38.343		0.86196			4
2025.07.31	01:02:38.784		0.86197			4
2025.07.31	01:02:40.978	0.86183				2
2025.07.31	01:02:44.348		0.86196			4
2025.07.31	01:02:44.728		0.86197			4
2025.07.31	01:02:49.821		0.86198			4
2025.07.31	01:02:52.980	0.86184				2
2025.07.31	01:03:00.364	0.86183	0.86195			6
2025.07.31	01:03:01.087	0.86184				2
2025.07.31	01:03:03.323	0.86187	0.86199			6
2025.07.31	01:03:04.256		0.86197			4
2025.07.31	01:03:05.528	0.86190	0.86200			6
2025.07.31	01:03:05.840	0.86187				2
2025.07.31	01:03:13.609	0.86186				2
2025.07.31	01:03:14.359	0.86187				2
2025.07.31	01:03:14.902	0.86186				2
2025.07.31	01:03:18.123	0.86191	0.86205			6
2025.07.31	01:03:18.455		0.86206			4
2025.07.31	01:03:20.580		0.86207			4
2025.07.31	01:03:24.004		0.86206			4
2025.07.31	01:03:30.987		0.86205			4
2025.07.31	01:03:32.675		0.86206			4
2025.07.31	01:03:34.838	0.86190	0.86205			6
2025.07.31	01:03:44.348	0.86191				2
2025.07.31	01:03:45.364	0.86190				2
2025.07.31	01:03:50.157	0.86191				2
2025.07.31	01:03:56.995	0.86196	0.86209			6
2025.07.31	01:03:58.347		0.86211			4
2025.07.31	01:04:00.455	0.86196				2
2025.07.31	01:04:01.079		0.86210			4
2025.07.31	01:04:04.178	0.86197				2
2025.07.31	01:04:04.759		0.86209			4
2025.07.31	01:04:06.658	0.86198				2
2025.07.31	01:04:16.350		0.86210			4
2025.07.31	01:04:20.493	0.86193	0.86205			6
2025.07.31	01:04:20.807		0.86204			4
2025.07.31	01:04:23.086	0.86195	0.86207			6
2025.07.31	01:04:24.049	0.86196				2
2025.07.31	01:04:26.205	0.86199	0.86210			6
2025.07.31	01:04:27.062		0.86211			4
2025.07.31	01:04:28.328	0.86200	0.86210			6
2025.07.31	01:04:28.776	0.86198	0.86211			6
2025.07.31	01:04:29.658		0.86210			4
2025.07.31	01:04:30.416		0.86209			4
2025.07.31	01:04:32.669	0.86197				2
2025.07.31	01:04:33.415	0.86193	0.86206			6
2025.07.31	01:04:36.222		0.86205			4
2025.07.31	01:04:38.308	0.86191	0.86203			6
2025.07.31	01:04:39.412		0.86202			4
2025.07.31	01:05:00.877	0.86191				2
2025.07.31	01:05:01.376	0.86192	0.86203			6
2025.07.31	01:05:01.679		0.86204			4
2025.07.31	01:05:02.932	0.86191	0.86205			6
2025.07.31	01:05:03.239		0.86203			4
2025.07.31	01:05:06.852		0.86201			4
2025.07.31	01:05:08.580		0.86202			4
2025.07.31	01:05:09.004	0.86189	0.86201			6
2025.07.31	01:05:10.134	0.86192				2
2025.07.31	01:05:10.579		0.86202			4
2025.07.31	01:05:16.791	0.86193				2
2025.07.31	01:05:24.546		0.86203			4
2025.07.31	01:05:29.613		0.86204			4
2025.07.31	01:05:34.602		0.86203			4
2025.07.31	01:05:37.414		0.86202			4
2025.07.31	01:05:38.665		0.86203			4
2025.07.31	01:05:43.412		0.86202			4
2025.07.31	01:05:53.962		0.86200			4
2025.07.31	01:05:55.240	0.86195	0.86202			6
2025.07.31	01:05:55.617		0.86203			4
2025.07.31	01:05:56.743	0.86191	0.86199			6
2025.07.31	01:06:00.299	0.86191				2
2025.07.31	01:06:06.913	0.86192				2
2025.07.31	01:06:18.099	0.86190	0.86198			6
2025.07.31	01:06:19.227	0.86191				2
2025.07.31	01:06:29.281	0.86194	0.86201			6
2025.07.31	01:07:00.471	0.86191	0.86197			6
2025.07.31	01:07:00.779		0.86196			4
2025.07.31	01:07:08.708	0.86192				2
2025.07.31	01:07:17.572	0.86191				2
2025.07.31	01:08:00.779	0.86191	0.86196			6
2025.07.31	01:08:03.522	0.86190	0.86194			6
2025.07.31	01:08:04.177		0.86191			4
2025.07.31	01:08:39.477	0.86189	0.86190			6
2025.07.31	01:08:48.916	0.86188	0.86189			6
2025.07.31	01:08:56.380	0.86185	0.86188			6
2025.07.31	01:08:56.686		0.86186			4
2025.07.31	01:08:59.012	0.86184				2
2025.07.31	01:09:00.357	0.86185	0.86189			6
2025.07.31	01:09:01.607		0.86192			4
2025.07.31	01:09:27.377	0.86187	0.86194			6
2025.07.31	01:09:32.837		0.86195			4
2025.07.31	01:09:51.290	0.86192	0.86199			6
2025.07.31	01:09:53.579		0.86200			4
2025.07.31	01:10:00.378	0.86192				2
2025.07.31	01:10:02.280		0.86199			4
2025.07.31	01:10:11.098		0.86200			4
2025.07.31	01:10:17.827		0.86199			4
2025.07.31	01:10:22.767		0.86200			4
2025.07.31	01:10:24.784		0.86199			4
2025.07.31	01:10:31.482	0.86189	0.86194			6
2025.07.31	01:10:32.294	0.86190	0.86196			6
2025.07.31	01:10:33.124		0.86195			4
2025.07.31	01:10:35.083	0.86189				2
2025.07.31	01:10:39.780		0.86196			4
2025.07.31	01:10:42.351	0.86191	0.86197			6
2025.07.31	01:10:48.338	0.86194	0.86199			6
2025.07.31	01:10:48.737	0.86191				2
2025.07.31	01:10:50.279		0.86198			4
2025.07.31	01:10:53.580		0.86197			4
2025.07.31	01:10:56.175	0.86190				2
2025.07.31	01:11:00.456	0.86191				2
2025.07.31	01:11:01.407	0.86192	0.86199			6
2025.07.31	01:11:01.723		0.86200			4
2025.07.31	01:11:02.339		0.86199			4
2025.07.31	01:11:11.480	0.86194	0.86200			6
2025.07.31	01:11:14.880		0.86199			4
2025.07.31	01:11:17.662	0.86193	0.86200			6
2025.07.31	01:11:18.313	0.86192	0.86198			6
2025.07.31	01:11:25.680		0.86199			4
2025.07.31	01:11:45.946	0.86191				2
2025.07.31	01:11:55.837	0.86192				2
2025.07.31	01:11:56.152	0.86191				2
2025.07.31	01:11:57.780	0.86192				2
2025.07.31	01:12:00.448	0.86193				2
2025.07.31	01:12:01.063	0.86191	0.86198			6
2025.07.31	01:12:03.934		0.86199			4
2025.07.31	01:12:05.113	0.86192				2
2025.07.31	01:12:09.328	0.86191				2
2025.07.31	01:12:11.443		0.86198			4
2025.07.31	01:12:18.647	0.86192				2
2025.07.31	01:12:21.840	0.86193				2
2025.07.31	01:12:24.386	0.86192				2
2025.07.31	01:13:01.787	0.86192				2
2025.07.31	01:13:03.673		0.86199			4
2025.07.31	01:13:04.422		0.86198			4
2025.07.31	01:13:06.933	0.86191	0.86197			6
2025.07.31	01:13:09.734		0.86198			4
2025.07.31	01:13:10.366	0.86188	0.86194			6
2025.07.31	01:13:11.616	0.86187	0.86193			6
2025.07.31	01:13:17.285		0.86194			4
2025.07.31	01:13:19.381		0.86193			4
2025.07.31	01:13:22.080		0.86194			4
2025.07.31	01:13:28.381	0.86188				2
2025.07.31	01:13:30.319		0.86195			4
2025.07.31	01:13:35.569		0.86196			4
2025.07.31	01:13:39.483	0.86190				2
2025.07.31	01:13:43.174	0.86191				2
2025.07.31	01:13:57.481	0.86190				2
2025.07.31	01:14:00.396	0.86188				2
2025.07.31	01:14:01.470		0.86195			4
2025.07.31	01:14:07.987		0.86194			4
2025.07.31	01:14:09.806		0.86195			4
2025.07.31	01:14:10.523		0.86194			4
2025.07.31	01:14:11.215	0.86187				2
2025.07.31	01:14:12.770	0.86189	0.86196			6
2025.07.31	01:14:13.089	0.86190				2
2025.07.31	01:14:13.548	0.86191				2
2025.07.31	01:14:16.980	0.86190				2
2025.07.31	01:14:18.646	0.86191				2
2025.07.31	01:14:20.155	0.86192	0.86198			6
2025.07.31	01:14:20.782		0.86197			4
2025.07.31	01:14:30.810	0.86191				2
2025.07.31	01:14:35.231	0.86192	0.86198			6
2025.07.31	01:14:43.080	0.86191				2
2025.07.31	01:14:47.948		0.86197			4
2025.07.31	01:14:50.976	0.86192				2
2025.07.31	01:15:00.965	0.86191				2
2025.07.31	01:15:01.442	0.86190				2
2025.07.31	01:15:04.094		0.86198			4
2025.07.31	01:15:05.885	0.86192				2
2025.07.31	01:15:09.061	0.86191	0.86197			6
2025.07.31	01:15:12.181	0.86190				2
2025.07.31	01:15:12.569		0.86198			4
2025.07.31	01:15:14.575	0.86191				2
2025.07.31	01:15:15.179	0.86190	0.86197			6
2025.07.31	01:15:16.644	0.86189				2
2025.07.31	01:15:20.880	0.86188	0.86196			6
2025.07.31	01:15:25.099	0.86189	0.86195			6
2025.07.31	01:15:27.316		0.86196			4
2025.07.31	01:15:29.050	0.86190				2
2025.07.31	01:15:45.779		0.86197			4
2025.07.31	01:15:47.549		0.86196			4
2025.07.31	01:15:49.668	0.86191	0.86197			6
2025.07.31	01:15:50.582		0.86198			4
2025.07.31	01:15:50.925	0.86192				2
2025.07.31	01:15:52.394	0.86194	0.86199			6
2025.07.31	01:15:52.966		0.86200			4
2025.07.31	01:15:53.450	0.86195				2
2025.07.31	01:15:55.569	0.86193				2
2025.07.31	01:15:56.014	0.86195	0.86201			6
2025.07.31	01:15:58.478	0.86194				2
2025.07.31	01:16:00.656	0.86194				2
2025.07.31	01:16:01.494	0.86195				2
2025.07.31	01:16:01.799	0.86192	0.86198			6
2025.07.31	01:16:02.151		0.86197			4
2025.07.31	01:16:03.996	0.86190				2
2025.07.31	01:16:07.980	0.86189				2
2025.07.31	01:16:08.797	0.86191	0.86199			6
2025.07.31	01:16:13.355	0.86192	0.86200			6
2025.07.31	01:16:24.770	0.86194	0.86201			6
2025.07.31	01:16:25.080	0.86193				2
2025.07.31	01:16:42.315		0.86203			4
2025.07.31	01:16:59.879		0.86201			4
2025.07.31	01:17:00.217	0.86193				2
2025.07.31	01:17:00.613	0.86194				2
2025.07.31	01:17:01.016	0.86191	0.86199			6
2025.07.31	01:17:02.227		0.86198			4
2025.07.31	01:17:03.589		0.86197			4
2025.07.31	01:17:06.034		0.86198			4
2025.07.31	01:17:15.007	0.86192				2
2025.07.31	01:17:16.071	0.86191				2
2025.07.31	01:17:19.009	0.86192				2
2025.07.31	01:17:25.370	0.86191				2
2025.07.31	01:17:25.919	0.86193	0.86200			6
2025.07.31	01:17:26.221	0.86194	0.86201			6
2025.07.31	01:17:35.335	0.86195	0.86203			6
2025.07.31	01:17:37.106	0.86194	0.86202			6
2025.07.31	01:17:41.394	0.86195				2
2025.07.31	01:17:42.196	0.86192				2
2025.07.31	01:17:44.880	0.86194				2
2025.07.31	01:17:46.980	0.86193				2
2025.07.31	01:17:47.925	0.86197	0.86204			6
2025.07.31	01:17:49.855		0.86205			4
2025.07.31	01:17:51.025	0.86198				2
2025.07.31	01:17:51.336	0.86196				2
2025.07.31	01:17:51.641	0.86197	0.86204			6
2025.07.31	01:17:51.957	0.86196				2
2025.07.31	01:17:56.638		0.86205			4
2025.07.31	01:17:57.182		0.86204			4
2025.07.31	01:17:57.910	0.86197				2
2025.07.31	01:17:58.352	0.86196				2
2025.07.31	01:18:00.413	0.86196				2
2025.07.31	01:18:03.365		0.86202			4
2025.07.31	01:18:03.745	0.86197	0.86203			6
2025.07.31	01:18:04.131	0.86199	0.86204			6
2025.07.31	01:18:04.506	0.86197	0.86203			6
2025.07.31	01:18:06.484	0.86198	0.86202			6
2025.07.31	01:18:09.545		0.86203			4
2025.07.31	01:18:12.181		0.86202			4
2025.07.31	01:18:12.556		0.86203			4
2025.07.31	01:18:13.316		0.86202			4
2025.07.31	01:18:14.382		0.86203			4
2025.07.31	01:18:15.445		0.86202			4
2025.07.31	01:18:16.357	0.86195	0.86201			6
2025.07.31	01:18:16.919	0.86194				2
2025.07.31	01:18:20.566		0.86202			4
2025.07.31	01:18:23.877	0.86193	0.86200			6
2025.07.31	01:18:36.180	0.86194				2
2025.07.31	01:18:36.764	0.86196				2
2025.07.31	01:18:38.800	0.86194				2
2025.07.31	01:18:40.766	0.86195				2
2025.07.31	01:18:44.586	0.86194				2
2025.07.31	01:18:45.963	0.86196				2
2025.07.31	01:19:01.016	0.86194				2
2025.07.31	01:19:16.382	0.86193				2
2025.07.31	01:19:18.956		0.86201			4
2025.07.31	01:19:24.380	0.86195				2
2025.07.31	01:19:57.383	0.86193				2
2025.07.31	01:19:57.701	0.86195				2
2025.07.31	01:20:00.188	0.86195				2
2025.07.31	01:20:13.954	0.86196				2
2025.07.31	01:20:20.674		0.86201			4
2025.07.31	01:20:23.502	0.86194				2
2025.07.31	01:20:33.206	0.86195				2
2025.07.31	01:20:37.531	0.86196				2
2025.07.31	01:20:45.544	0.86195				2
2025.07.31	01:20:53.327	0.86196				2
2025.07.31	01:21:02.880	0.86196				2
2025.07.31	01:21:04.869	0.86195				2
2025.07.31	01:21:09.781	0.86194				2
2025.07.31	01:21:10.772	0.86195				2
2025.07.31	01:21:21.227		0.86201			4
2025.07.31	01:21:23.499	0.86194				2
2025.07.31	01:21:32.365	0.86196				2
2025.07.31	01:21:38.396	0.86193	0.86199			6
2025.07.31	01:21:50.729	0.86192				2
2025.07.31	01:21:55.679	0.86193				2
2025.07.31	01:22:00.449	0.86194	0.86200			6
2025.07.31	01:22:01.874	0.86192	0.86197			6
2025.07.31	01:22:02.221	0.86191	0.86196			6
2025.07.31	01:22:07.893	0.86189	0.86195			6
2025.07.31	01:22:08.485		0.86196			4
2025.07.31	01:22:12.161	0.86187	0.86194			6
2025.07.31	01:22:22.712	0.86184	0.86191			6
2025.07.31	01:22:25.212	0.86183	0.86190			6
2025.07.31	01:22:29.125	0.86181	0.86187			6
2025.07.31	01:22:29.439	0.86179				2
2025.07.31	01:22:29.762	0.86181				2
2025.07.31	01:22:30.357	0.86178	0.86186			6
2025.07.31	01:22:31.183	0.86177	0.86184			6
2025.07.31	01:22:31.841	0.86173	0.86179			6
2025.07.31	01:22:32.160	0.86176	0.86184			6
2025.07.31	01:22:36.370	0.86178	0.86185			6
2025.07.31	01:22:37.231	0.86176	0.86184			6
2025.07.31	01:22:42.781	0.86179	0.86186			6
2025.07.31	01:22:47.263	0.86180	0.86187			6
2025.07.31	01:22:49.573	0.86182				2
2025.07.31	01:22:49.883	0.86183				2
2025.07.31	01:22:53.506	0.86182				2
2025.07.31	01:22:57.480	0.86183				2
2025.07.31	01:23:00.008	0.86183				2
2025.07.31	01:23:00.455	0.86184				2
2025.07.31	01:23:01.111	0.86185	0.86188			6
2025.07.31	01:23:01.667		0.86190			4
2025.07.31	01:23:02.153	0.86183				2
2025.07.31	01:23:03.925		0.86188			4
2025.07.31	01:23:11.451		0.86189			4
2025.07.31	01:23:13.705		0.86188			4
2025.07.31	01:23:17.286	0.86182				2
2025.07.31	01:23:18.702	0.86180				2
2025.07.31	01:23:24.291	0.86179	0.86186			6
2025.07.31	01:23:25.380	0.86180				2
2025.07.31	01:23:52.396	0.86181				2
2025.07.31	01:23:52.705	0.86180				2
2025.07.31	01:23:53.807	0.86182				2
2025.07.31	01:23:58.085	0.86181				2
2025.07.31	01:23:59.778		0.86187			4
2025.07.31	01:24:00.101	0.86181				2
2025.07.31	01:24:00.433	0.86182				2
2025.07.31	01:24:05.431	0.86181				2
2025.07.31	01:24:07.681	0.86182				2
2025.07.31	01:24:20.863	0.86181				2
2025.07.31	01:24:24.713	0.86178	0.86185			6
2025.07.31	01:24:35.151	0.86179				2
2025.07.31	01:24:40.066	0.86178				2
2025.07.31	01:24:50.354	0.86179				2
2025.07.31	01:24:50.974	0.86180				2
2025.07.31	01:24:56.705	0.86178				2
2025.07.31	01:25:00.453	0.86178				2
2025.07.31	01:25:15.332	0.86179	0.86186			6
2025.07.31	01:25:36.128	0.86180				2
2025.07.31	01:26:00.481	0.86180				2
2025.07.31	01:26:10.362		0.86187			4
2025.07.31	01:26:25.230	0.86183				2
2025.07.31	01:26:30.481	0.86182				2
2025.07.31	01:26:33.881	0.86183				2
2025.07.31	01:26:35.936	0.86184	0.86188			6
2025.07.31	01:26:43.347	0.86182	0.86187			6
2025.07.31	01:27:00.931	0.86182				2
2025.07.31	01:27:01.853	0.86181				2
2025.07.31	01:27:03.464		0.86186			4
2025.07.31	01:27:16.240	0.86182	0.86187			6
2025.07.31	01:27:16.548	0.86181				2
2025.07.31	01:27:38.482		0.86186			4
2025.07.31	01:28:01.187	0.86181				2
2025.07.31	01:28:05.837	0.86182				2
2025.07.31	01:28:15.629		0.86188			4
2025.07.31	01:28:15.975	0.86183				2
2025.07.31	01:28:16.280	0.86185	0.86190			6
2025.07.31	01:28:18.446	0.86186				2
2025.07.31	01:28:34.130		0.86191			4
2025.07.31	01:28:42.831	0.86185	0.86190			6
2025.07.31	01:28:47.283	0.86186				2
2025.07.31	01:28:48.171	0.86185				2
2025.07.31	01:28:51.473	0.86186				2
2025.07.31	01:28:52.163	0.86185				2
2025.07.31	01:29:00.405	0.86185				2
2025.07.31	01:29:08.577	0.86188	0.86192			6
2025.07.31	01:29:09.677	0.86187	0.86191			6
2025.07.31	01:29:11.809	0.86188	0.86192			6
2025.07.31	01:29:15.767	0.86189	0.86195			6
2025.07.31	01:29:18.350	0.86190				2
2025.07.31	01:29:22.416	0.86189	0.86194			6
2025.07.31	01:29:22.887		0.86195			4
2025.07.31	01:29:34.768		0.86194			4
2025.07.31	01:30:00.279	0.86189				2
2025.07.31	01:30:03.187	0.86191	0.86192			6
2025.07.31	01:30:06.849	0.86189	0.86194			6
2025.07.31	01:30:09.443	0.86187	0.86193			6
2025.07.31	01:30:09.747	0.86186				2
2025.07.31	01:30:14.972	0.86190	0.86195			6
2025.07.31	01:30:17.138	0.86189				2
2025.07.31	01:30:18.056	0.86191	0.86197			6
2025.07.31	01:30:19.300	0.86193				2
2025.07.31	01:30:22.984	0.86194				2
2025.07.31	01:30:23.549	0.86192	0.86196			6
2025.07.31	01:30:38.579	0.86191				2
2025.07.31	01:30:44.879	0.86192				2
2025.07.31	01:30:51.957	0.86191				2
2025.07.31	01:30:54.677	0.86190				2
2025.07.31	01:30:57.817	0.86191				2
2025.07.31	01:31:00.391	0.86193				2
2025.07.31	01:31:02.050	0.86192				2
2025.07.31	01:31:02.738	0.86193				2
2025.07.31	01:31:05.455		0.86197			4
2025.07.31	01:31:06.756	0.86195				2
2025.07.31	01:31:17.528	0.86194				2
2025.07.31	01:31:20.435		0.86198			4
2025.07.31	01:31:26.566	0.86193				2
2025.07.31	01:31:27.377		0.86197			4
2025.07.31	01:31:29.265	0.86191				2
2025.07.31	01:31:30.348	0.86192				2
2025.07.31	01:31:34.534	0.86193				2
2025.07.31	01:31:34.835		0.86198			4
2025.07.31	01:31:54.876	0.86192	0.86197			6
2025.07.31	01:32:00.761	0.86192				2
2025.07.31	01:32:17.580	0.86193				2
2025.07.31	01:32:22.079	0.86192				2
2025.07.31	01:32:26.854		0.86196			4
2025.07.31	01:32:27.868		0.86197			4
2025.07.31	01:32:31.961		0.86196			4
2025.07.31	01:32:37.594		0.86197			4
2025.07.31	01:32:48.772	0.86191	0.86196			6
2025.07.31	01:32:53.523	0.86192	0.86197			6
2025.07.31	01:33:00.447	0.86192				2
2025.07.31	01:33:01.553	0.86191	0.86195			6
2025.07.31	01:33:04.489	0.86193	0.86196			6
2025.07.31	01:33:06.873		0.86197			4
2025.07.31	01:33:09.894	0.86191	0.86196			6
2025.07.31	01:33:13.812	0.86192	0.86197			6
2025.07.31	01:33:25.168	0.86193	0.86198			6
2025.07.31	01:33:25.473	0.86194	0.86197			6
2025.07.31	01:33:27.673	0.86192				2
2025.07.31	01:33:30.781		0.86196			4
2025.07.31	01:33:32.472		0.86197			4
2025.07.31	01:33:33.571		0.86196			4
2025.07.31	01:33:41.662	0.86191				2
2025.07.31	01:33:42.001	0.86192	0.86197			6
2025.07.31	01:33:43.105	0.86193				2
2025.07.31	01:33:44.568	0.86195				2
2025.07.31	01:33:45.719	0.86194	0.86198			6
2025.07.31	01:33:46.051	0.86195				2
2025.07.31	01:33:47.334	0.86194				2
2025.07.31	01:33:58.578	0.86192	0.86197			6
2025.07.31	01:34:00.013	0.86192				2
2025.07.31	01:34:27.915	0.86191				2
2025.07.31	01:34:33.115	0.86192				2
2025.07.31	01:34:40.359		0.86196			4
2025.07.31	01:34:50.752	0.86193	0.86197			6
2025.07.31	01:34:54.508	0.86192				2
2025.07.31	01:34:56.333	0.86191	0.86196			6
2025.07.31	01:34:57.046	0.86192	0.86197			6
2025.07.31	01:34:57.427		0.86196			4
2025.07.31	01:34:59.269	0.86193	0.86197			6
2025.07.31	01:35:00.462	0.86193				2
2025.07.31	01:35:00.776	0.86191	0.86196			6
2025.07.31	01:35:05.392	0.86194	0.86198			6
2025.07.31	01:35:07.525	0.86193	0.86197			6
2025.07.31	01:35:09.289		0.86198			4
2025.07.31	01:35:13.028		0.86197			4
2025.07.31	01:35:14.234		0.86198			4
2025.07.31	01:35:25.456		0.86197			4
2025.07.31	01:35:31.441	0.86192				2
2025.07.31	01:35:35.124	0.86193				2
2025.07.31	01:35:35.430	0.86191	0.86196			6
2025.07.31	01:35:41.117	0.86189	0.86195			6
2025.07.31	01:35:45.901		0.86194			4
2025.07.31	01:35:51.972		0.86195			4
2025.07.31	01:35:56.206		0.86194			4
2025.07.31	01:35:59.290	0.86188	0.86193			6
2025.07.31	01:36:00.440	0.86188				2
2025.07.31	01:36:02.314		0.86194			4
2025.07.31	01:36:03.438	0.86189				2
2025.07.31	01:36:05.825	0.86191	0.86195			6
2025.07.31	01:36:10.410	0.86190				2
2025.07.31	01:36:11.712	0.86191				2
2025.07.31	01:36:20.674	0.86192				2
2025.07.31	01:36:24.780	0.86191				2
2025.07.31	01:36:48.115	0.86192				2
2025.07.31	01:36:51.628		0.86196			4
2025.07.31	01:36:51.941	0.86193				2
2025.07.31	01:36:56.583	0.86192				2
2025.07.31	01:36:58.712	0.86193				2
2025.07.31	01:37:00.317	0.86192				2
2025.07.31	01:37:03.466	0.86191				2
2025.07.31	01:37:07.937	0.86193	0.86197			6
2025.07.31	01:37:08.244	0.86192				2
2025.07.31	01:37:17.519	0.86191	0.86196			6
2025.07.31	01:37:21.711	0.86192				2
2025.07.31	01:37:29.581	0.86191				2
2025.07.31	01:37:42.810	0.86193				2
2025.07.31	01:37:50.762	0.86192				2
2025.07.31	01:37:54.862	0.86193	0.86197			6
2025.07.31	01:38:00.268	0.86194				2
2025.07.31	01:38:01.560	0.86192				2
2025.07.31	01:38:01.869	0.86193				2
2025.07.31	01:38:02.402	0.86192				2
2025.07.31	01:38:02.722	0.86193				2
2025.07.31	01:38:05.713	0.86192				2
2025.07.31	01:38:06.505	0.86191	0.86196			6
2025.07.31	01:38:06.829		0.86197			4
2025.07.31	01:38:11.467	0.86189	0.86195			6
2025.07.31	01:38:13.293	0.86190				2
2025.07.31	01:38:16.307		0.86196			4
2025.07.31	01:38:18.534	0.86192	0.86197			6
2025.07.31	01:38:33.710	0.86191	0.86196			6
2025.07.31	01:38:38.566	0.86190				2
2025.07.31	01:38:39.127	0.86191				2
2025.07.31	01:38:45.084	0.86190	0.86195			6
2025.07.31	01:39:00.124	0.86190				2
2025.07.31	01:39:24.554	0.86191				2
2025.07.31	01:39:27.014	0.86190				2
2025.07.31	01:39:40.698		0.86196			4
2025.07.31	01:39:52.037		0.86195			4
2025.07.31	01:39:52.883	0.86191	0.86196			6
2025.07.31	01:39:54.359	0.86192				2
2025.07.31	01:40:01.678	0.86192				2
2025.07.31	01:40:09.624	0.86193	0.86197			6
2025.07.31	01:40:12.443	0.86190	0.86196			6
2025.07.31	01:40:31.998	0.86189				2
2025.07.31	01:40:33.144	0.86190				2
2025.07.31	01:40:38.538	0.86189				2
2025.07.31	01:40:40.822	0.86190	0.86195			6
2025.07.31	01:40:44.329	0.86191	0.86196			6
2025.07.31	01:41:00.267	0.86194	0.86198			6
2025.07.31	01:41:00.573	0.86193				2
2025.07.31	01:41:00.874	0.86194				2
2025.07.31	01:41:08.907	0.86193				2
2025.07.31	01:41:10.293	0.86192	0.86197			6
2025.07.31	01:41:11.284	0.86193				2
2025.07.31	01:41:19.383	0.86192				2
2025.07.31	01:41:21.215	0.86195	0.86199			6
2025.07.31	01:41:24.112	0.86194				2
2025.07.31	01:41:25.394	0.86193	0.86198			6
2025.07.31	01:41:26.773	0.86192				2
2025.07.31	01:41:32.549	0.86191				2
2025.07.31	01:41:33.864	0.86188	0.86195			6
2025.07.31	01:41:37.320	0.86187	0.86194			6
2025.07.31	01:41:40.376		0.86193			4
2025.07.31	01:41:40.806	0.86186				2
2025.07.31	01:41:41.959	0.86189				2
2025.07.31	01:41:44.206		0.86194			4
2025.07.31	01:41:45.916		0.86195			4
2025.07.31	01:41:55.027		0.86194			4
2025.07.31	01:42:00.286	0.86189				2
2025.07.31	01:42:00.655		0.86195			4
2025.07.31	01:42:04.571	0.86187	0.86194			6
2025.07.31	01:42:04.914		0.86193			4
2025.07.31	01:42:05.221	0.86186				2
2025.07.31	01:42:06.832	0.86187				2
2025.07.31	01:42:09.460		0.86194			4
2025.07.31	01:42:22.108	0.86185	0.86191			6
2025.07.31	01:42:31.905		0.86193			4
2025.07.31	01:42:36.970	0.86186				2
2025.07.31	01:42:39.368	0.86185	0.86192			6
2025.07.31	01:42:44.550	0.86187				2
2025.07.31	01:42:48.349	0.86186				2
2025.07.31	01:42:50.097	0.86185				2
2025.07.31	01:42:52.056	0.86184	0.86191			6
2025.07.31	01:42:53.158	0.86185				2
2025.07.31	01:42:54.350	0.86184				2
2025.07.31	01:42:56.295	0.86185	0.86190			6
2025.07.31	01:42:56.603	0.86182	0.86189			6
2025.07.31	01:43:00.355	0.86182				2
2025.07.31	01:43:04.084		0.86188			4
2025.07.31	01:43:04.564	0.86181				2
2025.07.31	01:43:05.539		0.86187			4
2025.07.31	01:43:10.236	0.86180	0.86186			6
2025.07.31	01:43:20.828		0.86185			4
2025.07.31	01:43:21.137	0.86179				2
2025.07.31	01:43:21.461	0.86178	0.86184			6
2025.07.31	01:43:21.974	0.86177				2
2025.07.31	01:43:22.352		0.86183			4
2025.07.31	01:43:34.906	0.86178	0.86185			6
2025.07.31	01:43:41.534	0.86179				2
2025.07.31	01:43:44.063	0.86178	0.86184			6
2025.07.31	01:43:44.617		0.86183			4
2025.07.31	01:43:49.407	0.86177				2
2025.07.31	01:43:51.574	0.86178				2
2025.07.31	01:43:58.811	0.86179	0.86184			6
2025.07.31	01:44:00.389	0.86178	0.86185			6
2025.07.31	01:44:01.007	0.86179				2
2025.07.31	01:44:01.682	0.86178	0.86184			6
2025.07.31	01:44:02.737	0.86180	0.86185			6
2025.07.31	01:44:03.124	0.86179				2
2025.07.31	01:44:03.718	0.86182	0.86186			6
2025.07.31	01:44:06.918		0.86187			4
2025.07.31	01:44:30.091	0.86179	0.86183			6
2025.07.31	01:44:30.745		0.86184			4
2025.07.31	01:44:31.584	0.86178				2
2025.07.31	01:44:33.428		0.86183			4
2025.07.31	01:44:35.711		0.86184			4
2025.07.31	01:44:40.253		0.86183			4
2025.07.31	01:44:50.620	0.86181	0.86185			6
2025.07.31	01:44:59.895	0.86183	0.86189			6
2025.07.31	01:45:00.213	0.86181	0.86187			6
2025.07.31	01:45:00.521	0.86182				2
2025.07.31	01:45:01.272		0.86188			4
2025.07.31	01:45:01.669	0.86183				2
2025.07.31	01:45:03.932	0.86184				2
2025.07.31	01:45:11.564	0.86183				2
2025.07.31	01:45:11.891	0.86185	0.86190			6
2025.07.31	01:45:12.200		0.86189			4
2025.07.31	01:45:13.358		0.86190			4
2025.07.31	01:45:18.483		0.86189			4
2025.07.31	01:45:27.633	0.86184				2
2025.07.31	01:45:45.623	0.86185				2
2025.07.31	01:45:47.951		0.86190			4
2025.07.31	01:45:48.302	0.86184				2
2025.07.31	01:45:50.199		0.86189			4
2025.07.31	01:46:00.008	0.86184				2
2025.07.31	01:46:02.350	0.86185	0.86191			6
2025.07.31	01:46:02.661	0.86184	0.86190			6
2025.07.31	01:46:04.536		0.86191			4
2025.07.31	01:46:06.868	0.86183	0.86190			6
2025.07.31	01:46:13.091		0.86189			4
2025.07.31	01:46:13.495	0.86184	0.86190			6
2025.07.31	01:46:18.672	0.86185				2
2025.07.31	01:46:20.091		0.86189			4
2025.07.31	01:46:20.996	0.86184	0.86188			6
2025.07.31	01:46:22.693		0.86189			4
2025.07.31	01:46:25.332	0.86185				2
2025.07.31	01:46:27.594	0.86184				2
2025.07.31	01:46:27.899	0.86183				2
2025.07.31	01:46:28.214		0.86188			4
2025.07.31	01:46:30.357		0.86187			4
2025.07.31	01:46:42.051		0.86186			4
2025.07.31	01:46:42.410	0.86182				2
2025.07.31	01:46:44.974		0.86187			4
2025.07.31	01:46:47.378	0.86183				2
2025.07.31	01:46:48.664	0.86185	0.86190			6
2025.07.31	01:46:51.408		0.86189			4
2025.07.31	01:46:54.953	0.86186	0.86190			6
2025.07.31	01:47:00.533	0.86186				2
2025.07.31	01:47:03.572	0.86184	0.86189			6
2025.07.31	01:47:03.880	0.86185				2
2025.07.31	01:47:04.824	0.86184				2
2025.07.31	01:47:11.580	0.86185				2
2025.07.31	01:47:24.785	0.86184				2
2025.07.31	01:47:32.010	0.86185				2
2025.07.31	01:47:43.105	0.86184	0.86188			6
2025.07.31	01:47:45.190	0.86186	0.86191			6
2025.07.31	01:47:47.367	0.86188	0.86193			6
2025.07.31	01:47:49.574	0.86190	0.86194			6
2025.07.31	01:47:49.877		0.86195			4
2025.07.31	01:47:50.272		0.86194			4
2025.07.31	01:47:50.773	0.86191	0.86196			6
2025.07.31	01:47:52.139	0.86193				2
2025.07.31	01:47:54.191	0.86192				2
2025.07.31	01:47:56.696	0.86189	0.86193			6
2025.07.31	01:48:00.162	0.86189				2
2025.07.31	01:48:05.316	0.86188				2
2025.07.31	01:48:07.009		0.86194			4
2025.07.31	01:48:09.859	0.86191				2
2025.07.31	01:48:10.196		0.86195			4
2025.07.31	01:48:16.351	0.86190				2
2025.07.31	01:48:25.380	0.86191				2
2025.07.31	01:48:36.406	0.86192	0.86196			6
2025.07.31	01:48:38.852	0.86190				2
2025.07.31	01:48:43.738	0.86191				2
2025.07.31	01:48:45.229	0.86192				2
2025.07.31	01:49:00.741	0.86192				2
2025.07.31	01:49:20.359	0.86193				2
2025.07.31	01:49:24.180	0.86192				2
2025.07.31	01:49:26.893	0.86191				2
2025.07.31	01:49:32.316	0.86192				2
2025.07.31	01:49:36.829		0.86196			4
2025.07.31	01:49:39.402	0.86191	0.86195			6
2025.07.31	01:49:48.824	0.86190	0.86193			6
2025.07.31	01:49:49.874	0.86189				2
2025.07.31	01:50:00.978	0.86189				2
2025.07.31	01:50:09.969	0.86190	0.86195			6
2025.07.31	01:50:11.404		0.86196			4
2025.07.31	01:50:16.914	0.86191	0.86195			6
2025.07.31	01:50:19.800	0.86190	0.86196			6
2025.07.31	01:50:20.401	0.86192				2
2025.07.31	01:50:29.757	0.86191				2
2025.07.31	01:50:30.800		0.86195			4
2025.07.31	01:50:31.535	0.86190				2
2025.07.31	01:50:31.861	0.86191				2
2025.07.31	01:50:33.827	0.86190				2
2025.07.31	01:50:36.415	0.86191	0.86196			6
2025.07.31	01:50:47.617	0.86188	0.86192			6
2025.07.31	01:51:00.577	0.86189	0.86193			6
2025.07.31	01:51:07.426	0.86188	0.86192			6
2025.07.31	01:51:24.154	0.86187	0.86191			6
2025.07.31	01:51:25.460	0.86189	0.86193			6
2025.07.31	01:51:53.241	0.86191	0.86195			6
2025.07.31	01:51:54.541	0.86192				2
2025.07.31	01:51:56.446	0.86190				2
2025.07.31	01:51:58.866	0.86193	0.86196			6
2025.07.31	01:52:00.319	0.86191				2
2025.07.31	01:52:05.624	0.86186	0.86191			6
2025.07.31	01:52:10.224	0.86187				2
2025.07.31	01:52:15.820	0.86186				2
2025.07.31	01:52:22.290	0.86187				2
2025.07.31	01:52:29.662	0.86188	0.86192			6
2025.07.31	01:52:30.036	0.86189	0.86193			6
2025.07.31	01:52:31.947	0.86188	0.86192			6
2025.07.31	01:52:43.187	0.86189	0.86193			6
2025.07.31	01:52:51.055		0.86194			4
2025.07.31	01:52:51.465	0.86186	0.86191			6
2025.07.31	01:52:55.018	0.86187				2
2025.07.31	01:52:56.973	0.86188	0.86192			6
2025.07.31	01:53:00.454	0.86188	0.86191			6
2025.07.31	01:53:02.108		0.86192			4
2025.07.31	01:53:04.783	0.86187				2
2025.07.31	01:53:14.006	0.86186	0.86191			6
2025.07.31	01:53:14.988		0.86192			4
2025.07.31	01:53:16.057		0.86191			4
2025.07.31	01:53:19.062		0.86192			4
2025.07.31	01:53:19.959		0.86191			4
2025.07.31	01:53:25.185	0.86189	0.86193			6
2025.07.31	01:53:41.198	0.86192	0.86196			6
2025.07.31	01:53:51.353	0.86193				2
2025.07.31	01:53:55.383	0.86192				2
2025.07.31	01:53:55.862	0.86189	0.86194			6
2025.07.31	01:53:59.806	0.86188	0.86193			6
2025.07.31	01:54:00.367	0.86188				2
2025.07.31	01:54:17.385	0.86185	0.86188			6
2025.07.31	01:54:18.713		0.86189			4
2025.07.31	01:54:19.539		0.86188			4
2025.07.31	01:54:19.853		0.86189			4
2025.07.31	01:54:20.499	0.86184	0.86188			6
2025.07.31	01:54:22.385	0.86185	0.86189			6
2025.07.31	01:54:34.734		0.86190			4
2025.07.31	01:54:37.901		0.86189			4
2025.07.31	01:54:57.926	0.86188	0.86194			6
2025.07.31	01:54:58.244		0.86192			4
2025.07.31	01:54:58.666	0.86187	0.86191			6
2025.07.31	01:55:00.194	0.86187				2
2025.07.31	01:55:03.465	0.86186				2
2025.07.31	01:55:35.859	0.86185	0.86190			6
2025.07.31	01:55:37.204	0.86186				2
2025.07.31	01:55:47.835	0.86185				2
2025.07.31	01:55:55.192	0.86186				2
2025.07.31	01:55:57.436	0.86184				2
2025.07.31	01:56:00.445	0.86185				2
2025.07.31	01:56:09.881	0.86188	0.86192			6
2025.07.31	01:56:10.194	0.86189				2
2025.07.31	01:56:10.539		0.86193			4
2025.07.31	01:56:13.948		0.86192			4
2025.07.31	01:56:29.131		0.86193			4
2025.07.31	01:56:36.647	0.86188				2
2025.07.31	01:56:37.526		0.86192			4
2025.07.31	01:56:40.720		0.86193			4
2025.07.31	01:56:41.035		0.86194			4
2025.07.31	01:56:41.509		0.86193			4
2025.07.31	01:56:48.600	0.86189				2
2025.07.31	01:56:54.917	0.86184	0.86188			6
2025.07.31	01:56:55.242	0.86185	0.86190			6
2025.07.31	01:57:00.429	0.86185	0.86191			6
2025.07.31	01:57:08.813		0.86192			4
2025.07.31	01:57:09.963		0.86191			4
2025.07.31	01:57:10.462		0.86192			4
2025.07.31	01:57:15.936	0.86186				2
2025.07.31	01:57:27.410	0.86187				2
2025.07.31	01:57:30.209	0.86186				2
2025.07.31	01:57:30.847	0.86187				2
2025.07.31	01:57:31.158	0.86186				2
2025.07.31	01:57:32.074		0.86191			4
2025.07.31	01:57:32.397	0.86185				2
2025.07.31	01:57:38.204	0.86186				2
2025.07.31	01:57:48.492	0.86188	0.86194			6
2025.07.31	01:57:48.798	0.86189				2
2025.07.31	01:57:57.072	0.86190				2
2025.07.31	01:58:00.039	0.86190				2
2025.07.31	01:58:00.389		0.86195			4
2025.07.31	01:58:16.398	0.86189				2
2025.07.31	01:58:22.382	0.86190				2
2025.07.31	01:58:27.785	0.86189				2
2025.07.31	01:58:28.086	0.86190	0.86194			6
2025.07.31	01:58:30.165		0.86195			4
2025.07.31	01:58:40.322	0.86191	0.86196			6
2025.07.31	01:58:42.547	0.86190	0.86195			6
2025.07.31	01:59:00.450	0.86189	0.86194			6
2025.07.31	01:59:00.773		0.86195			4
2025.07.31	01:59:03.341	0.86188	0.86194			6
2025.07.31	01:59:21.501		0.86193			4
2025.07.31	01:59:26.702		0.86192			4
2025.07.31	01:59:28.308		0.86193			4
2025.07.31	01:59:30.385	0.86187				2
2025.07.31	01:59:30.844	0.86188				2
2025.07.31	01:59:41.163	0.86187				2
2025.07.31	01:59:52.379	0.86188				2
2025.07.31	01:59:57.872	0.86184	0.86189			6
2025.07.31	02:00:00.083	0.86183				2
2025.07.31	02:00:00.401	0.86185	0.86190			6
2025.07.31	02:00:00.743	0.86184				2
2025.07.31	02:00:01.478	0.86185	0.86189			6
2025.07.31	02:00:01.782	0.86186	0.86191			6
2025.07.31	02:00:02.090	0.86187	0.86192			6
2025.07.31	02:00:06.267	0.86188				2
2025.07.31	02:00:09.978	0.86187	0.86191			6
2025.07.31	02:00:10.298		0.86192			4
2025.07.31	02:00:11.798		0.86191			4
2025.07.31	02:00:16.707	0.86186				2
2025.07.31	02:00:17.039		0.86190			4
2025.07.31	02:00:17.361		0.86191			4
2025.07.31	02:00:20.047	0.86185				2
2025.07.31	02:00:21.414		0.86190			4
2025.07.31	02:00:23.639		0.86191			4
2025.07.31	02:00:24.461	0.86188	0.86192			6
2025.07.31	02:00:24.780	0.86189	0.86194			6
2025.07.31	02:00:25.903	0.86187	0.86192			6
2025.07.31	02:00:48.974		0.86191			4
2025.07.31	02:01:00.460	0.86187				2
2025.07.31	02:01:05.168		0.86190			4
2025.07.31	02:01:05.482	0.86186				2
2025.07.31	02:01:15.735		0.86192			4
2025.07.31	02:01:20.468	0.86187				2
2025.07.31	02:01:22.601	0.86184	0.86188			6
2025.07.31	02:01:23.373	0.86183				2
2025.07.31	02:01:24.384		0.86189			4
2025.07.31	02:01:26.221	0.86185	0.86190			6
2025.07.31	02:01:27.645	0.86184				2
2025.07.31	02:01:28.382	0.86185				2
2025.07.31	02:01:47.621		0.86191			4
2025.07.31	02:01:48.417		0.86190			4
2025.07.31	02:01:51.331	0.86183	0.86188			6
2025.07.31	02:01:51.669	0.86182	0.86187			6
2025.07.31	02:01:56.255	0.86184	0.86189			6
2025.07.31	02:01:57.669	0.86183	0.86188			6
2025.07.31	02:01:58.420	0.86184	0.86189			6
2025.07.31	02:02:00.448	0.86184	0.86188			6
2025.07.31	02:02:02.405	0.86187	0.86191			6
2025.07.31	02:02:03.355	0.86185	0.86189			6
2025.07.31	02:02:04.411	0.86186				2
2025.07.31	02:02:09.474		0.86190			4
2025.07.31	02:02:10.204	0.86185	0.86189			6
2025.07.31	02:02:17.704	0.86187				2
2025.07.31	02:02:18.083	0.86184	0.86188			6
2025.07.31	02:02:18.407	0.86185	0.86189			6
2025.07.31	02:02:25.168	0.86181	0.86185			6
2025.07.31	02:02:25.481	0.86182	0.86186			6
2025.07.31	02:02:26.168	0.86184	0.86188			6
2025.07.31	02:02:29.619	0.86187				2
2025.07.31	02:02:32.982	0.86184				2
2025.07.31	02:02:41.308	0.86185	0.86189			6
2025.07.31	02:02:41.620	0.86186				2
2025.07.31	02:02:42.397	0.86185				2
2025.07.31	02:02:44.425	0.86186				2
2025.07.31	02:03:00.448	0.86186				2
2025.07.31	02:03:01.542		0.86190			4
2025.07.31	02:03:06.398	0.86187				2
2025.07.31	02:03:14.408	0.86188	0.86192			6
2025.07.31	02:03:15.374		0.86193			4
2025.07.31	02:03:20.076	0.86187				2
2025.07.31	02:03:24.403	0.86188				2
2025.07.31	02:03:26.258	0.86187	0.86191			6
2025.07.31	02:03:29.705	0.86186				2
2025.07.31	02:03:30.408	0.86187				2
2025.07.31	02:03:32.380	0.86186				2
2025.07.31	02:03:46.396	0.86187				2
2025.07.31	02:03:54.747	0.86188				2
2025.07.31	02:03:56.464		0.86192			4
2025.07.31	02:04:00.497	0.86188				2
2025.07.31	02:04:14.284	0.86189				2
2025.07.31	02:04:29.076	0.86193	0.86194			6
2025.07.31	02:04:29.379	0.86192	0.86193			6
2025.07.31	02:04:32.709	0.86189	0.86192			6
2025.07.31	02:04:33.642	0.86188				2
2025.07.31	02:04:34.403	0.86189				2
2025.07.31	02:04:40.401		0.86193			4
2025.07.31	02:04:43.020	0.86191				2
2025.07.31	02:04:45.973		0.86194			4
2025.07.31	02:04:54.366	0.86190				2
2025.07.31	02:04:56.179	0.86188	0.86192			6
2025.07.31	02:05:00.447	0.86189	0.86193			6
2025.07.31	02:05:34.407	0.86190				2
2025.07.31	02:05:34.991	0.86189				2
2025.07.31	02:05:42.896		0.86194			4
2025.07.31	02:05:50.396	0.86190	0.86195			6
2025.07.31	02:05:52.129	0.86191				2
2025.07.31	02:05:54.427	0.86192				2
2025.07.31	02:05:56.370	0.86191				2
2025.07.31	02:06:00.185	0.86191				2
2025.07.31	02:06:02.438		0.86194			4
2025.07.31	02:06:04.390	0.86192				2
2025.07.31	02:06:46.058		0.86196			4
2025.07.31	02:06:53.986	0.86193	0.86197			6
2025.07.31	02:06:54.295	0.86191	0.86196			6
2025.07.31	02:07:03.637	0.86191				2
2025.07.31	02:07:15.707	0.86188	0.86193			6
2025.07.31	02:07:39.653		0.86192			4
2025.07.31	02:07:46.839		0.86193			4
2025.07.31	02:07:52.668	0.86189				2
2025.07.31	02:08:00.453	0.86189				2
2025.07.31	02:08:47.668		0.86193			4
2025.07.31	02:08:49.529	0.86190				2
2025.07.31	02:08:50.813	0.86189				2
2025.07.31	02:08:59.779	0.86190	0.86194			6
2025.07.31	02:09:00.375	0.86190				2
2025.07.31	02:09:06.241	0.86189	0.86192			6
2025.07.31	02:09:06.974	0.86188				2
2025.07.31	02:09:08.346	0.86189				2
2025.07.31	02:09:09.773		0.86193			4
2025.07.31	02:09:12.286	0.86190	0.86194			6
2025.07.31	02:09:28.403	0.86191	0.86195			6
2025.07.31	02:09:51.561	0.86192				2
2025.07.31	02:09:55.232	0.86193				2
2025.07.31	02:09:56.400	0.86191				2
2025.07.31	02:09:58.706	0.86190	0.86194			6
2025.07.31	02:10:00.008	0.86188	0.86192			6
2025.07.31	02:10:00.318	0.86189				2
2025.07.31	02:10:06.778	0.86187	0.86191			6
2025.07.31	02:10:13.345	0.86188				2
2025.07.31	02:10:31.381	0.86187				2
2025.07.31	02:11:01.187	0.86187				2
2025.07.31	02:11:01.594	0.86188	0.86192			6
2025.07.31	02:11:47.035		0.86191			4
2025.07.31	02:11:55.809		0.86192			4
2025.07.31	02:11:56.856	0.86187	0.86191			6
2025.07.31	02:12:00.110	0.86187				2
2025.07.31	02:12:00.417	0.86188				2
2025.07.31	02:12:01.809	0.86185	0.86189			6
2025.07.31	02:12:06.624	0.86186	0.86190			6
2025.07.31	02:13:00.903	0.86186				2
2025.07.31	02:13:06.686		0.86190			4
2025.07.31	02:13:13.902	0.86185	0.86189			6
2025.07.31	02:13:22.813	0.86187	0.86190			6
2025.07.31	02:13:40.163	0.86186				2
2025.07.31	02:13:54.424	0.86185	0.86189			6
2025.07.31	02:14:01.389	0.86185				2
2025.07.31	02:14:15.431	0.86187	0.86191			6
2025.07.31	02:14:34.747		0.86190			4
2025.07.31	02:15:00.306	0.86187				2
2025.07.31	02:15:26.509		0.86191			4
2025.07.31	02:15:40.451	0.86188				2
2025.07.31	02:15:47.002	0.86187				2
2025.07.31	02:15:54.576	0.86188				2
2025.07.31	02:15:56.362	0.86189	0.86193			6
2025.07.31	02:15:58.322	0.86190	0.86194			6
2025.07.31	02:16:00.466	0.86190				2
2025.07.31	02:16:00.866	0.86189	0.86192			6
2025.07.31	02:16:02.343	0.86188				2
2025.07.31	02:16:03.677	0.86190	0.86193			6
2025.07.31	02:16:05.163		0.86192			4
2025.07.31	02:16:16.305	0.86191	0.86195			6
2025.07.31	02:17:00.285	0.86191				2
2025.07.31	02:17:03.816	0.86192				2
2025.07.31	02:17:04.520	0.86193				2
2025.07.31	02:17:04.858	0.86192				2
2025.07.31	02:17:05.586	0.86193				2
2025.07.31	02:17:09.122		0.86196			4
2025.07.31	02:17:09.440	0.86192				2
2025.07.31	02:17:20.650	0.86189	0.86193			6
2025.07.31	02:17:43.104		0.86192			4
2025.07.31	02:17:47.124	0.86188	0.86191			6
2025.07.31	02:17:47.632		0.86192			4
2025.07.31	02:17:51.076	0.86189	0.86193			6
2025.07.31	02:17:51.380	0.86192	0.86196			6
2025.07.31	02:17:52.406	0.86191	0.86195			6
2025.07.31	02:17:54.349	0.86193				2
2025.07.31	02:17:54.659		0.86196			4
2025.07.31	02:17:55.042	0.86192				2
2025.07.31	02:18:00.055	0.86192				2
2025.07.31	02:18:04.376	0.86191	0.86195			6
2025.07.31	02:18:13.077		0.86196			4
2025.07.31	02:18:14.713		0.86195			4
2025.07.31	02:18:21.264	0.86190				2
2025.07.31	02:18:24.528	0.86191				2
2025.07.31	02:18:39.661	0.86192				2
2025.07.31	02:18:40.819	0.86191				2
2025.07.31	02:19:01.334	0.86191				2
2025.07.31	02:19:03.677	0.86192				2
2025.07.31	02:19:03.979	0.86190	0.86194			6
2025.07.31	02:19:04.377	0.86192	0.86195			6
2025.07.31	02:19:05.409	0.86191				2
2025.07.31	02:19:10.106	0.86193				2
2025.07.31	02:19:10.949		0.86196			4
2025.07.31	02:19:31.881	0.86192	0.86195			6
2025.07.31	02:19:32.564	0.86191				2
2025.07.31	02:19:36.844	0.86193				2
2025.07.31	02:19:38.162		0.86197			4
2025.07.31	02:19:48.878	0.86194				2
2025.07.31	02:19:53.893	0.86193				2
2025.07.31	02:19:57.230	0.86194				2
2025.07.31	02:19:59.072	0.86193				2
2025.07.31	02:20:01.292	0.86193				2
2025.07.31	02:20:04.022	0.86191	0.86195			6
2025.07.31	02:20:19.282	0.86193	0.86196			6
2025.07.31	02:20:20.352	0.86192	0.86195			6
2025.07.31	02:20:20.935	0.86191				2
2025.07.31	02:20:22.337	0.86192				2
2025.07.31	02:20:39.594	0.86193	0.86196			6
2025.07.31	02:20:42.644	0.86192				2
2025.07.31	02:20:51.482	0.86193				2
2025.07.31	02:20:53.947	0.86192				2
2025.07.31	02:20:56.011	0.86193				2
2025.07.31	02:21:00.353	0.86193				2
2025.07.31	02:21:04.678	0.86192				2
2025.07.31	02:21:09.499	0.86193				2
2025.07.31	02:21:25.062	0.86192				2
2025.07.31	02:21:39.299	0.86193				2
2025.07.31	02:21:39.601	0.86192	0.86196			6
2025.07.31	02:21:40.466	0.86193				2
2025.07.31	02:21:41.392	0.86192				2
2025.07.31	02:21:45.324	0.86191	0.86195			6
2025.07.31	02:22:00.054	0.86191				2
2025.07.31	02:22:01.684	0.86192				2
2025.07.31	02:22:07.795	0.86191				2
2025.07.31	02:22:08.373	0.86192				2
2025.07.31	02:22:08.943	0.86191				2
2025.07.31	02:22:13.582	0.86190	0.86194			6
2025.07.31	02:22:32.257		0.86195			4
2025.07.31	02:22:35.572		0.86194			4
2025.07.31	02:23:00.432	0.86190				2
2025.07.31	02:23:30.795	0.86189	0.86193			6
2025.07.31	02:23:48.658	0.86191	0.86195			6
2025.07.31	02:23:49.610	0.86190	0.86194			6
2025.07.31	02:23:49.956	0.86191	0.86195			6
2025.07.31	02:24:00.311	0.86191				2
2025.07.31	02:24:34.390	0.86189	0.86193			6
2025.07.31	02:24:59.377	0.86192	0.86195			6
2025.07.31	02:25:00.425	0.86191				2
2025.07.31	02:25:04.789	0.86190	0.86194			6
2025.07.31	02:25:12.374	0.86192	0.86195			6
2025.07.31	02:25:15.217	0.86191				2
2025.07.31	02:25:26.164	0.86192				2
2025.07.31	02:25:44.019	0.86191				2
2025.07.31	02:26:00.681	0.86192				2
2025.07.31	02:26:07.387		0.86196			4
2025.07.31	02:26:34.586	0.86190	0.86194			6
2025.07.31	02:26:40.955		0.86193			4
2025.07.31	02:26:42.192	0.86191	0.86195			6
2025.07.31	02:26:43.898		0.86194			4
2025.07.31	02:26:44.414		0.86195			4
2025.07.31	02:26:45.370	0.86190	0.86193			6
2025.07.31	02:26:47.903		0.86194			4
2025.07.31	02:27:00.319	0.86190				2
2025.07.31	02:27:36.409	0.86191	0.86195			6
2025.07.31	02:27:55.384	0.86192	0.86196			6
2025.07.31	02:27:55.886	0.86193				2
2025.07.31	02:27:59.605	0.86194	0.86197			6
2025.07.31	02:28:00.003	0.86194				2
2025.07.31	02:28:01.266		0.86199			4
2025.07.31	02:28:04.814	0.86195				2
2025.07.31	02:28:05.809	0.86194				2
2025.07.31	02:28:20.579	0.86195				2
2025.07.31	02:28:21.414	0.86194	0.86197			6
2025.07.31	02:28:35.563		0.86198			4
2025.07.31	02:28:52.432	0.86193	0.86197			6
2025.07.31	02:28:53.644	0.86195				2
2025.07.31	02:28:53.962	0.86193				2
2025.07.31	02:28:55.703	0.86194				2
2025.07.31	02:28:57.041	0.86191	0.86195			6
2025.07.31	02:28:57.810	0.86192				2
2025.07.31	02:28:59.735	0.86191				2
2025.07.31	02:29:00.526	0.86191				2
2025.07.31	02:29:01.026	0.86192				2
2025.07.31	02:29:07.553	0.86194	0.86197			6
2025.07.31	02:29:08.502	0.86193				2
2025.07.31	02:29:09.716	0.86192	0.86195			6
2025.07.31	02:29:10.019	0.86191				2
2025.07.31	02:29:11.017	0.86192				2
2025.07.31	02:29:17.923	0.86191				2
2025.07.31	02:29:18.334	0.86192				2
2025.07.31	02:29:28.021	0.86193	0.86196			6
2025.07.31	02:29:29.833	0.86192	0.86194			6
2025.07.31	02:29:30.135		0.86195			4
2025.07.31	02:29:30.437	0.86193	0.86197			6
2025.07.31	02:29:31.536		0.86196			4
2025.07.31	02:29:31.839		0.86195			4
2025.07.31	02:29:32.142		0.86197			4
2025.07.31	02:29:32.452		0.86195			4
2025.07.31	02:29:32.973		0.86196			4
2025.07.31	02:29:35.680		0.86197			4
2025.07.31	02:29:38.164		0.86196			4
2025.07.31	02:29:38.491		0.86197			4
2025.07.31	02:29:48.419	0.86191	0.86195			6
2025.07.31	02:29:57.157		0.86194			4
2025.07.31	02:30:00.083	0.86190				2
2025.07.31	02:30:00.443	0.86191				2
2025.07.31	02:30:01.541	0.86190				2
2025.07.31	02:30:07.419	0.86191				2
2025.07.31	02:30:13.435	0.86192				2
2025.07.31	02:30:14.399	0.86194	0.86196			6
2025.07.31	02:30:32.830	0.86191	0.86194			6
2025.07.31	02:30:33.226		0.86195			4
2025.07.31	02:30:40.451		0.86196			4
2025.07.31	02:30:42.250		0.86195			4
2025.07.31	02:30:48.387	0.86193	0.86196			6
2025.07.31	02:30:50.418		0.86197			4
2025.07.31	02:30:55.056	0.86194	0.86199			6
2025.07.31	02:30:55.677	0.86197				2
2025.07.31	02:30:55.981		0.86200			4
2025.07.31	02:31:00.256	0.86197				2
2025.07.31	02:31:02.657	0.86198				2
2025.07.31	02:31:03.709	0.86195				2
2025.07.31	02:31:26.155		0.86199			4
2025.07.31	02:31:42.344	0.86194	0.86198			6
2025.07.31	02:31:46.776	0.86198	0.86201			6
2025.07.31	02:31:54.861	0.86196	0.86200			6
2025.07.31	02:31:59.545	0.86198	0.86201			6
2025.07.31	02:32:00.370	0.86198				2
2025.07.31	02:32:18.662	0.86199				2
2025.07.31	02:32:19.810	0.86198				2
2025.07.31	02:32:45.854	0.86199				2
2025.07.31	02:32:54.649		0.86202			4
2025.07.31	02:33:00.537	0.86199				2
2025.07.31	02:33:13.200	0.86201	0.86205			6
2025.07.31	02:33:13.502		0.86204			4
2025.07.31	02:33:14.341	0.86202	0.86205			6
2025.07.31	02:33:16.172	0.86201				2
2025.07.31	02:33:19.380	0.86202				2
2025.07.31	02:33:32.687	0.86203				2
2025.07.31	02:33:37.072	0.86199	0.86203			6
2025.07.31	02:33:38.403		0.86202			4
2025.07.31	02:33:39.131		0.86201			4
2025.07.31	02:33:43.381	0.86198				2
2025.07.31	02:33:45.306	0.86199				2
2025.07.31	02:33:54.410		0.86202			4
2025.07.31	02:33:55.618		0.86201			4
2025.07.31	02:33:56.190		0.86202			4
2025.07.31	02:34:00.394	0.86199				2
2025.07.31	02:34:50.920	0.86200				2
2025.07.31	02:34:54.138	0.86202	0.86204			6
2025.07.31	02:34:54.457		0.86205			4
2025.07.31	02:34:56.448	0.86203				2
2025.07.31	02:35:00.904	0.86203				2
2025.07.31	02:35:06.495	0.86202	0.86204			6
2025.07.31	02:35:08.059	0.86201				2
2025.07.31	02:35:12.298	0.86202				2
2025.07.31	02:35:18.933	0.86201	0.86203			6
2025.07.31	02:35:20.637	0.86200				2
2025.07.31	02:35:24.368		0.86202			4
2025.07.31	02:35:24.996		0.86203			4
2025.07.31	02:35:40.977		0.86202			4
2025.07.31	02:35:44.648		0.86203			4
2025.07.31	02:35:58.461		0.86202			4
2025.07.31	02:35:59.072		0.86203			4
2025.07.31	02:36:01.075	0.86200				2
2025.07.31	02:36:13.268	0.86202	0.86205			6
2025.07.31	02:36:18.573	0.86203	0.86206			6
2025.07.31	02:36:30.777	0.86202				2
2025.07.31	02:36:47.715		0.86205			4
2025.07.31	02:36:48.073		0.86206			4
2025.07.31	02:36:49.931		0.86205			4
2025.07.31	02:36:50.282		0.86206			4
2025.07.31	02:36:57.892	0.86199	0.86203			6
2025.07.31	02:37:00.025	0.86199				2
2025.07.31	02:37:03.062	0.86201				2
2025.07.31	02:37:03.379		0.86204			4
2025.07.31	02:37:04.896	0.86200				2
2025.07.31	02:37:06.419	0.86201				2
2025.07.31	02:37:06.780	0.86202				2
2025.07.31	02:37:07.799	0.86204	0.86206			6
2025.07.31	02:37:08.741	0.86205				2
2025.07.31	02:37:19.301	0.86204				2
2025.07.31	02:37:40.587	0.86205	0.86207			6
2025.07.31	02:37:43.012	0.86202	0.86205			6
2025.07.31	02:37:47.238		0.86206			4
2025.07.31	02:38:00.281	0.86202				2
2025.07.31	02:38:06.864	0.86204				2
2025.07.31	02:38:07.169	0.86203				2
2025.07.31	02:38:07.471	0.86204				2
2025.07.31	02:38:23.619	0.86205	0.86207			6
2025.07.31	02:38:46.256	0.86203	0.86206			6
2025.07.31	02:39:00.242	0.86205				2
2025.07.31	02:39:04.533		0.86207			4
2025.07.31	02:39:10.743	0.86204				2
2025.07.31	02:39:11.603	0.86206				2
2025.07.31	02:39:15.238	0.86204				2
2025.07.31	02:39:18.636	0.86207	0.86210			6
2025.07.31	02:39:19.808	0.86204	0.86207			6
2025.07.31	02:39:21.755	0.86206	0.86209			6
2025.07.31	02:39:22.814	0.86207	0.86212			6
2025.07.31	02:39:23.874		0.86211			4
2025.07.31	02:39:29.384	0.86209	0.86212			6
2025.07.31	02:39:34.126	0.86208	0.86211			6
2025.07.31	02:39:35.926	0.86209	0.86212			6
2025.07.31	02:39:39.483		0.86211			4
2025.07.31	02:39:44.209	0.86205	0.86208			6
2025.07.31	02:39:44.549	0.86204				2
2025.07.31	02:40:00.923	0.86202	0.86206			6
2025.07.31	02:40:01.259	0.86203				2
2025.07.31	02:40:01.564		0.86207			4
2025.07.31	02:40:02.629	0.86202				2
2025.07.31	02:40:07.476	0.86198	0.86200			6
2025.07.31	02:40:09.303		0.86201			4
2025.07.31	02:40:09.649	0.86200				2
2025.07.31	02:40:13.669	0.86202	0.86205			6
2025.07.31	02:40:14.213	0.86203	0.86206			6
2025.07.31	02:40:17.977	0.86202				2
2025.07.31	02:40:20.588		0.86205			4
2025.07.31	02:40:23.486		0.86206			4
2025.07.31	02:40:23.802	0.86204	0.86207			6
2025.07.31	02:40:25.673	0.86203				2
2025.07.31	02:40:26.034	0.86204	0.86208			6
2025.07.31	02:40:28.907	0.86203	0.86207			6
2025.07.31	02:40:32.537	0.86205	0.86208			6
2025.07.31	02:40:33.194		0.86209			4
2025.07.31	02:40:35.169		0.86208			4
2025.07.31	02:40:35.771	0.86203	0.86207			6
2025.07.31	02:40:37.499	0.86201	0.86204			6
2025.07.31	02:40:40.097	0.86202	0.86205			6
2025.07.31	02:40:40.949	0.86201				2
2025.07.31	02:40:45.262	0.86202				2
2025.07.31	02:40:47.613	0.86203				2
2025.07.31	02:40:49.553	0.86202	0.86204			6
2025.07.31	02:40:56.390		0.86205			4
2025.07.31	02:40:56.774	0.86203	0.86206			6
2025.07.31	02:40:59.216		0.86205			4
2025.07.31	02:41:00.260	0.86204	0.86206			6
2025.07.31	02:41:01.236	0.86203				2
2025.07.31	02:41:01.800		0.86205			4
2025.07.31	02:41:02.389	0.86202	0.86206			6
2025.07.31	02:41:02.722	0.86203	0.86205			6
2025.07.31	02:41:06.874	0.86202	0.86206			6
2025.07.31	02:41:07.261	0.86203				2
2025.07.31	02:41:10.718	0.86202				2
2025.07.31	02:41:11.969		0.86205			4
2025.07.31	02:41:12.343	0.86204	0.86207			6
2025.07.31	02:41:12.658	0.86205				2
2025.07.31	02:41:13.022		0.86206			4
2025.07.31	02:41:13.598		0.86207			4
2025.07.31	02:41:15.926	0.86204				2
2025.07.31	02:41:25.388	0.86203	0.86206			6
2025.07.31	02:41:25.712	0.86201	0.86205			6
2025.07.31	02:41:31.373		0.86204			4
2025.07.31	02:41:33.598		0.86205			4
2025.07.31	02:41:41.095		0.86203			4
2025.07.31	02:41:41.926	0.86202	0.86206			6
2025.07.31	02:41:44.304	0.86199	0.86203			6
2025.07.31	02:41:50.346	0.86200				2
2025.07.31	02:41:51.034	0.86201	0.86204			6
2025.07.31	02:41:58.851	0.86199	0.86201			6
2025.07.31	02:42:00.339	0.86199				2
2025.07.31	02:42:29.948	0.86202	0.86207			6
2025.07.31	02:42:30.313	0.86203				2
2025.07.31	02:42:34.310		0.86206			4
2025.07.31	02:42:41.619	0.86202				2
2025.07.31	02:42:44.818	0.86203				2
2025.07.31	02:42:49.536	0.86204				2
2025.07.31	02:42:51.261	0.86203	0.86205			6
2025.07.31	02:42:53.383		0.86207			4
2025.07.31	02:42:55.476		0.86206			4
2025.07.31	02:42:57.656		0.86207			4
2025.07.31	02:43:00.742	0.86203				2
2025.07.31	02:43:06.191		0.86206			4
2025.07.31	02:43:06.529		0.86205			4
2025.07.31	02:43:10.381	0.86202				2
2025.07.31	02:43:21.038	0.86203				2
2025.07.31	02:43:35.455	0.86204	0.86206			6
2025.07.31	02:43:50.095	0.86203				2
2025.07.31	02:44:00.980	0.86203				2
2025.07.31	02:44:03.241		0.86207			4
2025.07.31	02:44:18.871	0.86205				2
2025.07.31	02:44:28.343	0.86203				2
2025.07.31	02:44:28.659	0.86202	0.86205			6
2025.07.31	02:44:53.817	0.86201				2
2025.07.31	02:44:59.760	0.86203	0.86208			6
2025.07.31	02:45:00.081	0.86203	0.86207			6
2025.07.31	02:45:00.385		0.86206			4
2025.07.31	02:45:01.713	0.86202	0.86205			6
2025.07.31	02:45:10.973		0.86206			4
2025.07.31	02:45:22.961		0.86205			4
2025.07.31	02:45:23.331	0.86201				2
2025.07.31	02:45:28.373	0.86203	0.86208			6
2025.07.31	02:45:31.600	0.86204				2
2025.07.31	02:45:43.803		0.86209			4
2025.07.31	02:45:48.539		0.86208			4
2025.07.31	02:45:48.891		0.86209			4
2025.07.31	02:45:51.304	0.86205				2
2025.07.31	02:45:51.921		0.86208			4
2025.07.31	02:45:52.642	0.86204	0.86209			6
2025.07.31	02:45:56.197	0.86203	0.86207			6
2025.07.31	02:46:00.377	0.86205	0.86208			6
2025.07.31	02:46:03.618	0.86204				2
2025.07.31	02:46:04.855	0.86203	0.86205			6
2025.07.31	02:46:08.346		0.86206			4
2025.07.31	02:46:37.037	0.86202				2
2025.07.31	02:46:38.748	0.86203				2
2025.07.31	02:46:41.905	0.86200	0.86204			6
2025.07.31	02:46:42.216		0.86203			4
2025.07.31	02:46:43.273		0.86204			4
2025.07.31	02:46:44.412	0.86199	0.86202			6
2025.07.31	02:46:45.339	0.86200	0.86203			6
2025.07.31	02:46:45.697	0.86202	0.86204			6
2025.07.31	02:46:46.381	0.86201	0.86203			6
2025.07.31	02:46:48.423		0.86204			4
2025.07.31	02:47:00.153	0.86201	0.86203			6
2025.07.31	02:47:00.561		0.86204			4
2025.07.31	02:47:02.994	0.86203	0.86206			6
2025.07.31	02:47:03.312	0.86202	0.86205			6
2025.07.31	02:47:12.374	0.86203				2
2025.07.31	02:47:14.964	0.86202				2
2025.07.31	02:47:15.290	0.86201	0.86204			6
2025.07.31	02:47:26.025	0.86202	0.86206			6
2025.07.31	02:47:34.386	0.86203	0.86205			6
2025.07.31	02:47:38.298		0.86204			4
2025.07.31	02:47:41.717	0.86201				2
2025.07.31	02:47:44.318	0.86202				2
2025.07.31	02:47:50.742	0.86201				2
2025.07.31	02:47:59.356	0.86203				2
2025.07.31	02:47:59.980	0.86201				2
2025.07.31	02:48:00.354	0.86199				2
2025.07.31	02:48:00.761	0.86200				2
2025.07.31	02:48:01.792	0.86199				2
2025.07.31	02:48:03.004	0.86201				2
2025.07.31	02:48:03.640	0.86202				2
2025.07.31	02:48:03.984	0.86201				2
2025.07.31	02:48:04.354	0.86202				2
2025.07.31	02:48:07.132	0.86201				2
2025.07.31	02:48:08.345	0.86200				2
2025.07.31	02:48:10.227	0.86203				2
2025.07.31	02:48:11.413		0.86205			4
2025.07.31	02:48:15.660	0.86204	0.86207			6
2025.07.31	02:48:16.080		0.86206			4
2025.07.31	02:48:16.383		0.86207			4
2025.07.31	02:48:21.546		0.86205			4
2025.07.31	02:48:21.850	0.86203				2
2025.07.31	02:48:26.734	0.86204				2
2025.07.31	02:48:29.490		0.86206			4
2025.07.31	02:48:30.823		0.86207			4
2025.07.31	02:48:43.623		0.86206			4
2025.07.31	02:48:46.713	0.86208	0.86210			6
2025.07.31	02:48:47.020	0.86206	0.86211			6
2025.07.31	02:48:56.422	0.86205	0.86208			6
2025.07.31	02:48:56.980		0.86207			4
2025.07.31	02:48:57.436		0.86206			4
2025.07.31	02:49:00.409	0.86206	0.86207			6
2025.07.31	02:49:02.895	0.86207	0.86208			6
2025.07.31	02:49:06.873	0.86204	0.86205			6
2025.07.31	02:49:08.223	0.86203				2
2025.07.31	02:49:08.637	0.86205	0.86206			6
2025.07.31	02:49:10.234	0.86204				2
2025.07.31	02:49:22.942	0.86202				2
2025.07.31	02:49:32.600	0.86203				2
2025.07.31	02:49:33.498	0.86202				2
2025.07.31	02:49:40.697	0.86203				2
2025.07.31	02:49:54.002	0.86204				2
2025.07.31	02:50:00.326	0.86203	0.86208			6
2025.07.31	02:50:02.528		0.86207			4
2025.07.31	02:50:07.342		0.86206			4
2025.07.31	02:50:10.264	0.86204				2
2025.07.31	02:50:14.472	0.86203				2
2025.07.31	02:50:16.246		0.86207			4
2025.07.31	02:50:19.637	0.86199	0.86204			6
2025.07.31	02:50:19.993	0.86201				2
2025.07.31	02:50:20.798	0.86200				2
2025.07.31	02:50:22.411	0.86199				2
2025.07.31	02:50:27.854	0.86200	0.86206			6
2025.07.31	02:50:28.299		0.86204			4
2025.07.31	02:50:28.604		0.86205			4
2025.07.31	02:50:31.655	0.86199				2
2025.07.31	02:50:33.123		0.86206			4
2025.07.31	02:50:33.449		0.86205			4
2025.07.31	02:50:36.953	0.86204	0.86206			6
2025.07.31	02:50:38.032		0.86207			4
2025.07.31	02:50:43.320	0.86200	0.86205			6
2025.07.31	02:50:45.552		0.86204			4
2025.07.31	02:51:00.397	0.86200				2
2025.07.31	02:51:02.044	0.86201				2
2025.07.31	02:51:06.354	0.86199				2
2025.07.31	02:51:30.314	0.86200				2
2025.07.31	02:51:45.969		0.86204			4
2025.07.31	02:51:51.895	0.86201	0.86203			6
2025.07.31	02:51:55.657	0.86200				2
2025.07.31	02:52:00.475	0.86201	0.86204			6
2025.07.31	02:52:01.820	0.86199	0.86203			6
2025.07.31	02:52:02.349	0.86198	0.86202			6
2025.07.31	02:52:02.733	0.86200	0.86203			6
2025.07.31	02:52:03.052	0.86198				2
2025.07.31	02:52:19.787	0.86199				2
2025.07.31	02:52:26.742	0.86198				2
2025.07.31	02:52:32.424	0.86201	0.86204			6
2025.07.31	02:52:34.304	0.86202				2
2025.07.31	02:52:38.041	0.86200				2
2025.07.31	02:52:44.360	0.86199				2
2025.07.31	02:52:44.845	0.86200				2
2025.07.31	02:52:59.901	0.86201				2
2025.07.31	02:53:00.464	0.86199				2
2025.07.31	02:53:00.956	0.86200				2
2025.07.31	02:53:02.427	0.86201				2
2025.07.31	02:53:11.396	0.86202				2
2025.07.31	02:53:34.192	0.86203	0.86207			6
2025.07.31	02:53:34.737		0.86206			4
2025.07.31	02:53:35.098	0.86204				2
2025.07.31	02:53:40.522	0.86202				2
2025.07.31	02:53:42.406	0.86201				2
2025.07.31	02:53:42.718	0.86203				2
2025.07.31	02:53:44.803	0.86205				2
2025.07.31	02:53:46.345	0.86204	0.86205			6
2025.07.31	02:53:46.647	0.86203				2
2025.07.31	02:53:49.170	0.86202				2
2025.07.31	02:53:58.293		0.86206			4
2025.07.31	02:53:59.300	0.86201				2
2025.07.31	02:54:06.308	0.86202				2
2025.07.31	02:54:16.400		0.86205			4
2025.07.31	02:54:18.307	0.86204	0.86206			6
2025.07.31	02:54:18.992	0.86203				2
2025.07.31	02:54:19.985	0.86204				2
2025.07.31	02:54:21.573	0.86203				2
2025.07.31	02:54:22.074	0.86204				2
2025.07.31	02:54:23.117	0.86203				2
2025.07.31	02:54:26.506	0.86204				2
2025.07.31	02:54:39.197	0.86205				2
2025.07.31	02:54:42.336	0.86204				2
2025.07.31	02:54:44.384	0.86203				2
2025.07.31	02:54:49.384	0.86204				2
2025.07.31	02:54:49.821	0.86205				2
2025.07.31	02:54:51.642	0.86206	0.86207			6
2025.07.31	02:54:55.141	0.86205	0.86206			6
2025.07.31	02:55:00.181	0.86205				2
2025.07.31	02:55:01.379	0.86204				2
2025.07.31	02:55:11.686	0.86205				2
2025.07.31	02:55:18.364	0.86206	0.86207			6
2025.07.31	02:55:19.082	0.86208	0.86210			6
2025.07.31	02:55:19.399	0.86211	0.86213			6
2025.07.31	02:55:19.718		0.86212			4
2025.07.31	02:55:20.059	0.86210	0.86211			6
2025.07.31	02:55:22.675	0.86212	0.86213			6
2025.07.31	02:55:25.760	0.86211	0.86212			6
2025.07.31	02:55:42.186	0.86209	0.86211			6
2025.07.31	02:55:48.196	0.86211	0.86212			6
2025.07.31	02:55:51.650	0.86210				2
2025.07.31	02:55:53.777	0.86209				2
2025.07.31	02:55:58.904		0.86211			4
2025.07.31	02:56:00.041	0.86211	0.86212			6
2025.07.31	02:56:04.657	0.86210	0.86211			6
2025.07.31	02:56:06.762	0.86211	0.86212			6
2025.07.31	02:56:18.637	0.86207	0.86210			6
2025.07.31	02:56:20.234	0.86209				2
2025.07.31	02:56:35.776	0.86210	0.86211			6
2025.07.31	02:56:36.084	0.86211	0.86212			6
2025.07.31	02:56:38.473	0.86212	0.86213			6
2025.07.31	02:56:42.483	0.86209	0.86211			6
2025.07.31	02:56:42.892	0.86208				2
2025.07.31	02:56:46.798	0.86211	0.86212			6
2025.07.31	02:56:47.117	0.86209				2
2025.07.31	02:56:48.415	0.86210				2
2025.07.31	02:56:48.722		0.86213			4
2025.07.31	02:56:49.725	0.86208	0.86212			6
2025.07.31	02:56:50.137	0.86210				2
2025.07.31	02:56:50.672	0.86208				2
2025.07.31	02:56:57.596	0.86207	0.86211			6
2025.07.31	02:57:00.011	0.86207				2
2025.07.31	02:57:01.547	0.86206				2
2025.07.31	02:57:01.896	0.86207				2
2025.07.31	02:57:02.243	0.86212	0.86215			6
2025.07.31	02:57:02.572	0.86210	0.86213			6
2025.07.31	02:57:10.368	0.86211				2
2025.07.31	02:57:13.179	0.86210				2
2025.07.31	02:57:14.008		0.86214			4
2025.07.31	02:57:16.465		0.86213			4
2025.07.31	02:57:18.372	0.86211	0.86214			6
2025.07.31	02:57:20.255	0.86210				2
2025.07.31	02:57:25.471		0.86213			4
2025.07.31	02:57:25.896	0.86209	0.86210			6
2025.07.31	02:57:37.358	0.86208				2
2025.07.31	02:57:39.805		0.86212			4
2025.07.31	02:57:43.380		0.86211			4
2025.07.31	02:57:46.833	0.86209	0.86213			6
2025.07.31	02:57:52.402	0.86210	0.86214			6
2025.07.31	02:58:00.210	0.86210				2
2025.07.31	02:58:02.556		0.86213			4
2025.07.31	02:58:05.492		0.86212			4
2025.07.31	02:58:07.691	0.86208	0.86210			6
2025.07.31	02:58:08.825		0.86209			4
2025.07.31	02:58:09.130		0.86210			4
2025.07.31	02:58:10.807	0.86207				2
2025.07.31	02:58:13.455		0.86209			4
2025.07.31	02:58:13.770		0.86210			4
2025.07.31	02:58:14.109		0.86209			4
2025.07.31	02:58:16.740		0.86210			4
2025.07.31	02:58:19.412		0.86209			4
2025.07.31	02:58:20.128		0.86210			4
