<DATE>	<TIME>	<BID>	<ASK>	<LAST>	<VOLUME>	<FLAGS>
2025.10.30	00:03:30.492	0.87882	0.87956			6
2025.10.30	00:04:20.536	0.87882				2
2025.10.30	00:04:41.344		0.87956			4
2025.10.30	00:05:00.838	0.87891	0.87983			6
2025.10.30	00:05:01.208	0.87889				2
2025.10.30	00:05:11.767	0.87888				2
2025.10.30	00:05:13.746	0.87889				2
2025.10.30	00:05:15.367	0.87900				2
2025.10.30	00:05:15.867	0.87909	0.87985			6
2025.10.30	00:05:20.657	0.87908				2
2025.10.30	00:05:21.468	0.87907				2
2025.10.30	00:05:25.398	0.87909				2
2025.10.30	00:05:26.232	0.87912				2
2025.10.30	00:05:31.171	0.87911				2
2025.10.30	00:05:34.935	0.87910				2
2025.10.30	00:05:39.729	0.87911				2
2025.10.30	00:05:40.706	0.87910				2
2025.10.30	00:05:42.043	0.87924	0.87993			6
2025.10.30	00:05:44.626	0.87922				2
2025.10.30	00:05:48.627	0.87935	0.88000			6
2025.10.30	00:05:50.757	0.87936	0.88001			6
2025.10.30	00:05:54.436	0.87937				2
2025.10.30	00:05:55.301	0.87935	0.88000			6
2025.10.30	00:05:58.090	0.87922	0.87990			6
2025.10.30	00:06:00.033	0.87923				2
2025.10.30	00:06:13.760	0.87933	0.87995			6
2025.10.30	00:06:14.835	0.87923	0.87990			6
2025.10.30	00:06:32.137	0.87922	0.88000			6
2025.10.30	00:06:34.645	0.87909	0.88002			6
2025.10.30	00:06:38.977	0.87886	0.88003			6
2025.10.30	00:06:45.442	0.87881	0.87997			6
2025.10.30	00:07:04.346	0.87881				2
2025.10.30	00:07:32.145	0.87885				2
2025.10.30	00:08:00.536	0.87885	0.87997			6
2025.10.30	00:09:00.352	0.87881	0.87998			6
2025.10.30	00:09:47.947	0.87878	0.87994			6
2025.10.30	00:10:00.375	0.87878	0.87979			6
2025.10.30	00:10:03.043	0.87873	0.87969			6
2025.10.30	00:10:11.650	0.87898	0.87966			6
2025.10.30	00:10:15.505	0.87912	0.87969			6
2025.10.30	00:10:17.459	0.87898	0.87966			6
2025.10.30	00:10:19.061	0.87879	0.87967			6
2025.10.30	00:10:26.129	0.87875	0.87955			6
2025.10.30	00:11:00.261	0.87875				2
2025.10.30	00:11:04.774	0.87870	0.87954			6
2025.10.30	00:11:06.436	0.87863	0.87950			6
2025.10.30	00:11:08.157	0.87868	0.87941			6
2025.10.30	00:11:09.668	0.87869	0.87951			6
2025.10.30	00:11:10.648	0.87868	0.87941			6
2025.10.30	00:11:18.579		0.87945			4
2025.10.30	00:11:23.442	0.87869	0.87951			6
2025.10.30	00:11:24.398	0.87868	0.87948			6
2025.10.30	00:11:30.069	0.87869	0.87951			6
2025.10.30	00:11:31.330	0.87868	0.87948			6
2025.10.30	00:11:37.272	0.87869	0.87951			6
2025.10.30	00:11:38.204	0.87868	0.87948			6
2025.10.30	00:11:41.533		0.87949			4
2025.10.30	00:11:48.790	0.87873	0.87957			6
2025.10.30	00:11:58.269		0.87958			4
2025.10.30	00:12:00.350	0.87873				2
2025.10.30	00:12:03.368		0.87959			4
2025.10.30	00:12:06.927		0.87960			4
2025.10.30	00:12:14.471		0.87961			4
2025.10.30	00:12:23.471		0.87960			4
2025.10.30	00:12:36.968		0.87961			4
2025.10.30	00:12:47.346		0.87960			4
2025.10.30	00:12:50.772		0.87961			4
2025.10.30	00:13:04.513	0.87873				2
2025.10.30	00:13:06.583		0.87960			4
2025.10.30	00:13:09.069		0.87961			4
2025.10.30	00:13:17.852	0.87889	0.87995			6
2025.10.30	00:13:18.345	0.87888				2
2025.10.30	00:13:24.697	0.87887				2
2025.10.30	00:13:38.736	0.87871	0.88049			6
2025.10.30	00:13:48.902	0.87872				2
2025.10.30	00:13:49.868	0.87873				2
2025.10.30	00:13:50.352	0.87874				2
2025.10.30	00:13:51.672	0.87875				2
2025.10.30	00:13:53.770	0.87876				2
2025.10.30	00:13:54.969	0.87877				2
2025.10.30	00:13:56.772	0.87878				2
2025.10.30	00:13:58.569	0.87879				2
2025.10.30	00:14:00.072	0.87879				2
2025.10.30	00:14:02.092	0.87880				2
2025.10.30	00:14:04.302	0.87881				2
2025.10.30	00:14:06.368	0.87882				2
2025.10.30	00:14:12.068	0.87883				2
2025.10.30	00:14:17.169	0.87884				2
2025.10.30	00:14:23.173	0.87886				2
2025.10.30	00:14:28.271	0.87887				2
2025.10.30	00:14:37.268	0.87888				2
2025.10.30	00:14:38.766		0.88049			4
2025.10.30	00:14:41.467	0.87889				2
2025.10.30	00:14:53.454	0.87890				2
2025.10.30	00:14:54.556	0.87889				2
2025.10.30	00:14:58.568	0.87890				2
2025.10.30	00:15:00.304	0.87890				2
2025.10.30	00:15:01.447	0.87892				2
2025.10.30	00:15:03.075	0.87893				2
2025.10.30	00:15:06.068	0.87892				2
2025.10.30	00:15:11.391	0.87878	0.88012			6
2025.10.30	00:15:11.924	0.87879				2
2025.10.30	00:15:12.347	0.87880	0.88007			6
2025.10.30	00:15:12.969	0.87882				2
2025.10.30	00:15:14.173	0.87883				2
2025.10.30	00:15:15.301	0.87884				2
2025.10.30	00:15:15.968	0.87885				2
2025.10.30	00:15:16.569	0.87902				2
2025.10.30	00:15:17.116	0.87895				2
2025.10.30	00:15:21.669	0.87894				2
2025.10.30	00:15:25.978	0.87893				2
2025.10.30	00:15:32.143		0.88006			4
2025.10.30	00:15:41.024	0.87892				2
2025.10.30	00:15:41.470	0.87891				2
2025.10.30	00:15:56.022	0.87893				2
2025.10.30	00:16:00.073	0.87893				2
2025.10.30	00:16:01.976	0.87896				2
2025.10.30	00:16:02.722	0.87895				2
2025.10.30	00:16:04.475	0.87896				2
2025.10.30	00:16:11.467	0.87895				2
2025.10.30	00:16:17.306	0.87894				2
2025.10.30	00:16:28.216	0.87895				2
2025.10.30	00:16:28.720	0.87894				2
2025.10.30	00:16:32.146		0.88007			4
2025.10.30	00:16:42.799		0.88004			4
2025.10.30	00:16:47.344	0.87892				2
2025.10.30	00:17:00.495	0.87892				2
2025.10.30	00:17:02.323	0.87893				2
2025.10.30	00:17:38.768	0.87892				2
2025.10.30	00:17:43.762		0.88004			4
2025.10.30	00:17:47.305	0.87893				2
2025.10.30	00:18:03.370	0.87893				2
2025.10.30	00:18:16.269	0.87894				2
2025.10.30	00:18:23.768	0.87893				2
2025.10.30	00:18:32.346	0.87894				2
2025.10.30	00:18:45.378		0.88004			4
2025.10.30	00:18:47.343	0.87893				2
2025.10.30	00:18:54.527	0.87892				2
2025.10.30	00:19:00.395	0.87892				2
2025.10.30	00:19:02.346	0.87894				2
2025.10.30	00:19:17.304	0.87893				2
2025.10.30	00:19:32.472	0.87894				2
2025.10.30	00:19:47.344		0.88004			4
2025.10.30	00:19:52.221	0.87893				2
2025.10.30	00:19:57.223	0.87894				2
2025.10.30	00:19:58.019		0.88006			4
2025.10.30	00:19:58.568	0.87893				2
2025.10.30	00:20:00.536	0.87893				2
2025.10.30	00:20:02.387	0.87895				2
2025.10.30	00:20:17.399	0.87894				2
2025.10.30	00:20:35.347	0.87896				2
2025.10.30	00:20:36.013	0.87887				2
2025.10.30	00:20:36.394	0.87886				2
2025.10.30	00:20:38.470	0.87887				2
2025.10.30	00:20:46.269	0.87886				2
2025.10.30	00:20:57.224	0.87883				2
2025.10.30	00:20:57.577	0.87882				2
2025.10.30	00:20:59.469		0.88006			4
2025.10.30	00:21:04.267	0.87882				2
2025.10.30	00:21:18.483	0.87881				2
2025.10.30	00:21:41.006	0.87882				2
2025.10.30	00:22:00.351	0.87882	0.88006			6
2025.10.30	00:22:01.870	0.87883				2
2025.10.30	00:22:18.969	0.87882				2
2025.10.30	00:22:20.067	0.87881				2
2025.10.30	00:22:21.782	0.87882				2
2025.10.30	00:22:41.528	0.87881				2
2025.10.30	00:22:43.872	0.87882				2
2025.10.30	00:23:00.352	0.87882	0.88006			6
2025.10.30	00:23:02.026	0.87883				2
2025.10.30	00:23:12.341	0.87884	0.88013			6
2025.10.30	00:23:12.946	0.87888				2
2025.10.30	00:23:13.263	0.87899				2
2025.10.30	00:23:14.768	0.87898				2
2025.10.30	00:23:16.568	0.87899				2
2025.10.30	00:23:17.289	0.87896				2
2025.10.30	00:23:18.669	0.87897				2
2025.10.30	00:23:20.274	0.87896				2
2025.10.30	00:23:44.117	0.87898				2
2025.10.30	00:23:45.219	0.87897				2
2025.10.30	00:23:48.070	0.87898				2
2025.10.30	00:23:48.582	0.87899				2
2025.10.30	00:23:52.034	0.87906				2
2025.10.30	00:23:53.118	0.87909				2
2025.10.30	00:24:00.051	0.87909				2
2025.10.30	00:24:12.122		0.88014			4
2025.10.30	00:24:12.490	0.87908	0.88005			6
2025.10.30	00:24:13.115	0.87907				2
2025.10.30	00:24:17.769	0.87908				2
2025.10.30	00:24:20.242	0.87907				2
2025.10.30	00:24:22.269	0.87908				2
2025.10.30	00:24:30.350	0.87909				2
2025.10.30	00:24:40.239	0.87910				2
2025.10.30	00:24:50.666	0.87907				2
2025.10.30	00:24:50.994	0.87904				2
2025.10.30	00:25:00.373	0.87904				2
2025.10.30	00:25:12.491		0.88005			4
2025.10.30	00:25:16.311	0.87905				2
2025.10.30	00:25:17.168	0.87904				2
2025.10.30	00:25:45.441	0.87905				2
2025.10.30	00:25:49.851	0.87904				2
2025.10.30	00:25:52.272	0.87905				2
2025.10.30	00:26:00.535	0.87905				2
2025.10.30	00:26:12.490		0.88007			4
2025.10.30	00:26:18.750	0.87906				2
2025.10.30	00:27:00.068	0.87906				2
2025.10.30	00:27:12.490		0.88013			4
2025.10.30	00:27:17.360	0.87908				2
2025.10.30	00:27:19.367	0.87906				2
2025.10.30	00:27:29.768	0.87907				2
2025.10.30	00:27:32.535	0.87905				2
2025.10.30	00:27:40.522	0.87906				2
2025.10.30	00:27:48.993	0.87903				2
2025.10.30	00:27:56.071	0.87908	0.88016			6
2025.10.30	00:27:56.374	0.87907				2
2025.10.30	00:28:03.969	0.87907				2
2025.10.30	00:28:04.349	0.87909				2
2025.10.30	00:28:05.349	0.87908				2
2025.10.30	00:28:56.072		0.88016			4
2025.10.30	00:29:02.167	0.87908				2
2025.10.30	00:29:09.707	0.87909				2
2025.10.30	00:29:15.131	0.87903	0.88004			6
2025.10.30	00:29:16.322	0.87877	0.88000			6
2025.10.30	00:29:18.667		0.87999			4
2025.10.30	00:29:20.468		0.88000			4
2025.10.30	00:29:26.772	0.87876				2
2025.10.30	00:29:36.607	0.87877				2
2025.10.30	00:29:46.607		0.87999			4
2025.10.30	00:30:00.375	0.87882	0.88002			6
2025.10.30	00:30:00.756		0.88004			4
2025.10.30	00:30:09.409	0.87883	0.88008			6
2025.10.30	00:30:13.536	0.87896	0.88006			6
2025.10.30	00:30:14.008		0.88008			4
2025.10.30	00:30:18.778		0.88007			4
2025.10.30	00:30:23.784		0.88006			4
2025.10.30	00:30:24.116		0.88008			4
2025.10.30	00:30:25.353	0.87889				2
2025.10.30	00:30:28.270	0.87886	0.87993			6
2025.10.30	00:30:28.578	0.87889				2
2025.10.30	00:30:37.621	0.87895				2
2025.10.30	00:31:00.364	0.87895				2
2025.10.30	00:31:01.328	0.87909				2
2025.10.30	00:31:02.116	0.87910				2
2025.10.30	00:31:16.693	0.87911	0.87990			6
2025.10.30	00:31:19.476	0.87909	0.87989			6
2025.10.30	00:31:20.081	0.87910	0.87993			6
2025.10.30	00:31:25.870	0.87909				2
2025.10.30	00:31:27.188	0.87910				2
2025.10.30	00:31:31.818	0.87908				2
2025.10.30	00:31:33.969	0.87909				2
2025.10.30	00:31:39.115	0.87910				2
2025.10.30	00:31:43.567	0.87909				2
2025.10.30	00:31:45.472	0.87910	0.87995			6
2025.10.30	00:31:48.117	0.87906				2
2025.10.30	00:31:51.367	0.87905				2
2025.10.30	00:31:53.236	0.87896	0.87985			6
2025.10.30	00:31:53.854	0.87897				2
2025.10.30	00:31:56.676	0.87895				2
2025.10.30	00:31:57.203		0.87986			4
2025.10.30	00:31:58.115		0.87987			4
2025.10.30	00:31:59.107	0.87896				2
2025.10.30	00:32:01.873	0.87896				2
2025.10.30	00:32:09.115		0.87986			4
2025.10.30	00:32:17.422	0.87897				2
2025.10.30	00:32:19.114		0.87984			4
2025.10.30	00:32:24.668		0.87983			4
2025.10.30	00:32:26.602		0.87984			4
2025.10.30	00:32:28.802		0.87983			4
2025.10.30	00:32:29.125		0.87986			4
2025.10.30	00:32:32.772		0.87985			4
2025.10.30	00:32:40.568		0.87984			4
2025.10.30	00:32:47.469		0.87983			4
2025.10.30	00:32:59.167		0.87982			4
2025.10.30	00:33:01.267	0.87897				2
2025.10.30	00:33:13.567		0.87981			4
2025.10.30	00:33:15.966		0.87982			4
2025.10.30	00:33:17.469		0.87981			4
2025.10.30	00:33:25.867		0.87980			4
2025.10.30	00:33:36.600		0.87979			4
2025.10.30	00:33:37.114		0.87978			4
2025.10.30	00:33:41.778		0.87977			4
2025.10.30	00:33:42.116		0.87979			4
2025.10.30	00:33:46.830		0.87978			4
2025.10.30	00:33:47.817	0.87909	0.87989			6
2025.10.30	00:33:53.247	0.87911				2
2025.10.30	00:33:54.670	0.87910				2
2025.10.30	00:34:02.093	0.87910				2
2025.10.30	00:34:07.196	0.87911				2
2025.10.30	00:34:09.067	0.87910				2
2025.10.30	00:34:11.335	0.87911				2
2025.10.30	00:34:26.241		0.87987			4
2025.10.30	00:34:28.269	0.87909				2
2025.10.30	00:34:28.606	0.87907				2
2025.10.30	00:34:31.069	0.87909				2
2025.10.30	00:34:36.609	0.87910				2
2025.10.30	00:34:50.767	0.87911				2
2025.10.30	00:34:55.114	0.87910				2
2025.10.30	00:34:56.668	0.87912				2
2025.10.30	00:34:57.071	0.87913				2
2025.10.30	00:35:01.790	0.87913				2
2025.10.30	00:35:19.266	0.87914				2
2025.10.30	00:35:21.020	0.87915				2
2025.10.30	00:35:22.268	0.87914				2
2025.10.30	00:35:28.568		0.87987			4
2025.10.30	00:35:33.970	0.87913				2
2025.10.30	00:35:35.505	0.87914				2
2025.10.30	00:35:39.667	0.87913				2
2025.10.30	00:35:40.777		0.87974			4
2025.10.30	00:35:41.768	0.87914				2
2025.10.30	00:35:45.967	0.87913				2
2025.10.30	00:35:48.369	0.87914				2
2025.10.30	00:35:52.358	0.87913				2
2025.10.30	00:36:01.269	0.87913				2
2025.10.30	00:36:02.092		0.87977			4
2025.10.30	00:36:06.175		0.87974			4
2025.10.30	00:36:07.177		0.87977			4
2025.10.30	00:36:16.199	0.87915	0.87991			6
2025.10.30	00:36:18.175		0.87995			4
2025.10.30	00:36:21.033	0.87914	0.87991			6
2025.10.30	00:36:22.175		0.87995			4
2025.10.30	00:36:22.850	0.87916				2
2025.10.30	00:36:37.849	0.87918				2
2025.10.30	00:36:46.500	0.87917				2
2025.10.30	00:36:47.167	0.87918				2
2025.10.30	00:36:53.318	0.87917				2
2025.10.30	00:36:55.233	0.87916				2
2025.10.30	00:36:56.105	0.87917				2
2025.10.30	00:37:02.564	0.87917				2
2025.10.30	00:37:08.060	0.87919				2
2025.10.30	00:37:09.114	0.87920				2
2025.10.30	00:37:10.268	0.87919				2
2025.10.30	00:37:11.767	0.87918				2
2025.10.30	00:37:13.155	0.87919				2
2025.10.30	00:37:14.767	0.87920				2
2025.10.30	00:37:15.114	0.87919				2
2025.10.30	00:37:22.848	0.87920	0.87995			6
2025.10.30	00:37:23.159	0.87919	0.87992			6
2025.10.30	00:37:26.469	0.87920				2
2025.10.30	00:37:26.786		0.87995			4
2025.10.30	00:37:28.268	0.87919				2
2025.10.30	00:37:34.572	0.87920				2
2025.10.30	00:37:36.968	0.87919				2
2025.10.30	00:37:42.369	0.87920				2
2025.10.30	00:37:47.476	0.87921				2
2025.10.30	00:37:47.778	0.87920				2
2025.10.30	00:37:57.104	0.87919				2
2025.10.30	00:38:00.716	0.87920				2
2025.10.30	00:38:02.083	0.87922				2
2025.10.30	00:38:07.912	0.87924				2
2025.10.30	00:38:12.093	0.87925				2
2025.10.30	00:38:14.167		0.87996			4
2025.10.30	00:38:14.899	0.87924				2
2025.10.30	00:38:17.271	0.87925	0.87997			6
2025.10.30	00:38:17.578	0.87924				2
2025.10.30	00:38:18.448	0.87925				2
2025.10.30	00:38:20.443	0.87927				2
2025.10.30	00:38:22.960	0.87924				2
2025.10.30	00:38:28.076	0.87926				2
2025.10.30	00:38:28.502	0.87925				2
2025.10.30	00:38:30.023	0.87927				2
2025.10.30	00:38:30.338	0.87928				2
2025.10.30	00:38:32.169	0.87927				2
2025.10.30	00:38:33.216	0.87926				2
2025.10.30	00:38:34.568	0.87925				2
2025.10.30	00:38:38.430	0.87924				2
2025.10.30	00:38:38.962	0.87925				2
2025.10.30	00:38:52.472	0.87927				2
2025.10.30	00:39:02.768	0.87927				2
2025.10.30	00:39:12.186	0.87916	0.88047			6
2025.10.30	00:39:12.497	0.87896	0.88046			6
2025.10.30	00:39:12.816	0.87933	0.88033			6
2025.10.30	00:39:13.120	0.87926	0.88045			6
2025.10.30	00:39:13.438	0.87918	0.88044			6
2025.10.30	00:39:13.751	0.87925				2
2025.10.30	00:39:14.293	0.87926				2
2025.10.30	00:39:14.645	0.87927	0.88032			6
2025.10.30	00:39:15.077	0.87929	0.88028			6
2025.10.30	00:39:15.387	0.87917	0.88026			6
2025.10.30	00:39:15.869	0.87921				2
2025.10.30	00:39:16.223		0.88018			4
2025.10.30	00:39:16.566		0.88019			4
2025.10.30	00:39:17.376	0.87924	0.88012			6
2025.10.30	00:39:17.677	0.87928				2
2025.10.30	00:39:18.114	0.87927				2
2025.10.30	00:39:18.492	0.87928				2
2025.10.30	00:39:19.221	0.87927				2
2025.10.30	00:39:19.890	0.87924				2
2025.10.30	00:39:21.116	0.87923	0.88008			6
2025.10.30	00:39:21.927	0.87922				2
2025.10.30	00:39:22.486	0.87921				2
2025.10.30	00:39:23.114	0.87924				2
2025.10.30	00:39:24.114	0.87922				2
2025.10.30	00:39:24.927	0.87921				2
2025.10.30	00:39:26.446	0.87922				2
2025.10.30	00:39:27.114	0.87929				2
2025.10.30	00:39:27.676	0.87925				2
2025.10.30	00:39:29.280	0.87923				2
2025.10.30	00:39:37.757	0.87924	0.88011			6
2025.10.30	00:39:41.335	0.87928				2
2025.10.30	00:39:41.967	0.87929				2
2025.10.30	00:39:43.794	0.87934				2
2025.10.30	00:39:45.676	0.87931				2
2025.10.30	00:39:46.683	0.87932				2
2025.10.30	00:39:47.239	0.87931				2
2025.10.30	00:39:47.560	0.87930	0.88015			6
2025.10.30	00:39:48.060		0.88013			4
2025.10.30	00:39:49.780	0.87932	0.88012			6
2025.10.30	00:39:50.302		0.88015			4
2025.10.30	00:39:50.879		0.88010			4
2025.10.30	00:39:51.281	0.87931	0.88007			6
2025.10.30	00:39:55.108		0.88011			4
2025.10.30	00:39:59.786	0.87932				2
2025.10.30	00:40:00.527	0.87932				2
2025.10.30	00:40:02.105	0.87933	0.88014			6
2025.10.30	00:40:02.475		0.88016			4
2025.10.30	00:40:03.040	0.87931				2
2025.10.30	00:40:03.342	0.87930				2
2025.10.30	00:40:03.970		0.88010			4
2025.10.30	00:40:04.274	0.87931				2
2025.10.30	00:40:05.341	0.87935				2
2025.10.30	00:40:06.667	0.87929	0.88011			6
2025.10.30	00:40:06.982	0.87930				2
2025.10.30	00:40:07.414	0.87929				2
2025.10.30	00:40:08.054	0.87931				2
2025.10.30	00:40:11.226	0.87933				2
2025.10.30	00:40:11.736	0.87931				2
2025.10.30	00:40:14.345	0.87935				2
2025.10.30	00:40:16.115	0.87932				2
2025.10.30	00:40:17.128	0.87933	0.88016			6
2025.10.30	00:40:18.117	0.87931				2
2025.10.30	00:40:19.427	0.87935				2
2025.10.30	00:40:19.766	0.87932				2
2025.10.30	00:40:20.198	0.87936	0.88017			6
2025.10.30	00:40:20.736		0.88013			4
2025.10.30	00:40:21.039	0.87938				2
2025.10.30	00:40:22.187	0.87933				2
2025.10.30	00:40:22.844	0.87934				2
2025.10.30	00:40:23.338	0.87935				2
2025.10.30	00:40:25.114	0.87934				2
2025.10.30	00:40:26.944	0.87941				2
2025.10.30	00:40:27.356	0.87935				2
2025.10.30	00:40:27.955	0.87936				2
2025.10.30	00:40:29.120	0.87934				2
2025.10.30	00:40:29.704	0.87935	0.88015			6
2025.10.30	00:40:30.058	0.87936	0.88018			6
2025.10.30	00:40:30.424	0.87935	0.88015			6
2025.10.30	00:40:32.051	0.87940	0.88031			6
2025.10.30	00:40:32.434	0.87944				2
2025.10.30	00:40:33.119	0.87946				2
2025.10.30	00:40:33.570	0.87941				2
2025.10.30	00:40:35.116	0.87938				2
2025.10.30	00:40:39.245	0.87939				2
2025.10.30	00:40:39.608	0.87938				2
2025.10.30	00:40:40.695	0.87949				2
2025.10.30	00:40:40.996	0.87945				2
2025.10.30	00:40:41.859	0.87941	0.88034			6
2025.10.30	00:40:43.419	0.87946	0.88031			6
2025.10.30	00:40:44.110	0.87950				2
2025.10.30	00:40:46.600	0.87949				2
2025.10.30	00:40:49.135	0.87950				2
2025.10.30	00:40:49.801	0.87952				2
2025.10.30	00:40:51.075	0.87947				2
2025.10.30	00:40:51.725	0.87951				2
2025.10.30	00:40:52.472		0.88036			4
2025.10.30	00:40:53.767	0.87952				2
2025.10.30	00:40:54.624		0.88041			4
2025.10.30	00:40:54.958	0.87953				2
2025.10.30	00:40:55.883	0.87952				2
2025.10.30	00:40:57.369	0.87958				2
2025.10.30	00:40:59.044	0.87966	0.88052			6
2025.10.30	00:40:59.359		0.88060			4
2025.10.30	00:40:59.768	0.87962	0.88052			6
2025.10.30	00:41:00.600	0.87955	0.88044			6
2025.10.30	00:41:00.970	0.87956	0.88048			6
2025.10.30	00:41:01.299	0.87954	0.88044			6
2025.10.30	00:41:01.733	0.87957	0.88047			6
2025.10.30	00:41:02.122	0.87959				2
2025.10.30	00:41:02.501	0.87956				2
2025.10.30	00:41:03.735	0.87957				2
2025.10.30	00:41:04.707	0.87963				2
2025.10.30	00:41:06.116	0.87962				2
2025.10.30	00:41:07.016	0.87960				2
2025.10.30	00:41:07.855	0.87963	0.88041			6
2025.10.30	00:41:08.240	0.87961	0.88042			6
2025.10.30	00:41:08.576	0.87965				2
2025.10.30	00:41:08.877	0.87961				2
2025.10.30	00:41:09.326	0.87962	0.88049			6
2025.10.30	00:41:11.576	0.87958	0.88045			6
2025.10.30	00:41:12.135		0.88041			4
2025.10.30	00:41:13.013	0.87962	0.88047			6
2025.10.30	00:41:13.572	0.87966				2
2025.10.30	00:41:16.207	0.87960				2
2025.10.30	00:41:16.583	0.87959	0.88041			6
2025.10.30	00:41:18.016	0.87956	0.88046			6
2025.10.30	00:41:18.466	0.87941	0.88036			6
2025.10.30	00:41:18.933	0.87947	0.88030			6
2025.10.30	00:41:19.355		0.88004			4
2025.10.30	00:41:19.708		0.88007			4
2025.10.30	00:41:20.226	0.87944				2
2025.10.30	00:41:22.421	0.87940	0.88004			6
2025.10.30	00:41:23.765	0.87955	0.88055			6
2025.10.30	00:41:24.090	0.87957	0.88059			6
2025.10.30	00:41:24.438	0.87959				2
2025.10.30	00:41:25.401	0.87955	0.88056			6
2025.10.30	00:41:26.011	0.87958	0.88041			6
2025.10.30	00:41:26.320	0.87962				2
2025.10.30	00:41:26.621	0.87959				2
2025.10.30	00:41:27.389	0.87956				2
2025.10.30	00:41:27.708	0.87963				2
2025.10.30	00:41:28.451	0.87964				2
2025.10.30	00:41:30.358	0.87965				2
2025.10.30	00:41:30.722		0.88052			4
2025.10.30	00:41:31.060	0.87966	0.88069			6
2025.10.30	00:41:31.688	0.87965	0.88063			6
2025.10.30	00:41:32.361	0.87967				2
2025.10.30	00:41:32.911	0.87961	0.88042			6
2025.10.30	00:41:33.222	0.87959				2
2025.10.30	00:41:33.610	0.87963				2
2025.10.30	00:41:33.995	0.87962				2
2025.10.30	00:41:34.964		0.88045			4
2025.10.30	00:41:35.277	0.87969	0.88046			6
2025.10.30	00:41:35.603	0.87957	0.88041			6
2025.10.30	00:41:35.917	0.87943	0.88032			6
2025.10.30	00:41:36.345	0.87940	0.88033			6
2025.10.30	00:41:36.709	0.87942	0.88005			6
2025.10.30	00:41:37.208	0.87959	0.88047			6
2025.10.30	00:41:37.519		0.88046			4
2025.10.30	00:41:37.834	0.87958	0.88050			6
2025.10.30	00:41:38.914	0.87954	0.88042			6
2025.10.30	00:41:39.858	0.87956				2
2025.10.30	00:41:42.114	0.87955				2
2025.10.30	00:41:42.576	0.87961				2
2025.10.30	00:41:43.017	0.87959				2
2025.10.30	00:41:43.336	0.87960				2
2025.10.30	00:41:43.818	0.87956				2
2025.10.30	00:41:44.217	0.87959				2
2025.10.30	00:41:44.920	0.87954				2
2025.10.30	00:41:45.222	0.87955				2
2025.10.30	00:41:45.920	0.87954				2
2025.10.30	00:41:46.224	0.87955				2
2025.10.30	00:41:46.624	0.87954				2
2025.10.30	00:41:48.068	0.87958				2
2025.10.30	00:41:48.435	0.87960				2
2025.10.30	00:41:51.061		0.88041			4
2025.10.30	00:41:51.407		0.88042			4
2025.10.30	00:41:52.214	0.87955				2
2025.10.30	00:41:52.518	0.87957				2
2025.10.30	00:41:53.224	0.87956				2
2025.10.30	00:41:53.707	0.87955				2
2025.10.30	00:41:54.012	0.87956				2
2025.10.30	00:41:54.316	0.87957				2
2025.10.30	00:41:54.616	0.87956				2
2025.10.30	00:41:54.917	0.87955				2
2025.10.30	00:41:55.237	0.87960	0.88041			6
2025.10.30	00:41:55.742	0.87962	0.88048			6
2025.10.30	00:41:56.227	0.87959	0.88043			6
2025.10.30	00:41:56.609	0.87962				2
2025.10.30	00:41:56.930	0.87960	0.88041			6
2025.10.30	00:41:57.250	0.87959				2
2025.10.30	00:41:57.572	0.87957				2
2025.10.30	00:41:58.501	0.87956				2
2025.10.30	00:41:58.876	0.87957				2
2025.10.30	00:41:59.187	0.87956				2
2025.10.30	00:41:59.839	0.87958				2
2025.10.30	00:42:00.177	0.87956				2
2025.10.30	00:42:00.627	0.87954				2
2025.10.30	00:42:00.941	0.87950				2
2025.10.30	00:42:01.332	0.87923				2
2025.10.30	00:42:01.638	0.87931				2
2025.10.30	00:42:01.974	0.87938				2
2025.10.30	00:42:02.278	0.87962				2
2025.10.30	00:42:02.598	0.87953				2
2025.10.30	00:42:02.931	0.87941				2
2025.10.30	00:42:03.369		0.88021			4
2025.10.30	00:42:03.677	0.87924	0.88038			6
2025.10.30	00:42:03.979	0.87936	0.88026			6
2025.10.30	00:42:04.307	0.87934	0.88024			6
2025.10.30	00:42:04.617	0.87936	0.88027			6
2025.10.30	00:42:04.919	0.87937	0.88025			6
2025.10.30	00:42:05.228	0.87939	0.88041			6
2025.10.30	00:42:05.538	0.87937				2
2025.10.30	00:42:05.845	0.87934				2
2025.10.30	00:42:06.210	0.87939				2
2025.10.30	00:42:06.575	0.87936				2
2025.10.30	00:42:07.123	0.87938				2
2025.10.30	00:42:11.872	0.87942				2
2025.10.30	00:42:12.438	0.87941				2
2025.10.30	00:42:12.835	0.87931	0.88043			6
2025.10.30	00:42:13.138	0.87939				2
2025.10.30	00:42:13.482	0.87937				2
2025.10.30	00:42:13.933	0.87938	0.88041			6
2025.10.30	00:42:15.114	0.87939				2
2025.10.30	00:42:20.855	0.87936	0.88043			6
2025.10.30	00:42:21.186	0.87937	0.88046			6
2025.10.30	00:42:21.540	0.87943				2
2025.10.30	00:42:22.107	0.87945				2
2025.10.30	00:42:22.422	0.87940				2
2025.10.30	00:42:22.737	0.87938				2
2025.10.30	00:42:24.830	0.87941				2
2025.10.30	00:42:25.338	0.87940				2
2025.10.30	00:42:25.640	0.87938				2
2025.10.30	00:42:25.957	0.87948				2
2025.10.30	00:42:26.343	0.87938				2
2025.10.30	00:42:27.259	0.87939	0.88052			6
2025.10.30	00:42:27.754	0.87947				2
2025.10.30	00:42:28.348	0.87939				2
2025.10.30	00:42:28.686	0.87937				2
2025.10.30	00:42:29.970	0.87943				2
2025.10.30	00:42:31.083	0.87937				2
2025.10.30	00:42:31.409	0.87936				2
2025.10.30	00:42:31.720	0.87939				2
2025.10.30	00:42:32.405	0.87937				2
2025.10.30	00:42:33.244	0.87936				2
2025.10.30	00:42:33.647	0.87934				2
2025.10.30	00:42:34.496	0.87937				2
2025.10.30	00:42:34.890	0.87940				2
2025.10.30	00:42:36.112	0.87936				2
2025.10.30	00:42:37.128	0.87938	0.88047			6
2025.10.30	00:42:37.657		0.88035			4
2025.10.30	00:42:38.082	0.87941	0.88038			6
2025.10.30	00:42:38.400		0.88048			4
2025.10.30	00:42:39.715	0.87940				2
2025.10.30	00:42:40.031	0.87942				2
2025.10.30	00:42:40.677	0.87941				2
2025.10.30	00:42:42.775	0.87943	0.88035			6
2025.10.30	00:42:43.114	0.87944				2
2025.10.30	00:42:43.457	0.87941	0.88037			6
2025.10.30	00:42:43.958	0.87946				2
2025.10.30	00:42:44.321	0.87945				2
2025.10.30	00:42:45.043	0.87944				2
2025.10.30	00:42:46.159	0.87941				2
2025.10.30	00:42:46.635	0.87943	0.88031			6
2025.10.30	00:42:46.964	0.87942				2
2025.10.30	00:42:47.298	0.87943				2
2025.10.30	00:42:47.764	0.87942				2
2025.10.30	00:42:50.768	0.87944				2
2025.10.30	00:42:52.588	0.87942				2
2025.10.30	00:42:54.071		0.88037			4
2025.10.30	00:42:54.765	0.87941				2
2025.10.30	00:42:55.969	0.87944				2
2025.10.30	00:42:59.121	0.87945	0.88036			6
2025.10.30	00:42:59.659	0.87944				2
2025.10.30	00:43:00.064	0.87944				2
2025.10.30	00:43:01.088	0.87941				2
2025.10.30	00:43:02.496	0.87940				2
2025.10.30	00:43:02.856	0.87942				2
2025.10.30	00:43:05.842	0.87944				2
2025.10.30	00:43:06.435	0.87945				2
2025.10.30	00:43:08.804	0.87944				2
2025.10.30	00:43:09.121	0.87946				2
2025.10.30	00:43:09.700	0.87941				2
2025.10.30	00:43:10.292	0.87939				2
2025.10.30	00:43:13.834	0.87940				2
2025.10.30	00:43:14.812	0.87943				2
2025.10.30	00:43:16.966	0.87937	0.88029			6
2025.10.30	00:43:17.604	0.87943	0.88037			6
2025.10.30	00:43:17.941	0.87941				2
2025.10.30	00:43:18.434	0.87942				2
2025.10.30	00:43:23.870		0.88036			4
2025.10.30	00:43:28.215	0.87938	0.88037			6
2025.10.30	00:43:29.150	0.87945	0.88036			6
2025.10.30	00:43:32.311	0.87946				2
2025.10.30	00:43:34.526	0.87952	0.88035			6
2025.10.30	00:43:35.705		0.88039			4
2025.10.30	00:43:36.048	0.87951				2
2025.10.30	00:43:38.797	0.87947				2
2025.10.30	00:43:39.393	0.87949				2
2025.10.30	00:43:42.080	0.87951				2
2025.10.30	00:43:44.545	0.87953				2
2025.10.30	00:43:44.928	0.87956				2
2025.10.30	00:43:45.990	0.87940	0.88018			6
2025.10.30	00:43:46.345		0.88001			4
2025.10.30	00:43:47.026	0.87941				2
2025.10.30	00:43:47.482	0.87939				2
2025.10.30	00:43:48.529	0.87937				2
2025.10.30	00:43:50.113	0.87938	0.87998			6
2025.10.30	00:43:51.114	0.87937				2
2025.10.30	00:43:53.939	0.87936				2
2025.10.30	00:43:55.872	0.87937				2
2025.10.30	00:43:57.047	0.87935	0.87995			6
2025.10.30	00:43:57.588		0.87994			4
2025.10.30	00:44:00.736	0.87936				2
2025.10.30	00:44:02.107		0.87993			4
2025.10.30	00:44:03.339		0.87991			4
2025.10.30	00:44:04.585	0.87935				2
2025.10.30	00:44:06.602	0.87936				2
2025.10.30	00:44:07.176		0.87994			4
2025.10.30	00:44:19.613	0.87947	0.88038			6
2025.10.30	00:44:21.462	0.87949				2
2025.10.30	00:44:21.763	0.87950				2
2025.10.30	00:44:23.098	0.87949				2
2025.10.30	00:44:24.559	0.87950				2
2025.10.30	00:44:25.646	0.87949				2
2025.10.30	00:44:27.262	0.87950				2
2025.10.30	00:44:29.866	0.87949				2
2025.10.30	00:44:30.358	0.87951				2
2025.10.30	00:44:36.583	0.87954				2
2025.10.30	00:44:37.359	0.87952				2
2025.10.30	00:44:38.972	0.87953				2
2025.10.30	00:44:40.216	0.87950				2
2025.10.30	00:44:40.540	0.87954				2
2025.10.30	00:44:41.284	0.87936	0.88027			6
2025.10.30	00:44:41.863		0.88002			4
2025.10.30	00:44:42.212	0.87959	0.88036			6
2025.10.30	00:44:43.144	0.87958				2
2025.10.30	00:44:44.116	0.87956	0.88037			6
2025.10.30	00:44:44.422	0.87944				2
2025.10.30	00:44:44.733	0.87937	0.88016			6
2025.10.30	00:44:45.303		0.87998			4
2025.10.30	00:44:45.708	0.87950	0.88034			6
2025.10.30	00:44:46.070	0.87951				2
2025.10.30	00:44:46.612	0.87952				2
2025.10.30	00:44:46.960	0.87950				2
2025.10.30	00:44:47.364	0.87953				2
2025.10.30	00:44:49.433	0.87938	0.88019			6
2025.10.30	00:44:50.047		0.87998			4
2025.10.30	00:44:50.736	0.87953	0.88034			6
2025.10.30	00:44:52.039	0.87954				2
2025.10.30	00:44:53.224	0.87955				2
2025.10.30	00:44:53.536	0.87952				2
2025.10.30	00:44:53.910	0.87954				2
2025.10.30	00:44:54.316	0.87953				2
2025.10.30	00:44:54.639	0.87957				2
2025.10.30	00:44:54.966	0.87959	0.88033			6
2025.10.30	00:44:55.588	0.87960	0.88034			6
2025.10.30	00:44:55.973	0.87956				2
2025.10.30	00:44:57.126	0.87954				2
2025.10.30	00:44:57.645	0.87955				2
2025.10.30	00:44:57.968		0.88033			4
2025.10.30	00:44:58.321	0.87957	0.88036			6
2025.10.30	00:44:59.297	0.87960	0.88035			6
2025.10.30	00:45:00.201	0.87959				2
2025.10.30	00:45:02.772	0.87957				2
2025.10.30	00:45:03.127	0.87956	0.88021			6
2025.10.30	00:45:03.737	0.87957	0.88014			6
2025.10.30	00:45:04.056	0.87954	0.88013			6
2025.10.30	00:45:04.391	0.87956				2
2025.10.30	00:45:04.691	0.87955	0.88012			6
2025.10.30	00:45:05.009		0.88013			4
2025.10.30	00:45:05.343		0.88012			4
2025.10.30	00:45:05.663	0.87956	0.88013			6
2025.10.30	00:45:06.598	0.87957	0.88035			6
2025.10.30	00:45:07.028	0.87959				2
2025.10.30	00:45:07.967	0.87958				2
2025.10.30	00:45:08.543	0.87955				2
2025.10.30	00:45:08.913	0.87957				2
2025.10.30	00:45:10.896	0.87969	0.88023			6
2025.10.30	00:45:13.574	0.87973	0.88034			6
2025.10.30	00:45:14.015	0.87971				2
2025.10.30	00:45:15.645	0.87969				2
2025.10.30	00:45:17.078	0.87968				2
2025.10.30	00:45:17.618		0.88033			4
2025.10.30	00:45:19.509	0.87970				2
2025.10.30	00:45:20.437	0.87968				2
2025.10.30	00:45:21.820	0.87967				2
2025.10.30	00:45:23.602	0.87936	0.87989			6
2025.10.30	00:45:23.910	0.87945	0.87960			6
2025.10.30	00:45:24.651	0.87936				2
2025.10.30	00:45:25.019	0.87941				2
2025.10.30	00:45:25.715	0.87940				2
2025.10.30	00:45:26.517	0.87942				2
2025.10.30	00:45:28.047	0.87940				2
2025.10.30	00:45:29.399	0.87938				2
2025.10.30	00:45:30.470	0.87937				2
2025.10.30	00:45:30.788	0.87939	0.87950			6
2025.10.30	00:45:32.611	0.87942				2
2025.10.30	00:45:33.074	0.87943				2
2025.10.30	00:45:33.419	0.87944				2
2025.10.30	00:45:33.760	0.87941	0.87942			6
2025.10.30	00:45:34.069	0.87937	0.87938			6
2025.10.30	00:45:34.587	0.87936	0.87937			6
2025.10.30	00:45:35.209	0.87906	0.87935			6
2025.10.30	00:45:35.921	0.87904				2
2025.10.30	00:45:37.282		0.87939			4
2025.10.30	00:45:37.646		0.87951			4
2025.10.30	00:45:38.517	0.87905				2
2025.10.30	00:45:40.312	0.87904				2
2025.10.30	00:45:46.402	0.87905	0.87953			6
2025.10.30	00:45:48.699		0.87956			4
2025.10.30	00:45:49.568	0.87904				2
2025.10.30	00:45:50.091		0.87958			4
2025.10.30	00:45:51.680	0.87901	0.87940			6
2025.10.30	00:46:02.350	0.87901				2
2025.10.30	00:46:06.877	0.87893				2
2025.10.30	00:46:09.974		0.87941			4
2025.10.30	00:46:13.959		0.87940			4
2025.10.30	00:46:15.818		0.87939			4
2025.10.30	00:46:17.216	0.87891				2
2025.10.30	00:46:19.868		0.87940			4
2025.10.30	00:46:23.700		0.87941			4
2025.10.30	00:46:24.067		0.87940			4
2025.10.30	00:46:26.033		0.87941			4
2025.10.30	00:46:28.643		0.87944			4
2025.10.30	00:46:28.959	0.87901	0.87955			6
2025.10.30	00:46:29.437	0.87921	0.87957			6
2025.10.30	00:46:30.898	0.87920	0.87958			6
2025.10.30	00:46:31.211	0.87919				2
2025.10.30	00:46:32.092	0.87918				2
2025.10.30	00:46:35.098	0.87907	0.87949			6
2025.10.30	00:46:35.650	0.87908	0.87948			6
2025.10.30	00:46:36.917	0.87895				2
2025.10.30	00:46:38.536	0.87908				2
2025.10.30	00:46:39.096	0.87895				2
2025.10.30	00:46:39.399	0.87900				2
2025.10.30	00:46:39.856		0.87949			4
2025.10.30	00:46:40.953	0.87906				2
2025.10.30	00:46:42.605	0.87907				2
2025.10.30	00:46:43.515	0.87908	0.87948			6
2025.10.30	00:46:44.048	0.87903				2
2025.10.30	00:46:45.481	0.87902	0.87949			6
2025.10.30	00:46:45.797	0.87907				2
2025.10.30	00:46:48.372		0.87948			4
2025.10.30	00:46:48.688	0.87906	0.87949			6
2025.10.30	00:46:50.119	0.87918	0.87962			6
2025.10.30	00:46:51.113	0.87919				2
2025.10.30	00:47:00.303	0.87919				2
2025.10.30	00:47:01.868	0.87920				2
2025.10.30	00:47:03.126	0.87918	0.87951			6
2025.10.30	00:47:03.436	0.87919	0.87952			6
2025.10.30	00:47:04.388	0.87920	0.87953			6
2025.10.30	00:47:04.738	0.87919	0.87952			6
2025.10.30	00:47:05.039	0.87918	0.87951			6
2025.10.30	00:47:05.690	0.87919	0.87952			6
2025.10.30	00:47:06.346	0.87918	0.87951			6
2025.10.30	00:47:06.648	0.87920	0.87962			6
2025.10.30	00:47:07.003	0.87921				2
2025.10.30	00:47:10.767	0.87920				2
2025.10.30	00:47:11.884	0.87921				2
2025.10.30	00:47:13.738	0.87919				2
2025.10.30	00:47:15.511	0.87920				2
2025.10.30	00:47:21.890	0.87921				2
2025.10.30	00:47:23.467	0.87922				2
2025.10.30	00:47:30.069	0.87921				2
2025.10.30	00:47:32.093	0.87919				2
2025.10.30	00:47:33.679	0.87920				2
2025.10.30	00:47:35.035	0.87921				2
2025.10.30	00:47:45.514	0.87933				2
2025.10.30	00:47:45.848	0.87930				2
2025.10.30	00:47:47.245	0.87929				2
2025.10.30	00:47:47.606	0.87926				2
2025.10.30	00:47:48.642	0.87921				2
2025.10.30	00:47:54.667	0.87922				2
2025.10.30	00:47:58.367	0.87923				2
2025.10.30	00:47:58.751	0.87922				2
2025.10.30	00:48:00.203	0.87922				2
2025.10.30	00:48:03.646	0.87921				2
2025.10.30	00:48:06.643	0.87922				2
2025.10.30	00:48:09.072		0.87962			4
2025.10.30	00:48:16.143	0.87915	0.87950			6
2025.10.30	00:48:18.646		0.87949			4
2025.10.30	00:48:25.048	0.87920	0.87959			6
2025.10.30	00:48:29.168	0.87921				2
2025.10.30	00:48:37.057		0.87961			4
2025.10.30	00:48:39.068	0.87922				2
2025.10.30	00:48:46.529	0.87921				2
2025.10.30	00:48:47.665	0.87922				2
2025.10.30	00:48:47.973	0.87921				2
2025.10.30	00:48:51.813	0.87922				2
2025.10.30	00:48:52.904	0.87921				2
2025.10.30	00:48:54.642		0.87958			4
2025.10.30	00:49:00.368	0.87921				2
2025.10.30	00:49:06.371	0.87922				2
2025.10.30	00:49:06.907	0.87924	0.87965			6
2025.10.30	00:49:09.371	0.87925				2
2025.10.30	00:49:09.696	0.87926				2
2025.10.30	00:49:10.498	0.87925	0.87964			6
2025.10.30	00:49:14.056	0.87924				2
2025.10.30	00:49:22.040	0.87925				2
2025.10.30	00:49:24.068	0.87924				2
2025.10.30	00:49:27.069	0.87925				2
2025.10.30	00:49:32.408	0.87918	0.87951			6
2025.10.30	00:49:34.907		0.87954			4
2025.10.30	00:49:35.397		0.87955			4
2025.10.30	00:49:36.706	0.87929	0.87966			6
2025.10.30	00:49:45.369	0.87930				2
2025.10.30	00:49:49.269	0.87929				2
2025.10.30	00:49:50.878	0.87930				2
2025.10.30	00:49:51.256	0.87929				2
2025.10.30	00:49:57.068	0.87930				2
2025.10.30	00:50:00.321	0.87930				2
2025.10.30	00:50:01.793		0.87967			4
2025.10.30	00:50:04.635		0.87969			4
2025.10.30	00:50:10.534	0.87929	0.87968			6
2025.10.30	00:50:19.267	0.87930				2
2025.10.30	00:50:34.355	0.87929				2
2025.10.30	00:50:39.045	0.87930				2
2025.10.30	00:50:40.535	0.87929				2
2025.10.30	00:50:41.767	0.87930				2
2025.10.30	00:50:42.812	0.87929				2
2025.10.30	00:50:44.472	0.87930				2
2025.10.30	00:50:59.168	0.87929				2
2025.10.30	00:51:00.438	0.87930				2
2025.10.30	00:51:10.535		0.87968			4
2025.10.30	00:51:15.146	0.87917	0.87953			6
2025.10.30	00:51:16.160		0.87952			4
2025.10.30	00:51:20.916	0.87930	0.87968			6
2025.10.30	00:51:29.472	0.87931				2
2025.10.30	00:51:31.556	0.87930				2
2025.10.30	00:51:33.114	0.87931				2
2025.10.30	00:51:33.962	0.87932				2
2025.10.30	00:51:34.872	0.87933				2
2025.10.30	00:51:35.191	0.87932	0.87967			6
2025.10.30	00:51:37.120	0.87931				2
2025.10.30	00:51:40.269	0.87930				2
2025.10.30	00:51:44.060	0.87931				2
2025.10.30	00:51:57.022	0.87918	0.87952			6
2025.10.30	00:52:00.535	0.87918				2
2025.10.30	00:52:03.878	0.87919				2
2025.10.30	00:52:05.346	0.87920	0.87951			6
2025.10.30	00:52:06.968		0.87952			4
2025.10.30	00:52:08.877	0.87931	0.87967			6
2025.10.30	00:52:23.582	0.87932				2
2025.10.30	00:52:31.338	0.87933				2
2025.10.30	00:52:33.072	0.87932				2
2025.10.30	00:52:38.899	0.87920	0.87952			6
2025.10.30	00:52:50.967	0.87932	0.87967			6
2025.10.30	00:52:52.272	0.87931				2
2025.10.30	00:53:04.775	0.87933				2
2025.10.30	00:53:06.672	0.87932				2
2025.10.30	00:53:09.341	0.87931				2
2025.10.30	00:53:10.534		0.87966			4
2025.10.30	00:53:11.636	0.87932				2
2025.10.30	00:53:21.046	0.87919	0.87952			6
2025.10.30	00:53:33.047	0.87932	0.87966			6
2025.10.30	00:53:33.968	0.87933				2
2025.10.30	00:53:36.970	0.87932				2
2025.10.30	00:53:40.708	0.87933				2
2025.10.30	00:53:41.167	0.87932				2
2025.10.30	00:53:46.007	0.87933				2
2025.10.30	00:53:47.117	0.87934				2
2025.10.30	00:54:00.106	0.87934				2
2025.10.30	00:54:03.186	0.87918	0.87953			6
2025.10.30	00:54:05.207		0.87952			4
2025.10.30	00:54:06.114	0.87920	0.87951			6
2025.10.30	00:54:15.528	0.87932	0.87966			6
2025.10.30	00:54:16.269	0.87933				2
2025.10.30	00:54:18.190	0.87932				2
2025.10.30	00:54:20.768	0.87933				2
2025.10.30	00:54:27.667	0.87932				2
2025.10.30	00:54:30.367	0.87933				2
2025.10.30	00:54:45.603	0.87919	0.87951			6
2025.10.30	00:54:46.569	0.87920				2
2025.10.30	00:54:50.772		0.87950			4
2025.10.30	00:54:52.545	0.87922	0.87948			6
2025.10.30	00:54:54.373	0.87921	0.87949			6
2025.10.30	00:54:58.482	0.87931	0.87965			6
2025.10.30	00:55:00.671	0.87931				2
2025.10.30	00:55:07.423	0.87932				2
2025.10.30	00:55:10.871	0.87931				2
2025.10.30	00:55:27.354	0.87930				2
2025.10.30	00:55:28.554	0.87922	0.87948			6
2025.10.30	00:55:34.511	0.87930	0.87965			6
2025.10.30	00:55:35.768	0.87931				2
2025.10.30	00:55:42.668	0.87930				2
2025.10.30	00:55:44.773	0.87931				2
2025.10.30	00:55:47.891		0.87963			4
2025.10.30	00:56:01.748	0.87930				2
2025.10.30	00:56:03.672	0.87931				2
2025.10.30	00:56:12.844	0.87921	0.87949			6
2025.10.30	00:56:14.474	0.87922				2
2025.10.30	00:56:14.788		0.87948			4
2025.10.30	00:56:16.868		0.87949			4
2025.10.30	00:56:20.175		0.87948			4
2025.10.30	00:56:23.171		0.87949			4
2025.10.30	00:56:25.777	0.87930	0.87963			6
2025.10.30	00:56:29.172	0.87931				2
2025.10.30	00:56:46.134	0.87926	0.87955			6
2025.10.30	00:56:55.793	0.87914	0.87944			6
2025.10.30	00:56:57.669	0.87913				2
2025.10.30	00:57:00.356	0.87913				2
2025.10.30	00:57:05.471	0.87914				2
2025.10.30	00:57:07.269		0.87943			4
2025.10.30	00:57:08.740	0.87926	0.87955			6
2025.10.30	00:57:14.472	0.87927				2
2025.10.30	00:57:18.368	0.87926				2
2025.10.30	00:57:38.771	0.87915	0.87943			6
2025.10.30	00:57:51.670		0.87942			4
2025.10.30	00:57:53.045	0.87926	0.87954			6
2025.10.30	00:57:56.771	0.87925				2
2025.10.30	00:58:00.536	0.87925				2
2025.10.30	00:58:03.136	0.87926				2
2025.10.30	00:58:16.639	0.87937				2
2025.10.30	00:58:17.259	0.87926				2
2025.10.30	00:58:54.069		0.87954			4
2025.10.30	00:59:01.861	0.87926				2
2025.10.30	00:59:05.769	0.87927				2
2025.10.30	00:59:07.354	0.87926				2
2025.10.30	00:59:11.169	0.87925				2
2025.10.30	00:59:17.472	0.87926				2
2025.10.30	00:59:25.270	0.87927				2
2025.10.30	00:59:29.069	0.87917	0.87941			6
2025.10.30	00:59:42.092		0.87940			4
2025.10.30	00:59:43.249	0.87918	0.87939			6
2025.10.30	00:59:43.598	0.87925	0.87954			6
2025.10.30	00:59:45.067	0.87926				2
2025.10.30	00:59:46.236	0.87927				2
2025.10.30	00:59:53.065	0.87928				2
2025.10.30	00:59:54.373	0.87927				2
2025.10.30	00:59:56.666	0.87928				2
2025.10.30	00:59:59.769	0.87927				2
2025.10.30	01:00:00.293	0.87914	0.87936			6
2025.10.30	01:00:00.939	0.87915	0.87935			6
2025.10.30	01:00:01.284		0.87938			4
2025.10.30	01:00:01.599	0.87916	0.87937			6
2025.10.30	01:00:01.984		0.87938			4
2025.10.30	01:00:02.813		0.87937			4
2025.10.30	01:00:03.469	0.87924	0.87933			6
2025.10.30	01:00:05.341	0.87926	0.87932			6
2025.10.30	01:00:06.266	0.87925	0.87931			6
2025.10.30	01:00:06.896	0.87917	0.87938			6
2025.10.30	01:00:07.869	0.87918	0.87941			6
2025.10.30	01:00:08.170	0.87919				2
2025.10.30	01:00:09.361	0.87918	0.87942			6
2025.10.30	01:00:10.373	0.87919				2
2025.10.30	01:00:11.311	0.87918	0.87941			6
2025.10.30	01:00:15.802	0.87919	0.87942			6
2025.10.30	01:00:17.198	0.87920				2
2025.10.30	01:00:20.083		0.87941			4
2025.10.30	01:00:20.418		0.87943			4
2025.10.30	01:00:20.730	0.87921				2
2025.10.30	01:00:24.756	0.87920				2
2025.10.30	01:00:25.431	0.87921				2
2025.10.30	01:00:26.221	0.87920				2
2025.10.30	01:00:28.131	0.87921				2
2025.10.30	01:00:31.339		0.87942			4
2025.10.30	01:00:33.668		0.87943			4
2025.10.30	01:00:34.958		0.87942			4
2025.10.30	01:00:35.767		0.87943			4
2025.10.30	01:00:37.236		0.87942			4
2025.10.30	01:00:38.136	0.87922				2
2025.10.30	01:00:38.859		0.87944			4
2025.10.30	01:00:40.618	0.87921				2
2025.10.30	01:00:45.718	0.87922				2
2025.10.30	01:00:51.669		0.87943			4
2025.10.30	01:00:53.982	0.87919	0.87940			6
2025.10.30	01:00:55.029	0.87920				2
2025.10.30	01:00:55.396	0.87919				2
2025.10.30	01:00:56.470	0.87920				2
2025.10.30	01:00:59.168		0.87941			4
2025.10.30	01:01:00.311	0.87925	0.87943			6
2025.10.30	01:01:00.619	0.87926				2
2025.10.30	01:01:04.527	0.87920				2
2025.10.30	01:01:04.838		0.87942			4
2025.10.30	01:01:06.732	0.87921				2
2025.10.30	01:01:07.370		0.87941			4
2025.10.30	01:01:21.028	0.87920				2
2025.10.30	01:01:23.454		0.87939			4
2025.10.30	01:01:24.405		0.87940			4
2025.10.30	01:01:25.620	0.87921	0.87941			6
2025.10.30	01:01:31.361	0.87920				2
2025.10.30	01:01:33.547		0.87940			4
2025.10.30	01:01:34.568		0.87941			4
2025.10.30	01:01:36.756	0.87929				2
2025.10.30	01:01:40.269		0.87940			4
2025.10.30	01:01:52.550		0.87939			4
2025.10.30	01:01:54.738		0.87940			4
2025.10.30	01:02:00.366	0.87929				2
2025.10.30	01:02:05.168		0.87939			4
2025.10.30	01:02:06.322		0.87940			4
2025.10.30	01:02:09.670		0.87939			4
2025.10.30	01:02:11.824		0.87940			4
2025.10.30	01:02:17.218		0.87939			4
2025.10.30	01:02:20.768		0.87940			4
2025.10.30	01:02:24.969		0.87939			4
2025.10.30	01:02:25.431		0.87940			4
2025.10.30	01:02:46.873	0.87928				2
2025.10.30	01:02:55.867		0.87939			4
2025.10.30	01:03:00.506	0.87928				2
2025.10.30	01:03:01.198		0.87941			4
2025.10.30	01:03:01.704		0.87939			4
2025.10.30	01:03:11.938		0.87938			4
2025.10.30	01:03:12.240		0.87937			4
2025.10.30	01:03:12.741		0.87938			4
2025.10.30	01:03:13.379		0.87939			4
2025.10.30	01:03:13.771	0.87927	0.87937			6
2025.10.30	01:03:15.378	0.87923				2
2025.10.30	01:03:15.746		0.87936			4
2025.10.30	01:03:29.148		0.87937			4
2025.10.30	01:03:34.566		0.87936			4
2025.10.30	01:03:35.059		0.87937			4
2025.10.30	01:03:36.014		0.87932			4
2025.10.30	01:03:36.677		0.87934			4
2025.10.30	01:03:37.053		0.87933			4
2025.10.30	01:03:37.374	0.87921	0.87931			6
2025.10.30	01:03:38.019	0.87920				2
2025.10.30	01:03:38.350		0.87930			4
2025.10.30	01:03:39.567		0.87931			4
2025.10.30	01:03:42.471	0.87918	0.87930			6
2025.10.30	01:03:48.435		0.87931			4
2025.10.30	01:03:48.949		0.87930			4
2025.10.30	01:03:52.869		0.87929			4
2025.10.30	01:04:00.505	0.87918				2
2025.10.30	01:04:03.601		0.87927			4
2025.10.30	01:04:05.666		0.87926			4
2025.10.30	01:04:07.145		0.87927			4
2025.10.30	01:04:12.686		0.87928			4
2025.10.30	01:04:13.295		0.87927			4
2025.10.30	01:04:17.598		0.87928			4
2025.10.30	01:04:21.558		0.87929			4
2025.10.30	01:04:21.958		0.87928			4
2025.10.30	01:04:26.485	0.87922				2
2025.10.30	01:04:29.392	0.87926	0.87929			6
2025.10.30	01:04:31.559		0.87928			4
2025.10.30	01:04:33.876	0.87922				2
2025.10.30	01:04:34.465	0.87918				2
2025.10.30	01:04:35.686		0.87927			4
2025.10.30	01:04:36.126		0.87928			4
2025.10.30	01:04:36.596		0.87927			4
2025.10.30	01:04:38.380		0.87926			4
2025.10.30	01:04:40.293		0.87927			4
2025.10.30	01:04:44.837		0.87926			4
2025.10.30	01:04:55.075		0.87925			4
2025.10.30	01:05:00.379	0.87918	0.87924			6
2025.10.30	01:05:00.697		0.87928			4
2025.10.30	01:05:03.494	0.87919				2
2025.10.30	01:05:11.178		0.87926			4
2025.10.30	01:05:16.013		0.87925			4
2025.10.30	01:05:16.320		0.87927			4
2025.10.30	01:05:16.792		0.87925			4
2025.10.30	01:05:21.487	0.87923				2
2025.10.30	01:05:24.136		0.87924			4
2025.10.30	01:05:36.601		0.87925			4
2025.10.30	01:05:38.431	0.87919				2
2025.10.30	01:05:38.766	0.87923				2
2025.10.30	01:05:42.726	0.87919				2
2025.10.30	01:05:43.088	0.87923				2
2025.10.30	01:05:45.814	0.87918				2
2025.10.30	01:05:53.373		0.87926			4
2025.10.30	01:06:00.835	0.87918				2
2025.10.30	01:06:14.789		0.87927			4
2025.10.30	01:06:26.952	0.87919	0.87931			6
2025.10.30	01:06:27.295		0.87930			4
2025.10.30	01:06:27.609		0.87929			4
2025.10.30	01:06:34.477	0.87918	0.87928			6
2025.10.30	01:06:35.438		0.87929			4
2025.10.30	01:06:42.374		0.87928			4
2025.10.30	01:06:45.857		0.87926			4
2025.10.30	01:06:46.604		0.87928			4
2025.10.30	01:06:47.117		0.87929			4
2025.10.30	01:07:00.068	0.87918				2
2025.10.30	01:07:00.432		0.87928			4
2025.10.30	01:07:02.885		0.87926			4
2025.10.30	01:07:03.511		0.87929			4
2025.10.30	01:07:06.256	0.87919				2
2025.10.30	01:07:08.307	0.87918	0.87928			6
2025.10.30	01:07:08.611		0.87930			4
2025.10.30	01:07:09.028	0.87920				2
2025.10.30	01:07:16.599		0.87929			4
2025.10.30	01:07:17.881		0.87930			4
2025.10.30	01:07:19.393		0.87929			4
2025.10.30	01:07:20.710		0.87930			4
2025.10.30	01:07:29.102	0.87921				2
2025.10.30	01:07:31.388	0.87920				2
2025.10.30	01:07:36.376		0.87929			4
2025.10.30	01:07:36.710	0.87919				2
2025.10.30	01:07:37.215	0.87920				2
2025.10.30	01:07:45.372		0.87927			4
2025.10.30	01:07:46.570		0.87925			4
2025.10.30	01:07:48.263		0.87927			4
2025.10.30	01:07:56.604		0.87928			4
2025.10.30	01:07:58.557		0.87927			4
2025.10.30	01:07:58.898		0.87926			4
2025.10.30	01:08:00.638	0.87920				2
2025.10.30	01:08:03.446		0.87931			4
2025.10.30	01:08:22.512	0.87919	0.87930			6
2025.10.30	01:08:30.407		0.87931			4
2025.10.30	01:08:32.168		0.87930			4
2025.10.30	01:08:36.417		0.87931			4
2025.10.30	01:08:39.068		0.87930			4
2025.10.30	01:08:40.378	0.87920				2
2025.10.30	01:08:45.367		0.87931			4
2025.10.30	01:08:54.068		0.87930			4
2025.10.30	01:09:00.429	0.87920				2
2025.10.30	01:09:03.232		0.87927			4
2025.10.30	01:09:12.758		0.87926			4
2025.10.30	01:09:17.676		0.87927			4
2025.10.30	01:09:24.216		0.87926			4
2025.10.30	01:09:25.035		0.87927			4
2025.10.30	01:09:26.906		0.87926			4
2025.10.30	01:09:29.588		0.87927			4
2025.10.30	01:09:29.906		0.87926			4
2025.10.30	01:09:36.605		0.87927			4
2025.10.30	01:09:40.981	0.87919	0.87922			6
2025.10.30	01:09:46.611		0.87924			4
2025.10.30	01:09:50.651		0.87921			4
2025.10.30	01:09:58.567		0.87924			4
2025.10.30	01:09:58.940	0.87918				2
2025.10.30	01:10:00.382	0.87918				2
2025.10.30	01:10:01.276	0.87916	0.87923			6
2025.10.30	01:10:02.441		0.87924			4
2025.10.30	01:10:10.051	0.87920	0.87927			6
2025.10.30	01:10:16.395		0.87926			4
2025.10.30	01:10:16.698		0.87927			4
2025.10.30	01:10:24.218		0.87926			4
2025.10.30	01:10:41.768		0.87927			4
2025.10.30	01:10:42.376		0.87926			4
2025.10.30	01:10:44.168		0.87927			4
2025.10.30	01:10:54.579	0.87918	0.87924			6
2025.10.30	01:10:59.822		0.87925			4
2025.10.30	01:11:00.207	0.87918				2
2025.10.30	01:11:01.597		0.87926			4
2025.10.30	01:11:02.863		0.87925			4
2025.10.30	01:11:03.210		0.87927			4
2025.10.30	01:11:05.188		0.87925			4
2025.10.30	01:11:08.377	0.87919				2
2025.10.30	01:11:10.966		0.87926			4
2025.10.30	01:11:12.217		0.87925			4
2025.10.30	01:11:12.969		0.87926			4
2025.10.30	01:11:13.376	0.87921	0.87929			6
2025.10.30	01:11:13.786	0.87923				2
2025.10.30	01:11:15.378		0.87928			4
2025.10.30	01:11:21.969		0.87929			4
2025.10.30	01:11:23.395	0.87922				2
2025.10.30	01:11:23.723		0.87928			4
2025.10.30	01:11:26.961		0.87930			4
2025.10.30	01:11:27.296		0.87931			4
2025.10.30	01:11:27.598	0.87923	0.87930			6
2025.10.30	01:11:28.673	0.87924				2
2025.10.30	01:11:33.433	0.87923				2
2025.10.30	01:11:34.613	0.87924				2
2025.10.30	01:11:35.671	0.87923				2
2025.10.30	01:11:38.896		0.87931			4
2025.10.30	01:11:40.841	0.87925	0.87933			6
2025.10.30	01:12:00.493	0.87926	0.87934			6
2025.10.30	01:12:00.799	0.87925	0.87933			6
2025.10.30	01:12:03.090	0.87926	0.87931			6
2025.10.30	01:12:04.916	0.87925				2
2025.10.30	01:12:07.008	0.87926				2
2025.10.30	01:12:07.314		0.87930			4
2025.10.30	01:12:08.566		0.87931			4
2025.10.30	01:12:09.706		0.87930			4
2025.10.30	01:12:10.306	0.87925				2
2025.10.30	01:12:11.126		0.87931			4
2025.10.30	01:12:16.023	0.87924	0.87930			6
2025.10.30	01:12:17.195		0.87928			4
2025.10.30	01:12:17.519		0.87929			4
2025.10.30	01:12:17.847		0.87928			4
2025.10.30	01:12:21.215	0.87926	0.87932			6
2025.10.30	01:12:22.566		0.87933			4
2025.10.30	01:12:25.772		0.87932			4
2025.10.30	01:12:26.131		0.87933			4
2025.10.30	01:12:27.001	0.87924	0.87929			6
2025.10.30	01:13:00.663	0.87924	0.87928			6
2025.10.30	01:13:40.135	0.87925				2
2025.10.30	01:13:40.471	0.87924				2
2025.10.30	01:13:42.047	0.87922	0.87930			6
2025.10.30	01:14:01.323	0.87922				2
2025.10.30	01:14:12.677		0.87931			4
2025.10.30	01:14:15.520	0.87924				2
2025.10.30	01:14:15.935	0.87922				2
2025.10.30	01:14:27.118		0.87930			4
2025.10.30	01:14:31.748		0.87931			4
2025.10.30	01:14:42.114	0.87928	0.87936			6
2025.10.30	01:14:42.420	0.87931	0.87937			6
2025.10.30	01:14:43.429	0.87933				2
2025.10.30	01:14:44.188	0.87943	0.87946			6
2025.10.30	01:14:44.501	0.87941	0.87945			6
2025.10.30	01:14:44.809	0.87940				2
2025.10.30	01:14:45.192	0.87938	0.87943			6
2025.10.30	01:14:48.604	0.87936	0.87942			6
2025.10.30	01:14:52.028	0.87934	0.87940			6
2025.10.30	01:15:00.968	0.87934				2
2025.10.30	01:15:02.593	0.87933	0.87939			6
2025.10.30	01:15:03.221	0.87934				2
2025.10.30	01:15:07.891	0.87933				2
2025.10.30	01:15:12.676		0.87938			4
2025.10.30	01:15:16.741	0.87932				2
2025.10.30	01:15:31.204		0.87937			4
2025.10.30	01:15:34.439		0.87938			4
2025.10.30	01:15:35.350		0.87937			4
2025.10.30	01:15:37.656		0.87938			4
2025.10.30	01:15:40.870		0.87937			4
2025.10.30	01:15:41.554		0.87938			4
2025.10.30	01:16:00.064	0.87932				2
2025.10.30	01:16:32.772	0.87930	0.87936			6
2025.10.30	01:16:46.027	0.87931				2
2025.10.30	01:16:50.424	0.87932	0.87937			6
2025.10.30	01:17:00.506	0.87930	0.87936			6
2025.10.30	01:17:00.835	0.87929				2
2025.10.30	01:17:04.099		0.87937			4
2025.10.30	01:17:07.549	0.87931	0.87939			6
2025.10.30	01:17:07.858	0.87930				2
2025.10.30	01:17:08.617	0.87932	0.87940			6
2025.10.30	01:17:08.930		0.87939			4
2025.10.30	01:17:13.559	0.87930				2
2025.10.30	01:17:14.595	0.87931				2
2025.10.30	01:17:16.432	0.87932				2
2025.10.30	01:17:27.465	0.87930	0.87936			6
2025.10.30	01:17:31.431		0.87937			4
2025.10.30	01:17:54.151	0.87932				2
2025.10.30	01:17:58.247	0.87930				2
2025.10.30	01:18:00.498	0.87929	0.87936			6
2025.10.30	01:18:01.476	0.87930				2
2025.10.30	01:18:02.248	0.87928				2
2025.10.30	01:18:07.108	0.87929				2
2025.10.30	01:18:11.469		0.87935			4
2025.10.30	01:18:12.381	0.87932				2
2025.10.30	01:18:14.636	0.87930	0.87936			6
2025.10.30	01:18:18.945	0.87929				2
2025.10.30	01:18:23.168		0.87935			4
2025.10.30	01:19:00.637	0.87929				2
2025.10.30	01:19:24.535		0.87935			4
2025.10.30	01:20:00.415	0.87929				2
2025.10.30	01:20:02.605	0.87931				2
2025.10.30	01:20:02.926	0.87934	0.87940			6
2025.10.30	01:20:03.327	0.87935	0.87941			6
2025.10.30	01:20:03.971	0.87936				2
2025.10.30	01:20:04.846		0.87940			4
2025.10.30	01:20:05.422		0.87944			4
2025.10.30	01:20:05.740		0.87943			4
2025.10.30	01:20:08.677	0.87934	0.87941			6
2025.10.30	01:20:09.717	0.87933	0.87940			6
2025.10.30	01:20:13.263		0.87941			4
2025.10.30	01:20:13.628		0.87937			4
2025.10.30	01:20:13.937		0.87941			4
2025.10.30	01:20:14.300	0.87937				2
2025.10.30	01:20:17.412		0.87940			4
2025.10.30	01:20:20.440		0.87939			4
2025.10.30	01:20:21.874	0.87932	0.87937			6
2025.10.30	01:20:22.180	0.87930				2
2025.10.30	01:20:22.562	0.87932				2
2025.10.30	01:20:22.888	0.87936				2
2025.10.30	01:20:23.751	0.87930				2
2025.10.30	01:20:24.138	0.87934	0.87935			6
2025.10.30	01:20:32.695	0.87930				2
2025.10.30	01:20:37.215	0.87929				2
2025.10.30	01:20:37.825		0.87934			4
2025.10.30	01:20:38.127		0.87935			4
2025.10.30	01:20:40.672	0.87930				2
2025.10.30	01:20:42.731	0.87932				2
2025.10.30	01:20:43.503	0.87933				2
2025.10.30	01:20:50.577	0.87931				2
2025.10.30	01:21:00.667	0.87935	0.87941			6
2025.10.30	01:21:00.978	0.87936				2
2025.10.30	01:21:01.646	0.87937				2
2025.10.30	01:21:01.966	0.87934	0.87940			6
2025.10.30	01:21:02.577	0.87933	0.87939			6
2025.10.30	01:21:12.762	0.87936	0.87941			6
2025.10.30	01:21:13.842		0.87940			4
2025.10.30	01:21:16.397		0.87941			4
2025.10.30	01:21:36.602		0.87940			4
2025.10.30	01:21:39.722		0.87939			4
2025.10.30	01:21:43.868		0.87940			4
2025.10.30	01:21:44.290	0.87937				2
2025.10.30	01:21:44.836	0.87936				2
2025.10.30	01:21:45.990	0.87934	0.87939			6
2025.10.30	01:21:57.630	0.87936	0.87941			6
2025.10.30	01:22:00.433	0.87937	0.87942			6
2025.10.30	01:22:05.851		0.87943			4
2025.10.30	01:22:08.197	0.87936	0.87942			6
2025.10.30	01:22:20.006		0.87941			4
2025.10.30	01:22:21.524		0.87942			4
2025.10.30	01:22:23.774		0.87943			4
2025.10.30	01:22:32.376		0.87942			4
2025.10.30	01:22:39.480	0.87937				2
2025.10.30	01:22:46.440		0.87941			4
2025.10.30	01:22:48.727		0.87943			4
2025.10.30	01:22:50.223		0.87942			4
2025.10.30	01:22:59.545	0.87941				2
2025.10.30	01:23:00.350	0.87941				2
2025.10.30	01:23:08.461	0.87940	0.87941			6
2025.10.30	01:23:11.905		0.87942			4
2025.10.30	01:23:15.642		0.87941			4
2025.10.30	01:23:23.475		0.87942			4
2025.10.30	01:23:24.975		0.87941			4
2025.10.30	01:23:40.777	0.87939	0.87940			6
2025.10.30	01:23:50.535	0.87938	0.87939			6
2025.10.30	01:24:00.441	0.87938				2
2025.10.30	01:24:02.424	0.87935	0.87936			6
2025.10.30	01:24:07.872	0.87933	0.87934			6
2025.10.30	01:24:08.596		0.87935			4
2025.10.30	01:24:15.370	0.87930	0.87934			6
2025.10.30	01:24:15.837	0.87931				2
2025.10.30	01:24:17.746	0.87933				2
2025.10.30	01:24:27.688	0.87931				2
2025.10.30	01:24:45.300	0.87933				2
2025.10.30	01:24:45.798	0.87930	0.87933			6
2025.10.30	01:24:59.516		0.87934			4
2025.10.30	01:24:59.821	0.87931	0.87935			6
2025.10.30	01:25:00.122	0.87931	0.87934			6
2025.10.30	01:25:00.710	0.87935	0.87936			6
2025.10.30	01:25:29.223	0.87934	0.87935			6
2025.10.30	01:25:36.069		0.87936			4
2025.10.30	01:25:50.389		0.87935			4
2025.10.30	01:25:51.107	0.87935	0.87937			6
2025.10.30	01:25:52.547	0.87934	0.87936			6
2025.10.30	01:25:53.140	0.87932	0.87934			6
2025.10.30	01:26:00.432	0.87932				2
2025.10.30	01:26:10.190		0.87933			4
2025.10.30	01:26:23.297	0.87931				2
2025.10.30	01:26:23.856	0.87932				2
2025.10.30	01:26:29.046	0.87931				2
2025.10.30	01:26:30.405	0.87929	0.87934			6
2025.10.30	01:26:41.470	0.87928	0.87932			6
2025.10.30	01:26:46.270		0.87931			4
2025.10.30	01:26:57.112	0.87927	0.87930			6
2025.10.30	01:26:57.779	0.87926	0.87929			6
2025.10.30	01:27:00.065	0.87926	0.87928			6
2025.10.30	01:27:08.497		0.87927			4
2025.10.30	01:27:11.662		0.87929			4
2025.10.30	01:27:11.971		0.87928			4
2025.10.30	01:27:14.316		0.87927			4
2025.10.30	01:27:16.557		0.87928			4
2025.10.30	01:27:20.400		0.87927			4
2025.10.30	01:27:25.714		0.87928			4
2025.10.30	01:27:27.392		0.87927			4
2025.10.30	01:27:46.149	0.87927	0.87929			6
2025.10.30	01:27:48.969		0.87928			4
2025.10.30	01:28:00.086	0.87926				2
2025.10.30	01:28:00.472		0.87927			4
2025.10.30	01:28:17.888	0.87924				2
2025.10.30	01:28:18.198		0.87926			4
2025.10.30	01:28:18.691		0.87927			4
2025.10.30	01:28:19.845	0.87922	0.87926			6
2025.10.30	01:28:20.225		0.87925			4
2025.10.30	01:28:20.535		0.87927			4
2025.10.30	01:28:22.135	0.87924	0.87926			6
2025.10.30	01:28:26.251	0.87923	0.87925			6
2025.10.30	01:28:34.546	0.87924	0.87926			6
2025.10.30	01:28:34.882	0.87922				2
2025.10.30	01:28:36.342		0.87925			4
2025.10.30	01:28:37.398		0.87924			4
2025.10.30	01:28:39.671		0.87925			4
2025.10.30	01:28:42.982	0.87923				2
2025.10.30	01:28:46.397	0.87924	0.87928			6
2025.10.30	01:28:51.579	0.87925				2
2025.10.30	01:28:54.326	0.87926	0.87929			6
2025.10.30	01:28:55.104		0.87928			4
2025.10.30	01:28:56.661	0.87927	0.87930			6
2025.10.30	01:28:56.980	0.87928	0.87931			6
2025.10.30	01:28:57.316		0.87930			4
2025.10.30	01:29:02.282	0.87927	0.87929			6
2025.10.30	01:29:02.835	0.87926	0.87927			6
2025.10.30	01:29:03.137	0.87924	0.87926			6
2025.10.30	01:29:06.070		0.87927			4
2025.10.30	01:29:13.868	0.87926				2
2025.10.30	01:29:14.965	0.87924				2
2025.10.30	01:29:37.504	0.87926				2
2025.10.30	01:29:37.817	0.87924				2
2025.10.30	01:29:49.204	0.87926	0.87928			6
2025.10.30	01:29:54.861	0.87924				2
2025.10.30	01:29:55.868		0.87927			4
2025.10.30	01:29:57.900	0.87925				2
2025.10.30	01:29:58.202	0.87924				2
2025.10.30	01:30:00.476	0.87924	0.87928			6
2025.10.30	01:30:00.826		0.87926			4
2025.10.30	01:30:01.138	0.87926	0.87927			6
2025.10.30	01:30:01.945	0.87924	0.87926			6
2025.10.30	01:30:03.043	0.87922				2
2025.10.30	01:30:03.376	0.87924	0.87927			6
2025.10.30	01:30:04.328		0.87926			4
2025.10.30	01:30:06.285	0.87925				2
2025.10.30	01:30:06.603	0.87924				2
2025.10.30	01:30:11.575	0.87925	0.87927			6
2025.10.30	01:30:12.918	0.87923	0.87926			6
2025.10.30	01:30:13.219	0.87922	0.87925			6
2025.10.30	01:30:13.658		0.87924			4
2025.10.30	01:30:15.374		0.87925			4
2025.10.30	01:30:15.678		0.87924			4
2025.10.30	01:30:22.270		0.87923			4
2025.10.30	01:30:26.169	0.87924	0.87926			6
2025.10.30	01:30:29.246		0.87927			4
2025.10.30	01:30:30.156		0.87926			4
2025.10.30	01:30:30.472		0.87927			4
2025.10.30	01:30:31.562		0.87926			4
2025.10.30	01:30:36.113		0.87927			4
2025.10.30	01:30:38.114	0.87923	0.87926			6
2025.10.30	01:30:43.024		0.87925			4
2025.10.30	01:30:45.681	0.87922	0.87924			6
2025.10.30	01:31:00.471	0.87922				2
2025.10.30	01:31:01.535		0.87925			4
2025.10.30	01:31:04.253	0.87923	0.87924			6
2025.10.30	01:31:06.525	0.87922	0.87925			6
2025.10.30	01:31:09.506	0.87923	0.87924			6
2025.10.30	01:31:12.071	0.87922	0.87925			6
2025.10.30	01:31:32.562	0.87923				2
2025.10.30	01:31:35.064	0.87922				2
2025.10.30	01:31:37.484	0.87923				2
2025.10.30	01:31:39.685	0.87922				2
2025.10.30	01:31:41.294	0.87923	0.87924			6
2025.10.30	01:31:43.993	0.87922	0.87925			6
2025.10.30	01:31:46.549	0.87923	0.87924			6
2025.10.30	01:31:47.906	0.87922				2
2025.10.30	01:31:56.611		0.87923			4
2025.10.30	01:32:00.469	0.87922				2
2025.10.30	01:32:38.378	0.87924	0.87927			6
2025.10.30	01:32:41.132		0.87928			4
2025.10.30	01:32:47.259	0.87925				2
2025.10.30	01:32:52.121		0.87927			4
2025.10.30	01:33:00.470	0.87925	0.87928			6
2025.10.30	01:33:09.667		0.87927			4
2025.10.30	01:33:16.371		0.87928			4
2025.10.30	01:33:26.081	0.87928	0.87930			6
2025.10.30	01:33:30.456		0.87931			4
2025.10.30	01:33:33.545		0.87930			4
2025.10.30	01:33:34.432	0.87927	0.87928			6
2025.10.30	01:34:00.065	0.87927				2
2025.10.30	01:34:02.183	0.87928	0.87930			6
2025.10.30	01:34:04.570	0.87927	0.87928			6
2025.10.30	01:34:25.391	0.87925	0.87927			6
2025.10.30	01:34:28.316	0.87924				2
2025.10.30	01:34:36.527	0.87925				2
2025.10.30	01:34:38.162		0.87926			4
2025.10.30	01:34:38.477	0.87924				2
2025.10.30	01:34:46.478		0.87927			4
2025.10.30	01:34:46.832		0.87926			4
2025.10.30	01:35:01.439	0.87924				2
2025.10.30	01:35:07.194	0.87922	0.87925			6
2025.10.30	01:35:07.502	0.87924	0.87926			6
2025.10.30	01:35:24.138		0.87925			4
2025.10.30	01:35:35.933	0.87922	0.87924			6
2025.10.30	01:35:36.236	0.87924	0.87926			6
2025.10.30	01:35:56.327	0.87925	0.87927			6
2025.10.30	01:35:57.034		0.87928			4
2025.10.30	01:35:59.056		0.87929			4
2025.10.30	01:36:01.991	0.87925				2
2025.10.30	01:36:02.376	0.87928	0.87930			6
2025.10.30	01:36:11.571	0.87925	0.87928			6
2025.10.30	01:36:50.449		0.87927			4
2025.10.30	01:36:57.404		0.87928			4
2025.10.30	01:37:00.039	0.87925				2
2025.10.30	01:37:00.428		0.87929			4
2025.10.30	01:37:03.926	0.87927				2
2025.10.30	01:37:06.681	0.87925				2
2025.10.30	01:37:10.147		0.87928			4
2025.10.30	01:37:24.770	0.87927	0.87929			6
2025.10.30	01:37:31.969	0.87926				2
2025.10.30	01:37:32.291	0.87925				2
2025.10.30	01:37:32.637	0.87926				2
2025.10.30	01:37:35.411	0.87924	0.87927			6
2025.10.30	01:37:58.696	0.87925	0.87929			6
2025.10.30	01:37:59.799	0.87926				2
2025.10.30	01:38:00.298	0.87925	0.87928			6
2025.10.30	01:38:01.160		0.87929			4
2025.10.30	01:38:01.573	0.87927	0.87930			6
2025.10.30	01:38:19.757	0.87925	0.87928			6
2025.10.30	01:38:35.366		0.87930			4
2025.10.30	01:38:38.655		0.87929			4
2025.10.30	01:38:39.423		0.87928			4
2025.10.30	01:38:52.759	0.87924				2
2025.10.30	01:38:55.826	0.87929	0.87931			6
2025.10.30	01:38:57.351	0.87925	0.87928			6
2025.10.30	01:39:00.029	0.87925				2
2025.10.30	01:39:17.242	0.87924				2
2025.10.30	01:39:24.376	0.87925				2
2025.10.30	01:39:26.470		0.87929			4
2025.10.30	01:39:39.049	0.87929	0.87931			6
2025.10.30	01:39:39.953		0.87932			4
2025.10.30	01:39:55.030	0.87925	0.87930			6
2025.10.30	01:40:00.398	0.87925				2
2025.10.30	01:40:05.769		0.87929			4
2025.10.30	01:40:13.001		0.87928			4
2025.10.30	01:40:15.296		0.87929			4
2025.10.30	01:40:52.570		0.87930			4
2025.10.30	01:40:57.420		0.87929			4
2025.10.30	01:41:00.086	0.87925				2
2025.10.30	01:41:05.106	0.87924	0.87927			6
2025.10.30	01:41:06.610		0.87926			4
2025.10.30	01:41:08.949		0.87927			4
2025.10.30	01:41:22.988		0.87926			4
2025.10.30	01:41:53.804	0.87925	0.87928			6
2025.10.30	01:42:00.323	0.87925	0.87929			6
2025.10.30	01:42:15.379		0.87930			4
2025.10.30	01:42:20.771		0.87929			4
2025.10.30	01:42:25.022	0.87927	0.87930			6
2025.10.30	01:42:31.569	0.87928				2
2025.10.30	01:42:35.390	0.87927	0.87931			6
2025.10.30	01:42:46.615	0.87928	0.87932			6
2025.10.30	01:42:46.927	0.87927	0.87931			6
2025.10.30	01:42:48.577	0.87930	0.87934			6
2025.10.30	01:42:49.145	0.87931				2
2025.10.30	01:42:53.846	0.87932	0.87937			6
2025.10.30	01:43:00.350	0.87932				2
2025.10.30	01:43:00.676		0.87936			4
2025.10.30	01:43:25.745	0.87937	0.87938			6
2025.10.30	01:43:31.765		0.87939			4
2025.10.30	01:43:34.110	0.87934	0.87936			6
2025.10.30	01:43:34.439	0.87932	0.87935			6
2025.10.30	01:43:43.377	0.87934				2
2025.10.30	01:43:57.269	0.87932				2
2025.10.30	01:43:58.658		0.87934			4
2025.10.30	01:44:00.671	0.87932	0.87935			6
2025.10.30	01:44:07.095		0.87936			4
2025.10.30	01:44:15.368	0.87937	0.87938			6
2025.10.30	01:44:25.850	0.87934	0.87939			6
2025.10.30	01:44:26.160	0.87936	0.87940			6
2025.10.30	01:44:27.084	0.87934	0.87938			6
2025.10.30	01:44:27.395	0.87936	0.87940			6
2025.10.30	01:44:29.381	0.87937	0.87941			6
2025.10.30	01:44:30.494	0.87936	0.87939			6
2025.10.30	01:44:33.358		0.87940			4
2025.10.30	01:44:34.192	0.87937				2
2025.10.30	01:44:37.635		0.87938			4
2025.10.30	01:44:43.281		0.87939			4
2025.10.30	01:44:45.827	0.87938				2
2025.10.30	01:44:54.962		0.87940			4
2025.10.30	01:45:00.435	0.87938				2
2025.10.30	01:45:04.427	0.87935	0.87939			6
2025.10.30	01:45:15.411		0.87938			4
2025.10.30	01:45:16.608	0.87937	0.87939			6
2025.10.30	01:45:20.255	0.87938	0.87940			6
2025.10.30	01:45:23.526		0.87939			4
2025.10.30	01:45:27.835		0.87940			4
2025.10.30	01:45:32.774		0.87939			4
2025.10.30	01:45:45.343		0.87940			4
2025.10.30	01:45:45.653	0.87940	0.87941			6
2025.10.30	01:46:00.490	0.87938	0.87939			6
2025.10.30	01:46:07.130	0.87940	0.87941			6
2025.10.30	01:46:15.363	0.87938	0.87940			6
2025.10.30	01:46:25.224	0.87935	0.87938			6
2025.10.30	01:46:29.772		0.87937			4
2025.10.30	01:46:37.348	0.87934				2
2025.10.30	01:46:44.123	0.87936				2
2025.10.30	01:46:47.834	0.87938	0.87939			6
2025.10.30	01:46:48.160	0.87937	0.87938			6
2025.10.30	01:46:48.787	0.87940	0.87941			6
2025.10.30	01:47:00.354	0.87940				2
2025.10.30	01:47:09.988	0.87938	0.87939			6
2025.10.30	01:47:36.858	0.87936	0.87938			6
2025.10.30	01:47:40.041		0.87937			4
2025.10.30	01:48:00.271	0.87935				2
2025.10.30	01:48:03.841		0.87936			4
2025.10.30	01:48:05.245		0.87937			4
2025.10.30	01:48:06.691	0.87933	0.87935			6
2025.10.30	01:48:15.388	0.87935	0.87936			6
2025.10.30	01:48:37.583	0.87933				2
2025.10.30	01:48:54.359		0.87934			4
2025.10.30	01:48:59.480		0.87936			4
2025.10.30	01:49:00.101	0.87935	0.87938			6
2025.10.30	01:49:00.421	0.87936	0.87939			6
2025.10.30	01:49:01.391	0.87935	0.87937			6
2025.10.30	01:49:01.861	0.87933				2
2025.10.30	01:49:05.496		0.87936			4
2025.10.30	01:49:20.307	0.87935				2
2025.10.30	01:49:20.612	0.87933				2
2025.10.30	01:49:24.247	0.87931	0.87934			6
2025.10.30	01:49:30.436		0.87935			4
2025.10.30	01:49:30.758	0.87935	0.87936			6
2025.10.30	01:49:35.917	0.87936	0.87937			6
2025.10.30	01:49:59.576	0.87935				2
2025.10.30	01:50:01.588	0.87934	0.87936			6
2025.10.30	01:50:11.016	0.87935	0.87937			6
2025.10.30	01:50:15.381		0.87936			4
2025.10.30	01:51:00.447	0.87935				2
2025.10.30	01:51:07.458	0.87936	0.87937			6
2025.10.30	01:51:13.306	0.87935	0.87936			6
2025.10.30	01:51:16.096	0.87936	0.87937			6
2025.10.30	01:51:16.399	0.87935	0.87936			6
2025.10.30	01:51:34.058	0.87936	0.87937			6
2025.10.30	01:51:34.930	0.87935	0.87936			6
2025.10.30	01:51:40.665	0.87936	0.87937			6
2025.10.30	01:51:41.240	0.87935	0.87936			6
2025.10.30	01:51:43.525	0.87936	0.87937			6
2025.10.30	01:51:50.758	0.87933	0.87934			6
2025.10.30	01:51:51.097	0.87931	0.87933			6
2025.10.30	01:52:00.503	0.87931				2
2025.10.30	01:52:27.920	0.87935	0.87936			6
2025.10.30	01:52:30.999	0.87933	0.87934			6
2025.10.30	01:52:49.820		0.87935			4
2025.10.30	01:53:00.502	0.87933				2
2025.10.30	01:53:01.320		0.87934			4
2025.10.30	01:53:15.378		0.87935			4
2025.10.30	01:53:22.687	0.87935	0.87936			6
2025.10.30	01:53:25.048		0.87937			4
2025.10.30	01:53:30.314		0.87938			4
2025.10.30	01:53:45.768	0.87936	0.87939			6
2025.10.30	01:54:00.012	0.87941	0.87942			6
2025.10.30	01:54:00.351	0.87940	0.87941			6
2025.10.30	01:54:00.878	0.87938				2
2025.10.30	01:54:06.132	0.87937				2
2025.10.30	01:54:08.165		0.87939			4
2025.10.30	01:54:13.568		0.87938			4
2025.10.30	01:54:15.205	0.87938	0.87939			6
2025.10.30	01:54:30.250		0.87940			4
2025.10.30	01:54:32.398	0.87941	0.87942			6
2025.10.30	01:54:33.468		0.87943			4
2025.10.30	01:54:34.826		0.87945			4
2025.10.30	01:54:36.358	0.87944	0.87948			6
2025.10.30	01:54:38.265	0.87946				2
2025.10.30	01:54:41.702	0.87949	0.87950			6
2025.10.30	01:54:43.675		0.87951			4
2025.10.30	01:54:44.343	0.87950				2
2025.10.30	01:54:44.896	0.87949				2
2025.10.30	01:54:45.543	0.87948				2
2025.10.30	01:54:54.136	0.87950				2
2025.10.30	01:55:00.537	0.87950				2
2025.10.30	01:55:01.455		0.87952			4
2025.10.30	01:55:03.451	0.87951	0.87953			6
2025.10.30	01:55:03.831		0.87954			4
2025.10.30	01:55:06.066	0.87950	0.87953			6
2025.10.30	01:55:07.366	0.87948	0.87952			6
2025.10.30	01:55:10.997	0.87947	0.87950			6
2025.10.30	01:55:21.592	0.87945	0.87948			6
2025.10.30	01:55:24.743	0.87943	0.87946			6
2025.10.30	01:55:30.908	0.87942				2
2025.10.30	01:55:31.730	0.87946	0.87949			6
2025.10.30	01:55:32.061		0.87948			4
2025.10.30	01:55:33.404	0.87945				2
2025.10.30	01:55:33.752	0.87946				2
2025.10.30	01:55:34.771		0.87949			4
2025.10.30	01:55:39.367	0.87947	0.87950			6
2025.10.30	01:55:41.167		0.87949			4
2025.10.30	01:55:46.672		0.87950			4
2025.10.30	01:55:59.841	0.87943	0.87947			6
2025.10.30	01:56:00.165	0.87943				2
2025.10.30	01:56:14.681		0.87946			4
2025.10.30	01:56:15.366	0.87944	0.87947			6
2025.10.30	01:56:26.772		0.87946			4
2025.10.30	01:56:30.416	0.87943				2
2025.10.30	01:56:32.522	0.87944				2
2025.10.30	01:56:36.194	0.87943				2
2025.10.30	01:56:42.889		0.87947			4
2025.10.30	01:56:44.293	0.87944				2
2025.10.30	01:56:48.307		0.87948			4
2025.10.30	01:56:48.660		0.87947			4
2025.10.30	01:56:53.418	0.87942	0.87945			6
2025.10.30	01:56:54.370	0.87943				2
2025.10.30	01:56:55.138	0.87941				2
2025.10.30	01:57:00.612	0.87941				2
2025.10.30	01:57:05.170	0.87942	0.87944			6
2025.10.30	01:57:13.588	0.87943	0.87946			6
2025.10.30	01:57:13.933	0.87942				2
2025.10.30	01:57:36.432	0.87945	0.87948			6
2025.10.30	01:57:58.830	0.87946				2
2025.10.30	01:58:00.026	0.87946				2
2025.10.30	01:58:02.145	0.87945				2
2025.10.30	01:58:03.930	0.87946				2
2025.10.30	01:58:08.731	0.87945				2
2025.10.30	01:58:17.451	0.87944				2
2025.10.30	01:58:26.469		0.87949			4
2025.10.30	01:58:27.909	0.87945				2
2025.10.30	01:58:30.417	0.87946				2
2025.10.30	01:58:35.485	0.87945	0.87950			6
2025.10.30	01:58:41.354	0.87946				2
2025.10.30	01:58:42.920	0.87945				2
2025.10.30	01:58:46.105	0.87946				2
2025.10.30	01:58:47.156	0.87949	0.87953			6
2025.10.30	01:58:48.025	0.87946	0.87950			6
2025.10.30	01:58:50.382	0.87948				2
2025.10.30	01:58:51.713	0.87947				2
2025.10.30	01:58:52.239	0.87948	0.87951			6
2025.10.30	01:58:56.205	0.87951	0.87955			6
2025.10.30	01:58:57.281		0.87953			4
2025.10.30	01:58:58.275	0.87952	0.87955			6
2025.10.30	01:59:00.898	0.87952				2
2025.10.30	01:59:04.357	0.87951				2
2025.10.30	01:59:10.879	0.87952				2
2025.10.30	01:59:11.420	0.87951				2
2025.10.30	01:59:12.729		0.87954			4
2025.10.30	01:59:21.557	0.87952				2
2025.10.30	01:59:28.286		0.87955			4
2025.10.30	01:59:30.438	0.87951	0.87954			6
2025.10.30	01:59:39.629	0.87947	0.87950			6
2025.10.30	01:59:47.159	0.87949	0.87952			6
2025.10.30	01:59:48.276	0.87948				2
2025.10.30	01:59:49.921	0.87947				2
2025.10.30	01:59:53.688	0.87948				2
2025.10.30	02:00:00.382	0.87948				2
2025.10.30	02:00:01.254	0.87949	0.87951			6
2025.10.30	02:00:06.347	0.87951	0.87955			6
2025.10.30	02:00:06.658	0.87953				2
2025.10.30	02:00:07.725		0.87956			4
2025.10.30	02:00:08.495	0.87954				2
2025.10.30	02:00:08.799	0.87953	0.87955			6
2025.10.30	02:00:10.241		0.87956			4
2025.10.30	02:00:10.549	0.87954	0.87957			6
2025.10.30	02:00:10.866	0.87953	0.87955			6
2025.10.30	02:00:12.243	0.87952				2
2025.10.30	02:00:12.734	0.87954	0.87956			6
2025.10.30	02:00:14.771	0.87953				2
2025.10.30	02:00:16.178	0.87949	0.87952			6
2025.10.30	02:00:16.932	0.87950	0.87953			6
2025.10.30	02:00:17.237		0.87954			4
2025.10.30	02:00:18.500	0.87951				2
2025.10.30	02:00:20.474	0.87952				2
2025.10.30	02:00:25.641	0.87950				2
2025.10.30	02:00:30.439	0.87949				2
2025.10.30	02:00:30.907	0.87948				2
2025.10.30	02:00:31.383	0.87949				2
2025.10.30	02:00:31.697	0.87950				2
2025.10.30	02:00:32.829	0.87951				2
2025.10.30	02:00:44.533		0.87955			4
2025.10.30	02:00:46.484	0.87952				2
2025.10.30	02:00:49.674	0.87953	0.87957			6
2025.10.30	02:00:49.980	0.87954	0.87958			6
2025.10.30	02:00:50.384		0.87957			4
2025.10.30	02:00:51.431	0.87955	0.87958			6
2025.10.30	02:00:54.235		0.87957			4
2025.10.30	02:00:55.221		0.87958			4
2025.10.30	02:00:55.902		0.87957			4
2025.10.30	02:00:56.655	0.87953				2
2025.10.30	02:00:56.967	0.87954	0.87958			6
2025.10.30	02:00:58.195	0.87955	0.87957			6
2025.10.30	02:00:59.081	0.87954				2
2025.10.30	02:01:00.131	0.87955				2
2025.10.30	02:01:00.654	0.87954				2
2025.10.30	02:01:01.687	0.87952				2
2025.10.30	02:01:02.001	0.87954				2
2025.10.30	02:01:03.432	0.87955				2
2025.10.30	02:01:04.121	0.87952	0.87954			6
2025.10.30	02:01:05.514	0.87951				2
2025.10.30	02:01:07.374	0.87949				2
2025.10.30	02:01:07.746	0.87951				2
2025.10.30	02:01:09.058		0.87953			4
2025.10.30	02:01:10.664	0.87950	0.87954			6
2025.10.30	02:01:12.772	0.87951				2
2025.10.30	02:01:14.742	0.87947	0.87951			6
2025.10.30	02:01:15.059	0.87948	0.87952			6
2025.10.30	02:01:16.133	0.87947	0.87950			6
2025.10.30	02:01:16.898		0.87949			4
2025.10.30	02:01:18.472	0.87946	0.87948			6
2025.10.30	02:01:22.391	0.87947	0.87950			6
2025.10.30	02:01:25.231	0.87946	0.87949			6
2025.10.30	02:01:29.565	0.87947	0.87950			6
2025.10.30	02:01:33.680	0.87944	0.87947			6
2025.10.30	02:01:34.593	0.87945	0.87948			6
2025.10.30	02:01:39.960	0.87944				2
2025.10.30	02:01:47.411		0.87947			4
2025.10.30	02:01:50.240	0.87943				2
2025.10.30	02:01:55.396	0.87945	0.87948			6
2025.10.30	02:02:00.695	0.87945				2
2025.10.30	02:02:07.527	0.87944				2
2025.10.30	02:02:13.628	0.87945				2
2025.10.30	02:02:14.250	0.87944				2
2025.10.30	02:02:17.565	0.87945				2
2025.10.30	02:02:19.531		0.87949			4
2025.10.30	02:02:21.591	0.87948	0.87951			6
2025.10.30	02:02:26.420	0.87947	0.87950			6
2025.10.30	02:02:27.419	0.87945				2
2025.10.30	02:02:29.399	0.87946				2
2025.10.30	02:02:30.350		0.87949			4
2025.10.30	02:02:31.001	0.87947				2
2025.10.30	02:02:31.602	0.87946				2
2025.10.30	02:02:44.433	0.87945	0.87948			6
2025.10.30	02:02:51.767	0.87943	0.87947			6
2025.10.30	02:02:53.778	0.87944				2
2025.10.30	02:02:55.058	0.87945	0.87948			6
2025.10.30	02:03:00.484	0.87945				2
2025.10.30	02:03:03.285	0.87943	0.87947			6
2025.10.30	02:03:08.771	0.87944	0.87946			6
2025.10.30	02:03:17.909	0.87942	0.87944			6
2025.10.30	02:03:22.928	0.87941				2
2025.10.30	02:03:25.881	0.87944	0.87947			6
2025.10.30	02:03:29.560		0.87946			4
2025.10.30	02:03:30.761	0.87940	0.87942			6
2025.10.30	02:03:32.381	0.87938	0.87943			6
2025.10.30	02:03:33.042	0.87939	0.87944			6
2025.10.30	02:03:35.903	0.87940	0.87943			6
2025.10.30	02:03:37.633	0.87942	0.87944			6
2025.10.30	02:03:38.304	0.87941				2
2025.10.30	02:03:43.374	0.87942				2
2025.10.30	02:03:52.843		0.87946			4
2025.10.30	02:04:00.313	0.87942				2
2025.10.30	02:04:00.644		0.87945			4
2025.10.30	02:04:01.662		0.87946			4
2025.10.30	02:04:04.672		0.87944			4
2025.10.30	02:04:18.888		0.87945			4
2025.10.30	02:04:25.088		0.87944			4
2025.10.30	02:04:25.705		0.87945			4
2025.10.30	02:04:26.154	0.87943	0.87946			6
2025.10.30	02:04:26.459	0.87942				2
2025.10.30	02:04:29.057	0.87941	0.87944			6
2025.10.30	02:04:38.136		0.87943			4
2025.10.30	02:04:39.344		0.87944			4
2025.10.30	02:04:44.769		0.87945			4
2025.10.30	02:04:45.894		0.87944			4
2025.10.30	02:04:46.435	0.87942				2
2025.10.30	02:04:47.973	0.87941				2
2025.10.30	02:04:56.278	0.87942				2
2025.10.30	02:05:01.150	0.87941				2
2025.10.30	02:05:32.459		0.87943			4
2025.10.30	02:05:33.845	0.87942	0.87945			6
2025.10.30	02:05:34.170		0.87946			4
2025.10.30	02:05:36.087	0.87943	0.87945			6
2025.10.30	02:05:39.411	0.87942	0.87944			6
2025.10.30	02:05:41.254	0.87943	0.87946			6
2025.10.30	02:05:43.477	0.87942	0.87945			6
2025.10.30	02:05:45.508		0.87946			4
2025.10.30	02:05:45.854	0.87943				2
2025.10.30	02:05:51.270	0.87944				2
2025.10.30	02:05:56.036		0.87945			4
2025.10.30	02:05:56.798	0.87943	0.87944			6
2025.10.30	02:05:58.253		0.87945			4
2025.10.30	02:05:58.572	0.87944				2
2025.10.30	02:06:00.459	0.87944	0.87946			6
2025.10.30	02:06:01.211		0.87945			4
2025.10.30	02:06:03.587	0.87943				2
2025.10.30	02:06:08.266		0.87944			4
2025.10.30	02:06:09.955	0.87944	0.87945			6
2025.10.30	02:06:25.971	0.87943				2
2025.10.30	02:06:29.178	0.87944				2
2025.10.30	02:06:46.500	0.87943	0.87944			6
2025.10.30	02:06:49.651	0.87944	0.87945			6
2025.10.30	02:06:52.970	0.87943	0.87944			6
2025.10.30	02:06:58.769		0.87945			4
2025.10.30	02:07:00.485	0.87943				2
2025.10.30	02:07:00.927		0.87944			4
2025.10.30	02:07:11.673		0.87945			4
2025.10.30	02:07:12.030		0.87944			4
2025.10.30	02:07:32.446	0.87942				2
2025.10.30	02:07:36.142	0.87943				2
2025.10.30	02:07:36.474	0.87942				2
2025.10.30	02:07:37.526		0.87943			4
2025.10.30	02:07:47.639	0.87943	0.87944			6
2025.10.30	02:08:02.093	0.87943				2
2025.10.30	02:08:13.982	0.87942				2
2025.10.30	02:08:18.524	0.87943				2
2025.10.30	02:08:20.211		0.87945			4
2025.10.30	02:08:20.539		0.87944			4
2025.10.30	02:08:23.298	0.87942				2
2025.10.30	02:08:23.674		0.87943			4
2025.10.30	02:08:38.402	0.87941	0.87942			6
2025.10.30	02:08:47.190	0.87942	0.87943			6
2025.10.30	02:08:48.264	0.87941	0.87942			6
2025.10.30	02:08:50.346	0.87942	0.87943			6
2025.10.30	02:08:54.674	0.87941	0.87942			6
2025.10.30	02:08:59.803	0.87942	0.87943			6
2025.10.30	02:09:00.155	0.87942				2
2025.10.30	02:09:00.691	0.87941	0.87942			6
2025.10.30	02:09:01.488	0.87942	0.87943			6
2025.10.30	02:09:04.064	0.87941				2
2025.10.30	02:09:04.705	0.87942				2
2025.10.30	02:09:11.209	0.87941	0.87942			6
2025.10.30	02:09:21.622	0.87940	0.87941			6
2025.10.30	02:09:21.961	0.87941	0.87942			6
2025.10.30	02:09:30.754	0.87940				2
2025.10.30	02:09:31.775	0.87939	0.87941			6
2025.10.30	02:09:32.897	0.87940				2
2025.10.30	02:09:37.310	0.87941	0.87942			6
2025.10.30	02:09:52.549	0.87942	0.87943			6
2025.10.30	02:09:52.962	0.87941	0.87942			6
2025.10.30	02:09:56.803	0.87942	0.87943			6
2025.10.30	02:09:57.666		0.87944			4
2025.10.30	02:09:59.596	0.87943				2
2025.10.30	02:10:00.221	0.87942	0.87943			6
2025.10.30	02:10:27.573	0.87941	0.87942			6
2025.10.30	02:10:28.178	0.87942	0.87943			6
2025.10.30	02:10:29.628	0.87943	0.87944			6
2025.10.30	02:10:36.086	0.87944	0.87946			6
2025.10.30	02:10:39.135		0.87945			4
2025.10.30	02:10:40.711		0.87946			4
2025.10.30	02:10:41.108		0.87945			4
2025.10.30	02:10:44.652	0.87945	0.87946			6
2025.10.30	02:10:44.984	0.87944				2
2025.10.30	02:10:45.291	0.87945				2
2025.10.30	02:10:48.341	0.87944	0.87945			6
2025.10.30	02:10:50.632	0.87943				2
2025.10.30	02:10:50.950	0.87944				2
2025.10.30	02:10:56.788		0.87947			4
2025.10.30	02:10:57.132		0.87945			4
2025.10.30	02:11:00.578	0.87944				2
2025.10.30	02:11:07.743	0.87943	0.87944			6
2025.10.30	02:11:08.773		0.87945			4
2025.10.30	02:11:12.094		0.87944			4
2025.10.30	02:11:16.271	0.87944	0.87945			6
2025.10.30	02:11:16.575	0.87943				2
2025.10.30	02:11:20.771		0.87944			4
2025.10.30	02:11:21.771	0.87944	0.87945			6
2025.10.30	02:11:22.165	0.87943				2
2025.10.30	02:11:26.347	0.87944				2
2025.10.30	02:11:27.132	0.87943				2
2025.10.30	02:11:30.314		0.87944			4
2025.10.30	02:11:39.166	0.87944	0.87945			6
2025.10.30	02:11:39.491	0.87943	0.87944			6
2025.10.30	02:11:45.177	0.87946	0.87947			6
2025.10.30	02:11:55.327	0.87943	0.87946			6
2025.10.30	02:12:00.462	0.87943				2
2025.10.30	02:12:02.126	0.87942				2
2025.10.30	02:12:02.445	0.87943				2
2025.10.30	02:12:06.191	0.87942				2
2025.10.30	02:12:07.652	0.87943				2
2025.10.30	02:12:19.368	0.87942				2
2025.10.30	02:12:19.866	0.87944				2
2025.10.30	02:12:20.800	0.87943				2
2025.10.30	02:12:28.574	0.87944				2
2025.10.30	02:12:36.961	0.87943				2
2025.10.30	02:12:44.765		0.87945			4
2025.10.30	02:12:46.486	0.87944				2
2025.10.30	02:12:50.066	0.87942	0.87943			6
2025.10.30	02:13:00.317	0.87942				2
2025.10.30	02:13:02.867	0.87940				2
2025.10.30	02:13:03.367	0.87942				2
2025.10.30	02:13:07.951		0.87944			4
2025.10.30	02:13:09.526		0.87945			4
2025.10.30	02:13:13.918	0.87943				2
2025.10.30	02:13:16.961	0.87942	0.87943			6
2025.10.30	02:13:18.771	0.87943	0.87944			6
2025.10.30	02:13:32.520	0.87944	0.87945			6
2025.10.30	02:13:45.190	0.87943				2
2025.10.30	02:13:48.726		0.87944			4
2025.10.30	02:13:52.185	0.87944	0.87945			6
2025.10.30	02:13:53.341	0.87943				2
2025.10.30	02:13:56.030	0.87944	0.87946			6
2025.10.30	02:13:58.772		0.87945			4
2025.10.30	02:14:00.544	0.87944				2
2025.10.30	02:14:09.877	0.87942				2
2025.10.30	02:14:10.376	0.87944				2
2025.10.30	02:14:13.089		0.87946			4
2025.10.30	02:14:13.783	0.87943				2
2025.10.30	02:14:14.686		0.87945			4
2025.10.30	02:14:15.873	0.87944				2
2025.10.30	02:14:18.596	0.87943				2
2025.10.30	02:14:24.960	0.87944				2
2025.10.30	02:14:26.719		0.87946			4
2025.10.30	02:14:44.108		0.87945			4
2025.10.30	02:14:50.251	0.87943	0.87944			6
2025.10.30	02:14:50.557		0.87945			4
2025.10.30	02:14:51.569	0.87944				2
2025.10.30	02:14:52.212		0.87946			4
2025.10.30	02:14:54.002		0.87945			4
2025.10.30	02:15:00.306	0.87944				2
2025.10.30	02:15:01.586	0.87943	0.87944			6
2025.10.30	02:15:10.817	0.87944	0.87945			6
2025.10.30	02:15:15.444	0.87942				2
2025.10.30	02:15:22.496		0.87943			4
2025.10.30	02:15:24.097		0.87944			4
2025.10.30	02:15:25.121		0.87945			4
2025.10.30	02:15:25.466		0.87944			4
2025.10.30	02:15:27.553	0.87943	0.87946			6
2025.10.30	02:15:28.521	0.87944				2
2025.10.30	02:15:29.149	0.87943				2
2025.10.30	02:15:32.107		0.87945			4
2025.10.30	02:15:39.782	0.87944				2
2025.10.30	02:15:40.636		0.87947			4
2025.10.30	02:15:42.553		0.87946			4
2025.10.30	02:15:43.386		0.87945			4
2025.10.30	02:15:48.918	0.87943				2
2025.10.30	02:15:52.841	0.87944				2
2025.10.30	02:15:54.160	0.87943				2
2025.10.30	02:15:55.103	0.87944				2
2025.10.30	02:15:55.758	0.87943				2
2025.10.30	02:16:00.314	0.87944				2
2025.10.30	02:16:07.496	0.87941	0.87943			6
2025.10.30	02:16:08.341	0.87942				2
2025.10.30	02:16:08.661		0.87944			4
2025.10.30	02:16:17.778	0.87938	0.87939			6
2025.10.30	02:16:18.347	0.87941	0.87942			6
2025.10.30	02:16:18.702	0.87940	0.87941			6
2025.10.30	02:16:24.661	0.87939				2
2025.10.30	02:16:31.269	0.87940				2
2025.10.30	02:16:31.788	0.87941	0.87942			6
2025.10.30	02:16:37.811	0.87940				2
2025.10.30	02:16:56.605	0.87938	0.87940			6
2025.10.30	02:17:00.894	0.87938				2
2025.10.30	02:17:24.732	0.87937				2
2025.10.30	02:17:27.542	0.87938				2
2025.10.30	02:17:44.548	0.87939	0.87941			6
2025.10.30	02:17:44.858	0.87940				2
2025.10.30	02:17:45.686		0.87942			4
2025.10.30	02:17:48.813	0.87942	0.87943			6
2025.10.30	02:18:04.216	0.87942				2
2025.10.30	02:18:07.412	0.87940				2
2025.10.30	02:18:07.912	0.87942				2
2025.10.30	02:18:33.817		0.87944			4
2025.10.30	02:18:40.397		0.87943			4
2025.10.30	02:18:49.227		0.87944			4
2025.10.30	02:19:00.044	0.87942				2
2025.10.30	02:19:12.616		0.87943			4
2025.10.30	02:19:35.727		0.87944			4
2025.10.30	02:19:37.523	0.87943				2
2025.10.30	02:19:43.843	0.87942				2
2025.10.30	02:19:53.259		0.87943			4
2025.10.30	02:19:57.382	0.87943	0.87945			6
2025.10.30	02:20:00.190	0.87943				2
2025.10.30	02:20:13.951	0.87942	0.87944			6
2025.10.30	02:20:24.721		0.87945			4
2025.10.30	02:20:25.034	0.87943				2
2025.10.30	02:20:27.133	0.87942				2
2025.10.30	02:20:30.276	0.87943				2
2025.10.30	02:20:31.791	0.87942				2
2025.10.30	02:20:44.183	0.87943				2
2025.10.30	02:20:46.560	0.87942				2
2025.10.30	02:20:51.582		0.87943			4
2025.10.30	02:20:52.853	0.87941				2
2025.10.30	02:21:00.356	0.87941				2
2025.10.30	02:21:13.416	0.87942	0.87944			6
2025.10.30	02:21:25.385		0.87943			4
2025.10.30	02:21:34.178	0.87940	0.87942			6
2025.10.30	02:21:34.480	0.87941	0.87944			6
2025.10.30	02:21:44.345		0.87943			4
2025.10.30	02:21:52.865		0.87944			4
2025.10.30	02:21:55.625	0.87942				2
2025.10.30	02:21:59.167	0.87941				2
2025.10.30	02:22:00.518	0.87941				2
2025.10.30	02:22:02.467		0.87945			4
2025.10.30	02:22:03.051		0.87944			4
2025.10.30	02:22:07.735		0.87942			4
2025.10.30	02:22:08.698		0.87944			4
2025.10.30	02:22:10.797		0.87942			4
2025.10.30	02:22:11.693	0.87939	0.87941			6
2025.10.30	02:22:13.270		0.87940			4
2025.10.30	02:22:34.272	0.87938				2
2025.10.30	02:22:39.330		0.87939			4
2025.10.30	02:22:48.259	0.87937				2
2025.10.30	02:22:50.353	0.87938				2
2025.10.30	02:22:52.972	0.87936				2
2025.10.30	02:22:53.472	0.87938				2
2025.10.30	02:23:00.536	0.87938				2
2025.10.30	02:23:07.337	0.87937	0.87940			6
2025.10.30	02:23:10.617	0.87938	0.87939			6
2025.10.30	02:23:13.686		0.87940			4
2025.10.30	02:23:14.029	0.87937				2
2025.10.30	02:23:17.601		0.87939			4
2025.10.30	02:23:19.767		0.87940			4
2025.10.30	02:23:24.577		0.87939			4
2025.10.30	02:23:25.425	0.87935	0.87936			6
2025.10.30	02:23:52.001		0.87937			4
2025.10.30	02:23:56.624		0.87936			4
2025.10.30	02:23:56.940	0.87934				2
2025.10.30	02:23:57.799		0.87935			4
2025.10.30	02:24:00.321	0.87934	0.87936			6
2025.10.30	02:24:02.020	0.87935				2
2025.10.30	02:24:24.218	0.87936	0.87938			6
2025.10.30	02:24:27.350	0.87937				2
2025.10.30	02:24:28.376	0.87936				2
2025.10.30	02:25:00.433	0.87937				2
2025.10.30	02:25:20.952	0.87936				2
2025.10.30	02:25:22.970	0.87938	0.87939			6
2025.10.30	02:25:23.280	0.87937	0.87938			6
2025.10.30	02:25:33.666		0.87939			4
2025.10.30	02:25:35.010		0.87938			4
2025.10.30	02:25:46.688	0.87936				2
2025.10.30	02:25:46.999		0.87937			4
2025.10.30	02:25:51.939	0.87937	0.87938			6
2025.10.30	02:26:00.356	0.87937				2
2025.10.30	02:26:00.658	0.87938	0.87939			6
2025.10.30	02:26:02.346	0.87937				2
2025.10.30	02:26:05.937		0.87938			4
2025.10.30	02:26:08.232	0.87938	0.87939			6
2025.10.30	02:26:15.379	0.87936	0.87937			6
2025.10.30	02:26:16.687		0.87938			4
2025.10.30	02:26:18.902		0.87937			4
2025.10.30	02:26:53.406		0.87938			4
2025.10.30	02:27:00.537	0.87936				2
2025.10.30	02:27:19.660	0.87937				2
2025.10.30	02:27:23.373	0.87936				2
2025.10.30	02:27:26.949	0.87937				2
2025.10.30	02:27:35.972	0.87938	0.87939			6
2025.10.30	02:27:39.082	0.87937	0.87938			6
2025.10.30	02:28:00.535	0.87937				2
2025.10.30	02:28:01.231	0.87938	0.87939			6
2025.10.30	02:28:02.442	0.87937	0.87938			6
2025.10.30	02:28:16.869	0.87936	0.87937			6
2025.10.30	02:28:25.445	0.87935	0.87936			6
2025.10.30	02:28:33.031	0.87934	0.87935			6
2025.10.30	02:28:33.588	0.87935	0.87936			6
2025.10.30	02:29:00.642	0.87935				2
2025.10.30	02:29:04.318	0.87936	0.87937			6
2025.10.30	02:29:05.717	0.87935	0.87936			6
2025.10.30	02:29:47.566	0.87936	0.87937			6
2025.10.30	02:29:48.250	0.87935	0.87936			6
2025.10.30	02:30:00.753	0.87935				2
2025.10.30	02:30:16.139	0.87936	0.87937			6
2025.10.30	02:30:40.661	0.87935	0.87936			6
2025.10.30	02:30:44.344	0.87936	0.87937			6
2025.10.30	02:30:45.411	0.87935	0.87936			6
2025.10.30	02:30:50.648	0.87934	0.87935			6
2025.10.30	02:31:00.331	0.87934				2
2025.10.30	02:31:03.516	0.87935	0.87936			6
2025.10.30	02:31:07.081	0.87934	0.87935			6
2025.10.30	02:31:08.851	0.87935	0.87936			6
2025.10.30	02:31:10.066	0.87936	0.87937			6
2025.10.30	02:31:13.727	0.87937	0.87938			6
2025.10.30	02:31:15.443	0.87936	0.87937			6
2025.10.30	02:31:20.518	0.87935	0.87936			6
2025.10.30	02:31:21.353	0.87934	0.87935			6
2025.10.30	02:31:47.333	0.87935	0.87936			6
2025.10.30	02:31:48.326	0.87934	0.87935			6
2025.10.30	02:32:00.345	0.87934				2
2025.10.30	02:32:20.843	0.87935	0.87936			6
2025.10.30	02:32:43.446	0.87934	0.87935			6
2025.10.30	02:33:00.132	0.87934				2
2025.10.30	02:33:06.987	0.87933	0.87934			6
2025.10.30	02:33:15.981	0.87929	0.87932			6
2025.10.30	02:33:18.898		0.87931			4
2025.10.30	02:33:23.503		0.87932			4
2025.10.30	02:33:31.173	0.87928				2
2025.10.30	02:33:34.365	0.87929				2
2025.10.30	02:33:39.301	0.87928				2
2025.10.30	02:33:40.215	0.87929				2
2025.10.30	02:33:43.389	0.87931				2
2025.10.30	02:33:43.715		0.87933			4
2025.10.30	02:33:51.573		0.87932			4
2025.10.30	02:33:52.708	0.87932	0.87933			6
2025.10.30	02:34:00.616	0.87932				2
2025.10.30	02:34:14.515	0.87931	0.87932			6
2025.10.30	02:34:17.768		0.87933			4
2025.10.30	02:34:20.181		0.87932			4
2025.10.30	02:34:24.633	0.87932	0.87933			6
2025.10.30	02:34:27.863		0.87934			4
2025.10.30	02:34:45.376		0.87933			4
2025.10.30	02:35:03.444	0.87932				2
2025.10.30	02:35:04.240	0.87934	0.87935			6
2025.10.30	02:35:05.451	0.87935	0.87936			6
2025.10.30	02:35:05.758	0.87934	0.87935			6
2025.10.30	02:35:06.061	0.87935	0.87936			6
2025.10.30	02:35:18.503	0.87934	0.87935			6
2025.10.30	02:35:27.946	0.87931	0.87933			6
2025.10.30	02:35:31.072	0.87933	0.87935			6
2025.10.30	02:35:31.631	0.87934				2
2025.10.30	02:35:32.122	0.87935	0.87936			6
2025.10.30	02:35:51.899	0.87931	0.87932			6
2025.10.30	02:35:58.495	0.87930				2
2025.10.30	02:35:59.027		0.87933			4
2025.10.30	02:36:02.767	0.87930				2
2025.10.30	02:36:06.447	0.87931	0.87932			6
2025.10.30	02:36:35.747		0.87933			4
2025.10.30	02:36:37.414		0.87932			4
2025.10.30	02:36:37.729		0.87933			4
2025.10.30	02:36:38.864	0.87932	0.87935			6
2025.10.30	02:36:40.064		0.87934			4
2025.10.30	02:36:43.366	0.87931				2
2025.10.30	02:36:45.505		0.87933			4
2025.10.30	02:36:47.538	0.87932	0.87934			6
2025.10.30	02:36:52.735		0.87933			4
2025.10.30	02:37:00.067	0.87930	0.87931			6
2025.10.30	02:37:12.881		0.87932			4
2025.10.30	02:37:22.087	0.87931				2
2025.10.30	02:37:24.510	0.87929	0.87930			6
2025.10.30	02:37:28.318		0.87931			4
2025.10.30	02:37:32.457		0.87930			4
2025.10.30	02:37:36.032	0.87927	0.87929			6
2025.10.30	02:37:40.406	0.87929	0.87930			6
2025.10.30	02:37:40.926	0.87927	0.87929			6
2025.10.30	02:37:43.406	0.87929	0.87930			6
2025.10.30	02:37:44.387	0.87928	0.87929			6
2025.10.30	02:37:45.406	0.87927	0.87930			6
2025.10.30	02:37:46.269	0.87930	0.87932			6
2025.10.30	02:37:46.602		0.87931			4
2025.10.30	02:37:54.569		0.87932			4
2025.10.30	02:37:55.601	0.87929	0.87931			6
2025.10.30	02:37:56.068	0.87928	0.87930			6
2025.10.30	02:38:00.493	0.87927				2
2025.10.30	02:38:05.750	0.87928				2
2025.10.30	02:38:11.413	0.87929	0.87931			6
2025.10.30	02:38:13.532	0.87928	0.87929			6
2025.10.30	02:38:19.056		0.87930			4
2025.10.30	02:39:02.625	0.87928				2
2025.10.30	02:39:10.913	0.87929				2
2025.10.30	02:39:26.615		0.87930			4
2025.10.30	02:39:30.435		0.87931			4
2025.10.30	02:39:44.211	0.87931	0.87933			6
2025.10.30	02:39:48.080	0.87930	0.87932			6
2025.10.30	02:39:52.432		0.87931			4
2025.10.30	02:39:54.667	0.87931	0.87932			6
2025.10.30	02:39:55.251	0.87930	0.87931			6
2025.10.30	02:39:56.325	0.87928	0.87930			6
2025.10.30	02:39:56.951	0.87927	0.87928			6
2025.10.30	02:39:57.310		0.87929			4
2025.10.30	02:39:58.349	0.87926				2
2025.10.30	02:40:00.606	0.87926				2
2025.10.30	02:40:02.453	0.87928	0.87930			6
2025.10.30	02:40:09.030	0.87926	0.87929			6
2025.10.30	02:40:25.093	0.87927	0.87928			6
2025.10.30	02:40:30.128	0.87925	0.87927			6
2025.10.30	02:40:35.907	0.87928	0.87930			6
2025.10.30	02:41:00.449	0.87928				2
2025.10.30	02:41:01.373		0.87929			4
2025.10.30	02:41:02.641		0.87930			4
2025.10.30	02:41:10.434	0.87930	0.87931			6
2025.10.30	02:41:11.636	0.87928	0.87930			6
2025.10.30	02:41:12.357	0.87927				2
2025.10.30	02:41:12.675	0.87928				2
2025.10.30	02:41:13.321	0.87929				2
2025.10.30	02:41:17.146	0.87927				2
2025.10.30	02:41:21.770		0.87929			4
2025.10.30	02:41:32.623		0.87930			4
2025.10.30	02:41:34.857		0.87929			4
2025.10.30	02:41:36.539		0.87930			4
2025.10.30	02:41:38.584		0.87929			4
2025.10.30	02:41:39.439		0.87930			4
2025.10.30	02:41:41.622	0.87928				2
2025.10.30	02:41:43.153	0.87929				2
2025.10.30	02:41:47.246	0.87930	0.87931			6
2025.10.30	02:41:55.293	0.87929				2
2025.10.30	02:41:55.636	0.87930				2
2025.10.30	02:42:00.315	0.87930				2
2025.10.30	02:42:06.712	0.87929	0.87932			6
2025.10.30	02:42:10.577		0.87930			4
2025.10.30	02:42:24.150		0.87931			4
2025.10.30	02:42:46.695		0.87932			4
2025.10.30	02:42:56.242		0.87931			4
2025.10.30	02:43:00.100	0.87929				2
2025.10.30	02:43:05.769		0.87930			4
2025.10.30	02:43:11.657	0.87927	0.87929			6
2025.10.30	02:43:11.981	0.87928	0.87930			6
2025.10.30	02:43:12.285	0.87927	0.87931			6
2025.10.30	02:43:13.558		0.87930			4
2025.10.30	02:43:15.368		0.87929			4
2025.10.30	02:43:16.110	0.87928				2
2025.10.30	02:43:16.518		0.87931			4
2025.10.30	02:43:17.099		0.87929			4
2025.10.30	02:43:17.931	0.87927				2
2025.10.30	02:43:20.436		0.87930			4
2025.10.30	02:43:47.972	0.87930	0.87932			6
2025.10.30	02:43:48.276	0.87929	0.87930			6
2025.10.30	02:43:52.677		0.87931			4
2025.10.30	02:43:54.732		0.87930			4
2025.10.30	02:44:00.737	0.87930	0.87931			6
2025.10.30	02:44:08.768		0.87932			4
2025.10.30	02:44:26.355		0.87931			4
2025.10.30	02:44:37.122	0.87929	0.87930			6
2025.10.30	02:44:37.438	0.87927	0.87929			6
2025.10.30	02:44:37.767	0.87930	0.87932			6
2025.10.30	02:44:38.118	0.87931	0.87933			6
2025.10.30	02:44:39.308		0.87932			4
2025.10.30	02:44:44.769		0.87933			4
2025.10.30	02:44:45.481	0.87932				2
2025.10.30	02:44:45.800	0.87930	0.87931			6
2025.10.30	02:44:46.188	0.87931	0.87933			6
2025.10.30	02:44:46.890	0.87930	0.87932			6
2025.10.30	02:44:47.260		0.87931			4
2025.10.30	02:44:51.176		0.87932			4
2025.10.30	02:44:51.528	0.87929	0.87930			6
2025.10.30	02:44:55.486	0.87930	0.87931			6
2025.10.30	02:45:00.321	0.87930				2
2025.10.30	02:45:01.843	0.87929	0.87933			6
2025.10.30	02:45:02.271	0.87930	0.87932			6
2025.10.30	02:45:02.690	0.87929	0.87931			6
2025.10.30	02:45:03.008		0.87932			4
2025.10.30	02:45:03.895	0.87930	0.87933			6
2025.10.30	02:45:04.598	0.87929				2
2025.10.30	02:45:04.909	0.87930				2
2025.10.30	02:45:05.878	0.87932	0.87935			6
2025.10.30	02:45:06.199	0.87933	0.87936			6
2025.10.30	02:45:06.613	0.87931	0.87934			6
2025.10.30	02:45:06.919		0.87933			4
2025.10.30	02:45:07.272		0.87934			4
2025.10.30	02:45:08.170	0.87932				2
2025.10.30	02:45:08.479	0.87931	0.87933			6
2025.10.30	02:45:09.151	0.87930	0.87932			6
2025.10.30	02:45:09.460		0.87933			4
2025.10.30	02:45:09.854	0.87931				2
2025.10.30	02:45:10.163	0.87930	0.87932			6
2025.10.30	02:45:11.322	0.87933	0.87937			6
2025.10.30	02:45:11.633	0.87934				2
2025.10.30	02:45:12.032		0.87936			4
2025.10.30	02:45:12.516	0.87933	0.87937			6
2025.10.30	02:45:13.407	0.87932	0.87934			6
2025.10.30	02:45:13.772	0.87933	0.87936			6
2025.10.30	02:45:18.057		0.87935			4
2025.10.30	02:45:21.172		0.87936			4
2025.10.30	02:45:22.182		0.87935			4
2025.10.30	02:45:24.137	0.87934	0.87939			6
2025.10.30	02:45:24.440	0.87936	0.87941			6
2025.10.30	02:45:24.747		0.87939			4
2025.10.30	02:45:27.012		0.87938			4
2025.10.30	02:45:29.523	0.87935				2
2025.10.30	02:45:29.827	0.87934	0.87935			6
2025.10.30	02:45:30.217	0.87933	0.87936			6
2025.10.30	02:45:30.554	0.87934				2
2025.10.30	02:45:42.175	0.87935				2
2025.10.30	02:45:42.479	0.87934	0.87937			6
2025.10.30	02:45:46.819	0.87933	0.87936			6
2025.10.30	02:45:51.856	0.87934	0.87937			6
2025.10.30	02:45:54.365	0.87937	0.87940			6
2025.10.30	02:45:55.730	0.87938	0.87939			6
2025.10.30	02:45:56.126		0.87940			4
2025.10.30	02:46:00.464	0.87938				2
2025.10.30	02:46:00.778	0.87945	0.87948			6
2025.10.30	02:46:01.451	0.87944				2
2025.10.30	02:46:01.759		0.87947			4
2025.10.30	02:46:02.957	0.87945				2
2025.10.30	02:46:03.546	0.87944				2
2025.10.30	02:46:05.051	0.87942	0.87944			6
2025.10.30	02:46:05.360	0.87941				2
2025.10.30	02:46:05.950	0.87942	0.87945			6
2025.10.30	02:46:06.980	0.87945	0.87948			6
2025.10.30	02:46:07.286	0.87946	0.87949			6
2025.10.30	02:46:07.599		0.87948			4
2025.10.30	02:46:11.879	0.87943	0.87947			6
2025.10.30	02:46:12.436		0.87946			4
2025.10.30	02:46:13.132	0.87944				2
2025.10.30	02:46:14.457		0.87947			4
2025.10.30	02:46:17.246		0.87946			4
2025.10.30	02:46:25.227	0.87940	0.87943			6
2025.10.30	02:46:33.089	0.87941	0.87944			6
2025.10.30	02:46:37.631	0.87939				2
2025.10.30	02:46:38.196	0.87940	0.87943			6
2025.10.30	02:46:42.184	0.87939				2
2025.10.30	02:46:52.926		0.87942			4
2025.10.30	02:46:53.819	0.87938	0.87941			6
2025.10.30	02:46:57.559	0.87939	0.87942			6
2025.10.30	02:46:58.387	0.87940				2
2025.10.30	02:47:00.448	0.87940				2
2025.10.30	02:47:01.975	0.87939				2
2025.10.30	02:47:02.282		0.87943			4
2025.10.30	02:47:03.369	0.87938				2
2025.10.30	02:47:12.305	0.87939				2
2025.10.30	02:47:15.020		0.87942			4
2025.10.30	02:47:17.337		0.87941			4
2025.10.30	02:47:18.033	0.87941	0.87943			6
2025.10.30	02:47:18.694	0.87939				2
2025.10.30	02:47:21.550		0.87942			4
2025.10.30	02:47:23.965		0.87943			4
2025.10.30	02:47:28.359	0.87940				2
2025.10.30	02:47:29.093		0.87942			4
2025.10.30	02:47:46.704		0.87941			4
2025.10.30	02:47:47.067	0.87939	0.87940			6
2025.10.30	02:47:48.879	0.87940	0.87941			6
2025.10.30	02:47:54.518	0.87934	0.87937			6
2025.10.30	02:47:55.746		0.87936			4
2025.10.30	02:48:00.313	0.87934				2
2025.10.30	02:48:16.342	0.87936	0.87939			6
2025.10.30	02:48:16.783	0.87935				2
2025.10.30	02:48:21.454		0.87938			4
2025.10.30	02:48:22.628		0.87939			4
2025.10.30	02:48:25.071	0.87934	0.87935			6
2025.10.30	02:48:27.586	0.87933				2
2025.10.30	02:48:31.345	0.87934				2
2025.10.30	02:48:34.744	0.87933	0.87936			6
2025.10.30	02:48:35.045		0.87935			4
2025.10.30	02:48:36.034	0.87934				2
2025.10.30	02:48:36.490		0.87936			4
2025.10.30	02:48:40.677		0.87935			4
2025.10.30	02:48:41.787	0.87933				2
2025.10.30	02:48:46.533	0.87934				2
2025.10.30	02:48:50.682		0.87936			4
2025.10.30	02:49:01.231	0.87934				2
2025.10.30	02:49:19.256		0.87935			4
2025.10.30	02:49:22.094	0.87935	0.87937			6
2025.10.30	02:49:34.806	0.87932	0.87935			6
2025.10.30	02:49:35.945	0.87933				2
2025.10.30	02:49:39.124	0.87935	0.87938			6
2025.10.30	02:49:41.346	0.87936				2
2025.10.30	02:49:48.361	0.87935	0.87937			6
2025.10.30	02:49:50.353	0.87936	0.87938			6
2025.10.30	02:49:59.143	0.87935	0.87937			6
2025.10.30	02:50:00.415	0.87935				2
2025.10.30	02:50:14.593	0.87934	0.87936			6
2025.10.30	02:50:17.209	0.87935	0.87937			6
2025.10.30	02:50:29.364	0.87934	0.87936			6
2025.10.30	02:50:29.665		0.87935			4
2025.10.30	02:50:30.456		0.87936			4
2025.10.30	02:50:31.731		0.87935			4
2025.10.30	02:50:32.067		0.87937			4
2025.10.30	02:50:41.464	0.87935				2
2025.10.30	02:50:44.643	0.87933	0.87935			6
2025.10.30	02:50:45.236	0.87934	0.87936			6
2025.10.30	02:50:48.022	0.87935	0.87937			6
2025.10.30	02:51:00.196	0.87935				2
2025.10.30	02:51:48.345		0.87937			4
2025.10.30	02:52:00.316	0.87935				2
2025.10.30	02:52:49.493		0.87937			4
2025.10.30	02:53:00.300	0.87935				2
2025.10.30	02:53:04.903	0.87937	0.87938			6
2025.10.30	02:53:05.924	0.87935	0.87937			6
2025.10.30	02:53:06.802	0.87938	0.87939			6
2025.10.30	02:53:07.907	0.87935	0.87937			6
2025.10.30	02:53:33.811	0.87936				2
2025.10.30	02:53:35.849	0.87935				2
2025.10.30	02:53:47.183	0.87934				2
2025.10.30	02:54:00.316	0.87934				2
2025.10.30	02:54:05.983		0.87936			4
2025.10.30	02:54:13.127	0.87935	0.87937			6
2025.10.30	02:54:30.318	0.87934	0.87936			6
2025.10.30	02:54:30.710	0.87935	0.87937			6
2025.10.30	02:54:42.730	0.87934	0.87936			6
2025.10.30	02:54:49.716		0.87935			4
2025.10.30	02:54:57.054	0.87932	0.87933			6
2025.10.30	02:54:58.903	0.87934	0.87935			6
2025.10.30	02:55:00.066	0.87934				2
2025.10.30	02:55:04.103	0.87932	0.87934			6
2025.10.30	02:55:04.556	0.87934	0.87935			6
2025.10.30	02:55:49.914	0.87932	0.87933			6
2025.10.30	02:55:50.880		0.87934			4
2025.10.30	02:56:00.466	0.87932				2
2025.10.30	02:56:01.443	0.87933	0.87935			6
2025.10.30	02:56:01.758	0.87934	0.87936			6
2025.10.30	02:56:06.423	0.87935	0.87937			6
2025.10.30	02:56:07.574	0.87934	0.87935			6
2025.10.30	02:56:10.317		0.87936			4
2025.10.30	02:56:11.560		0.87935			4
2025.10.30	02:56:12.738	0.87931	0.87934			6
2025.10.30	02:56:13.041	0.87934	0.87936			6
2025.10.30	02:56:14.735	0.87937	0.87940			6
2025.10.30	02:56:18.325		0.87939			4
2025.10.30	02:56:18.983	0.87936	0.87940			6
2025.10.30	02:56:19.987	0.87937	0.87939			6
2025.10.30	02:56:22.346	0.87936				2
2025.10.30	02:56:22.660	0.87937	0.87940			6
2025.10.30	02:56:23.572	0.87938				2
2025.10.30	02:56:33.691	0.87936	0.87939			6
2025.10.30	02:56:34.289	0.87935	0.87940			6
2025.10.30	02:56:35.548	0.87936				2
2025.10.30	02:56:35.927	0.87937				2
2025.10.30	02:56:36.356	0.87936				2
2025.10.30	02:56:39.181	0.87937				2
2025.10.30	02:56:40.109		0.87939			4
2025.10.30	02:56:44.771		0.87940			4
2025.10.30	02:57:00.634	0.87937				2
2025.10.30	02:57:27.263	0.87938				2
2025.10.30	02:57:35.148	0.87935	0.87937			6
