<DATE>	<TIME>	<BID>	<ASK>	<LAST>	<VOLUME>	<FLAGS>
2025.04.14	00:03:30.892	0.86349	0.86569			6
2025.04.14	00:04:00.567	0.86349				2
2025.04.14	00:04:02.603	0.86375	0.86579			6
2025.04.14	00:04:02.932	0.86377	0.86581			6
2025.04.14	00:04:03.842	0.86386	0.86590			6
2025.04.14	00:04:07.484	0.86384	0.86588			6
2025.04.14	00:04:56.306	0.86383	0.86587			6
2025.04.14	00:05:00.251	0.86383				2
2025.04.14	00:05:00.554	0.86380	0.86584			6
2025.04.14	00:05:01.766	0.86376	0.86580			6
2025.04.14	00:05:03.284	0.86377	0.86581			6
2025.04.14	00:05:04.193	0.86378	0.86582			6
2025.04.14	00:05:06.092	0.86379	0.86583			6
2025.04.14	00:05:07.307	0.86380	0.86584			6
2025.04.14	00:05:11.259	0.86381	0.86585			6
2025.04.14	00:05:13.388	0.86382	0.86586			6
2025.04.14	00:05:17.637	0.86384	0.86588			6
2025.04.14	00:05:18.244	0.86383	0.86587			6
2025.04.14	00:05:20.667	0.86382	0.86586			6
2025.04.14	00:05:30.077	0.86383	0.86587			6
2025.04.14	00:05:30.685	0.86380	0.86584			6
2025.04.14	00:05:31.592	0.86381	0.86585			6
2025.04.14	00:05:31.895	0.86382	0.86586			6
2025.04.14	00:05:34.624	0.86383	0.86587			6
2025.04.14	00:05:38.567	0.86384	0.86588			6
2025.04.14	00:05:38.872	0.86388	0.86592			6
2025.04.14	00:05:42.206	0.86387	0.86591			6
2025.04.14	00:05:42.814	0.86386	0.86590			6
2025.04.14	00:05:53.121	0.86388	0.86592			6
2025.04.14	00:06:00.099	0.86388				2
2025.04.14	00:06:01.007	0.86394	0.86598			6
2025.04.14	00:06:03.127	0.86395	0.86599			6
2025.04.14	00:06:04.344	0.86396	0.86600			6
2025.04.14	00:06:17.988	0.86397	0.86601			6
2025.04.14	00:06:20.113	0.86398	0.86602			6
2025.04.14	00:06:27.098	0.86396	0.86600			6
2025.04.14	00:06:34.069	0.86398	0.86602			6
2025.04.14	00:06:34.676	0.86391	0.86595			6
2025.04.14	00:06:40.138	0.86390	0.86594			6
2025.04.14	00:06:44.380	0.86392	0.86596			6
2025.04.14	00:06:45.291	0.86391	0.86595			6
2025.04.14	00:06:47.108	0.86392	0.86596			6
2025.04.14	00:06:48.926	0.86374	0.86592			6
2025.04.14	00:07:04.803	0.86374				2
2025.04.14	00:07:49.460		0.86592			4
2025.04.14	00:08:20.567	0.86374				2
2025.04.14	00:08:50.159		0.86592			4
2025.04.14	00:09:09.628	0.86374				2
2025.04.14	00:09:32.045	0.86411				2
2025.04.14	00:09:37.243		0.86610			4
2025.04.14	00:10:00.427	0.86411				2
2025.04.14	00:10:01.544	0.86413				2
2025.04.14	00:10:23.770		0.86595			4
2025.04.14	00:11:00.461	0.86413				2
2025.04.14	00:11:27.247		0.86595			4
2025.04.14	00:11:56.556	0.86412				2
2025.04.14	00:11:57.658	0.86418				2
2025.04.14	00:11:59.148	0.86420				2
2025.04.14	00:12:00.430	0.86420				2
2025.04.14	00:12:04.063		0.86609			4
2025.04.14	00:12:13.197		0.86595			4
2025.04.14	00:12:13.957	0.86427				2
2025.04.14	00:12:15.359		0.86609			4
2025.04.14	00:12:22.247		0.86619			4
2025.04.14	00:13:00.158	0.86427				2
2025.04.14	00:13:24.159		0.86619			4
2025.04.14	00:14:00.566	0.86427				2
2025.04.14	00:14:09.448	0.86429				2
2025.04.14	00:14:09.934	0.86407	0.86541			6
2025.04.14	00:14:42.766	0.86402				2
2025.04.14	00:14:46.363	0.86407				2
2025.04.14	00:15:00.182	0.86407				2
2025.04.14	00:15:10.360		0.86541			4
2025.04.14	00:15:51.072	0.86411				2
2025.04.14	00:16:00.759	0.86411				2
2025.04.14	00:16:11.860		0.86541			4
2025.04.14	00:17:01.604	0.86411				2
2025.04.14	00:17:11.863		0.86541			4
2025.04.14	00:18:00.566	0.86411				2
2025.04.14	00:18:01.190		0.86542			4
2025.04.14	00:18:06.451	0.86409				2
2025.04.14	00:18:07.538	0.86411				2
2025.04.14	00:18:40.675	0.86409				2
2025.04.14	00:18:41.353	0.86411				2
2025.04.14	00:18:45.804	0.86409				2
2025.04.14	00:18:46.512	0.86411				2
2025.04.14	00:18:55.492	0.86408	0.86518			6
2025.04.14	00:18:56.829	0.86411	0.86542			6
2025.04.14	00:18:58.766	0.86406	0.86511			6
2025.04.14	00:19:00.158	0.86406				2
2025.04.14	00:19:01.152	0.86411	0.86542			6
2025.04.14	00:19:03.188	0.86409				2
2025.04.14	00:19:07.663	0.86411				2
2025.04.14	00:19:09.061	0.86408				2
2025.04.14	00:19:17.376	0.86415				2
2025.04.14	00:20:00.507	0.86415				2
2025.04.14	00:20:01.658		0.86542			4
2025.04.14	00:20:49.962	0.86417				2
2025.04.14	00:21:03.766	0.86417	0.86542			6
2025.04.14	00:21:17.715	0.86429				2
2025.04.14	00:21:27.175	0.86436	0.86541			6
2025.04.14	00:21:34.573	0.86442				2
2025.04.14	00:21:46.360	0.86435				2
2025.04.14	00:21:48.523	0.86429				2
2025.04.14	00:21:49.890	0.86410	0.86542			6
2025.04.14	00:22:01.360	0.86410				2
2025.04.14	00:22:20.283	0.86394				2
2025.04.14	00:22:54.767		0.86542			4
2025.04.14	00:23:00.464	0.86394				2
2025.04.14	00:23:58.968	0.86402	0.86542			6
2025.04.14	00:24:06.459	0.86402				2
2025.04.14	00:24:24.902	0.86413	0.86546			6
2025.04.14	00:25:00.457	0.86413				2
2025.04.14	00:25:01.831	0.86412				2
2025.04.14	00:25:25.059		0.86546			4
2025.04.14	00:25:46.575	0.86425	0.86545			6
2025.04.14	00:25:57.836	0.86428	0.86544			6
2025.04.14	00:26:00.690	0.86428				2
2025.04.14	00:26:57.639	0.86427				2
2025.04.14	00:26:58.058		0.86544			4
2025.04.14	00:27:01.060	0.86427				2
2025.04.14	00:28:00.465	0.86427	0.86544			6
2025.04.14	00:29:04.363	0.86427	0.86544			6
2025.04.14	00:30:00.303	0.86427	0.86561			6
2025.04.14	00:30:31.851	0.86425				2
2025.04.14	00:30:42.795		0.86545			4
2025.04.14	00:30:44.531		0.86561			4
2025.04.14	00:31:01.630	0.86425				2
2025.04.14	00:31:48.458		0.86561			4
2025.04.14	00:32:00.160	0.86425				2
2025.04.14	00:32:25.168	0.86426	0.86563			6
2025.04.14	00:32:54.056	0.86430	0.86544			6
2025.04.14	00:33:14.260	0.86430				2
2025.04.14	00:33:41.621	0.86426	0.86562			6
2025.04.14	00:34:02.126	0.86426				2
2025.04.14	00:34:33.282		0.86545			4
2025.04.14	00:34:34.501		0.86563			4
2025.04.14	00:34:49.881	0.86430	0.86544			6
2025.04.14	00:35:00.681	0.86430				2
2025.04.14	00:35:14.797	0.86442	0.86543			6
2025.04.14	00:35:16.179		0.86554			4
2025.04.14	00:35:28.590	0.86454	0.86553			6
2025.04.14	00:35:53.066	0.86464	0.86551			6
2025.04.14	00:35:55.813	0.86457				2
2025.04.14	00:36:02.263	0.86457				2
2025.04.14	00:36:10.566	0.86458				2
2025.04.14	00:36:12.786	0.86462				2
2025.04.14	00:36:14.376	0.86456	0.86545			6
2025.04.14	00:36:16.573	0.86441	0.86537			6
2025.04.14	00:36:20.567		0.86536			4
2025.04.14	00:36:25.797	0.86419				2
2025.04.14	00:36:53.037	0.86417	0.86529			6
2025.04.14	00:37:00.160	0.86417				2
2025.04.14	00:37:01.377	0.86405	0.86532			6
2025.04.14	00:37:21.158	0.86404	0.86518			6
2025.04.14	00:37:23.898		0.86511			4
2025.04.14	00:37:39.552	0.86402	0.86498			6
2025.04.14	00:37:39.868	0.86406	0.86500			6
2025.04.14	00:37:42.965	0.86403	0.86499			6
2025.04.14	00:37:52.058	0.86408	0.86502			6
2025.04.14	00:38:00.762	0.86408				2
2025.04.14	00:38:01.668	0.86403	0.86488			6
2025.04.14	00:38:02.122	0.86404				2
2025.04.14	00:38:22.129	0.86406				2
2025.04.14	00:38:36.462	0.86409	0.86487			6
2025.04.14	00:38:43.436		0.86598			4
2025.04.14	00:38:43.742		0.86605			4
2025.04.14	00:38:50.110		0.86627			4
2025.04.14	00:38:50.439	0.86355	0.86524			6
2025.04.14	00:38:50.745	0.86356	0.86526			6
2025.04.14	00:38:52.871	0.86363	0.86538			6
2025.04.14	00:38:53.476	0.86365	0.86530			6
2025.04.14	00:38:53.783	0.86366	0.86531			6
2025.04.14	00:38:54.086	0.86365	0.86518			6
2025.04.14	00:38:54.389		0.86516			4
2025.04.14	00:38:55.297	0.86367	0.86517			6
2025.04.14	00:38:56.207		0.86515			4
2025.04.14	00:38:57.418		0.86514			4
2025.04.14	00:38:58.931	0.86372	0.86528			6
2025.04.14	00:38:59.233	0.86371	0.86526			6
2025.04.14	00:38:59.836		0.86524			4
2025.04.14	00:39:00.140	0.86371				2
2025.04.14	00:39:00.746	0.86374	0.86526			6
2025.04.14	00:39:01.049	0.86372	0.86525			6
2025.04.14	00:39:01.351		0.86523			4
2025.04.14	00:39:01.655		0.86527			4
2025.04.14	00:39:01.958	0.86374	0.86528			6
2025.04.14	00:39:05.901	0.86376	0.86523			6
2025.04.14	00:39:06.810	0.86378	0.86539			6
2025.04.14	00:39:07.414	0.86416	0.86531			6
2025.04.14	00:39:10.143	0.86404	0.86542			6
2025.04.14	00:39:11.051	0.86403	0.86540			6
2025.04.14	00:39:11.353	0.86404	0.86568			6
2025.04.14	00:39:18.627	0.86403	0.86586			6
2025.04.14	00:39:19.233	0.86390	0.86553			6
2025.04.14	00:39:19.538	0.86391	0.86557			6
2025.04.14	00:39:23.478	0.86390	0.86553			6
2025.04.14	00:39:27.418	0.86391	0.86551			6
2025.04.14	00:39:27.719	0.86406	0.86550			6
2025.04.14	00:39:28.023	0.86405	0.86553			6
2025.04.14	00:39:34.087	0.86404	0.86549			6
2025.04.14	00:39:34.696	0.86405				2
2025.04.14	00:39:35.604		0.86547			4
2025.04.14	00:39:40.151		0.86555			4
2025.04.14	00:39:40.455		0.86557			4
2025.04.14	00:39:42.584	0.86406	0.86564			6
2025.04.14	00:39:43.187	0.86405	0.86556			6
2025.04.14	00:39:44.097		0.86564			4
2025.04.14	00:39:44.403		0.86556			4
2025.04.14	00:39:45.008	0.86406				2
2025.04.14	00:39:45.312	0.86405				2
2025.04.14	00:39:46.527		0.86550			4
2025.04.14	00:39:48.648		0.86552			4
2025.04.14	00:39:48.953	0.86406	0.86554			6
2025.04.14	00:39:54.106	0.86405	0.86548			6
2025.04.14	00:39:55.927	0.86406	0.86554			6
2025.04.14	00:39:58.958		0.86558			4
2025.04.14	00:40:00.168	0.86406				2
2025.04.14	00:40:05.924		0.86556			4
2025.04.14	00:40:09.261		0.86560			4
2025.04.14	00:40:17.142		0.86558			4
2025.04.14	00:40:23.511		0.86550			4
2025.04.14	00:40:26.848	0.86405	0.86548			6
2025.04.14	00:40:41.148	0.86406	0.86552			6
2025.04.14	00:40:42.965	0.86409	0.86561			6
2025.04.14	00:40:43.268		0.86559			4
2025.04.14	00:40:48.730	0.86408	0.86557			6
2025.04.14	00:40:49.943		0.86559			4
2025.04.14	00:40:52.978	0.86409				2
2025.04.14	00:40:59.343	0.86408	0.86553			6
2025.04.14	00:41:00.255	0.86408	0.86559			6
2025.04.14	00:41:02.983		0.86555			4
2025.04.14	00:41:03.590	0.86409	0.86547			6
2025.04.14	00:41:09.351	0.86408	0.86557			6
2025.04.14	00:41:09.652		0.86553			4
2025.04.14	00:41:12.080	0.86409	0.86551			6
2025.04.14	00:41:14.201	0.86407	0.86547			6
2025.04.14	00:41:14.504	0.86406				2
2025.04.14	00:41:14.807		0.86549			4
2025.04.14	00:41:17.840	0.86407				2
2025.04.14	00:41:19.357	0.86406	0.86551			6
2025.04.14	00:41:19.660		0.86545			4
2025.04.14	00:41:19.964	0.86407	0.86551			6
2025.04.14	00:41:20.267		0.86547			4
2025.04.14	00:41:20.571	0.86406	0.86551			6
2025.04.14	00:41:20.874	0.86407	0.86553			6
2025.04.14	00:41:22.086	0.86406	0.86547			6
2025.04.14	00:41:29.672		0.86551			4
2025.04.14	00:41:30.578		0.86555			4
2025.04.14	00:41:32.095	0.86419	0.86559			6
2025.04.14	00:41:32.398	0.86418				2
2025.04.14	00:41:33.311	0.86419	0.86561			6
2025.04.14	00:41:33.916	0.86408	0.86552			6
2025.04.14	00:41:36.342	0.86407	0.86550			6
2025.04.14	00:41:36.643	0.86422	0.86567			6
2025.04.14	00:41:36.949	0.86423	0.86561			6
2025.04.14	00:41:38.163	0.86407	0.86560			6
2025.04.14	00:41:38.467	0.86408	0.86556			6
2025.04.14	00:41:38.768		0.86558			4
2025.04.14	00:41:39.072		0.86604			4
2025.04.14	00:41:39.378	0.86406				2
2025.04.14	00:41:39.847	0.86410	0.86572			6
2025.04.14	00:41:42.992	0.86399	0.86569			6
2025.04.14	00:41:59.564	0.86402	0.86567			6
2025.04.14	00:42:00.501	0.86413	0.86570			6
2025.04.14	00:42:01.510		0.86558			4
2025.04.14	00:42:06.161	0.86414				2
2025.04.14	00:42:08.261	0.86404	0.86551			6
2025.04.14	00:42:15.466	0.86405				2
2025.04.14	00:42:22.963	0.86406				2
2025.04.14	00:42:30.377	0.86417	0.86558			6
2025.04.14	00:42:33.159	0.86418				2
2025.04.14	00:42:33.827	0.86407	0.86551			6
2025.04.14	00:42:37.963	0.86408				2
2025.04.14	00:42:38.276	0.86418	0.86558			6
2025.04.14	00:42:40.335	0.86409	0.86555			6
2025.04.14	00:42:40.658	0.86410				2
2025.04.14	00:42:50.263	0.86411				2
2025.04.14	00:42:51.394	0.86408				2
2025.04.14	00:42:52.676	0.86407				2
2025.04.14	00:42:57.760	0.86408				2
2025.04.14	00:43:00.570	0.86408				2
2025.04.14	00:43:08.270	0.86409				2
2025.04.14	00:43:19.058	0.86410				2
2025.04.14	00:43:31.059	0.86411				2
2025.04.14	00:43:41.559		0.86555			4
2025.04.14	00:43:42.761	0.86412				2
2025.04.14	00:43:46.858	0.86414				2
2025.04.14	00:43:47.455	0.86423	0.86557			6
2025.04.14	00:43:52.432	0.86415	0.86554			6
2025.04.14	00:43:58.630	0.86417	0.86555			6
2025.04.14	00:43:59.288	0.86425	0.86558			6
2025.04.14	00:44:00.458	0.86425				2
2025.04.14	00:44:01.659	0.86426				2
2025.04.14	00:44:08.559	0.86427				2
2025.04.14	00:44:11.200	0.86423	0.86536			6
2025.04.14	00:44:13.659	0.86424				2
2025.04.14	00:44:18.159	0.86425				2
2025.04.14	00:44:22.361	0.86426				2
2025.04.14	00:44:26.565	0.86427				2
2025.04.14	00:44:31.357	0.86428				2
2025.04.14	00:44:34.958	0.86429				2
2025.04.14	00:44:40.360	0.86430				2
2025.04.14	00:44:43.238	0.86433				2
2025.04.14	00:44:46.659	0.86434				2
2025.04.14	00:44:50.456	0.86416	0.86533			6
2025.04.14	00:44:53.931	0.86447				2
2025.04.14	00:44:55.364	0.86448				2
2025.04.14	00:45:00.159	0.86448				2
2025.04.14	00:45:02.119	0.86433	0.86521			6
2025.04.14	00:45:03.029	0.86427	0.86525			6
2025.04.14	00:45:03.333	0.86437				2
2025.04.14	00:45:03.637		0.86519			4
2025.04.14	00:45:04.242	0.86452	0.86534			6
2025.04.14	00:45:08.856	0.86458	0.86521			6
2025.04.14	00:45:16.727		0.86519			4
2025.04.14	00:45:26.411	0.86461				2
2025.04.14	00:45:36.640	0.86451	0.86511			6
2025.04.14	00:45:59.121	0.86419				2
2025.04.14	00:46:00.761	0.86419				2
2025.04.14	00:46:03.458	0.86420				2
2025.04.14	00:46:17.264	0.86421				2
2025.04.14	00:46:30.458	0.86422				2
2025.04.14	00:46:36.646		0.86511			4
2025.04.14	00:46:44.868	0.86423				2
2025.04.14	00:46:53.565	0.86424				2
2025.04.14	00:47:01.361	0.86424				2
2025.04.14	00:47:02.119	0.86430	0.86510			6
2025.04.14	00:47:04.297	0.86424	0.86511			6
2025.04.14	00:47:11.859	0.86425				2
2025.04.14	00:47:32.560	0.86426				2
2025.04.14	00:47:35.765		0.86507			4
2025.04.14	00:47:57.165	0.86427				2
2025.04.14	00:48:00.068	0.86427				2
2025.04.14	00:48:24.760	0.86428				2
2025.04.14	00:48:35.859		0.86507			4
2025.04.14	00:48:50.563	0.86447				2
2025.04.14	00:49:01.961	0.86447				2
2025.04.14	00:49:04.115		0.86517			4
2025.04.14	00:49:13.064	0.86448				2
2025.04.14	00:49:49.362	0.86449				2
2025.04.14	00:50:00.762	0.86449				2
2025.04.14	00:50:04.963		0.86517			4
2025.04.14	00:50:21.158	0.86450				2
2025.04.14	00:51:00.160	0.86450				2
2025.04.14	00:51:04.060	0.86451				2
2025.04.14	00:51:05.259		0.86517			4
2025.04.14	00:51:10.060	0.86450				2
2025.04.14	00:51:15.760	0.86451				2
2025.04.14	00:51:28.961	0.86452				2
2025.04.14	00:52:00.567	0.86452				2
2025.04.14	00:52:06.458		0.86517			4
2025.04.14	00:52:26.226	0.86446				2
2025.04.14	00:52:33.026	0.86442	0.86516			6
2025.04.14	00:52:50.262	0.86443				2
2025.04.14	00:52:57.388		0.86525			4
2025.04.14	00:53:01.058	0.86443				2
2025.04.14	00:53:07.659	0.86444	0.86524			6
2025.04.14	00:53:16.600	0.86437	0.86518			6
2025.04.14	00:53:18.163	0.86438	0.86517			6
2025.04.14	00:53:38.262	0.86439	0.86516			6
2025.04.14	00:54:00.160	0.86439	0.86515			6
2025.04.14	00:54:05.859	0.86440				2
2025.04.14	00:54:30.461		0.86514			4
2025.04.14	00:54:32.559	0.86441				2
2025.04.14	00:55:01.658	0.86441				2
2025.04.14	00:55:07.961		0.86513			4
2025.04.14	00:55:24.160	0.86442				2
2025.04.14	00:55:27.138	0.86441				2
2025.04.14	00:55:28.660	0.86442				2
2025.04.14	00:55:42.266	0.86441				2
2025.04.14	00:55:56.699	0.86437	0.86518			6
2025.04.14	00:56:00.064	0.86437				2
2025.04.14	00:56:00.438	0.86436	0.86519			6
2025.04.14	00:56:00.762	0.86435				2
2025.04.14	00:56:03.165	0.86441	0.86520			6
2025.04.14	00:56:04.058	0.86452	0.86528			6
2025.04.14	00:56:04.377		0.86530			4
2025.04.14	00:56:05.298	0.86441	0.86520			6
2025.04.14	00:56:15.163		0.86519			4
2025.04.14	00:56:21.607	0.86440	0.86520			6
2025.04.14	00:56:30.758		0.86521			4
2025.04.14	00:56:49.059		0.86520			4
2025.04.14	00:57:00.158	0.86440				2
2025.04.14	00:57:08.528	0.86431				2
2025.04.14	00:57:09.743		0.86521			4
2025.04.14	00:57:37.901		0.86519			4
2025.04.14	00:57:52.266		0.86517			4
2025.04.14	00:57:54.158		0.86530			4
2025.04.14	00:58:00.157	0.86431				2
2025.04.14	00:58:05.863		0.86528			4
2025.04.14	00:58:08.560	0.86321	0.86501			6
2025.04.14	00:58:08.894	0.86320	0.86500			6
2025.04.14	00:58:09.500	0.86322	0.86502			6
2025.04.14	00:58:10.409	0.86321	0.86501			6
2025.04.14	00:58:10.716	0.86320	0.86500			6
2025.04.14	00:58:11.626	0.86318	0.86498			6
2025.04.14	00:58:12.535	0.86316	0.86496			6
2025.04.14	00:58:13.144	0.86314	0.86494			6
2025.04.14	00:58:13.446	0.86312	0.86492			6
2025.04.14	00:58:14.354	0.86311	0.86491			6
2025.04.14	00:58:14.658	0.86310	0.86490			6
2025.04.14	00:58:14.961	0.86312	0.86492			6
2025.04.14	00:58:16.779	0.86316	0.86496			6
2025.04.14	00:58:18.295	0.86312	0.86492			6
2025.04.14	00:58:21.936	0.86315	0.86495			6
2025.04.14	00:58:22.237	0.86316	0.86496			6
2025.04.14	00:58:22.540	0.86314	0.86494			6
2025.04.14	00:58:23.448	0.86313	0.86493			6
2025.04.14	00:58:24.358	0.86312	0.86492			6
2025.04.14	00:58:27.395	0.86313	0.86493			6
2025.04.14	00:58:28.304	0.86312	0.86492			6
2025.04.14	00:58:28.610	0.86292	0.86472			6
2025.04.14	00:58:28.912	0.86288	0.86468			6
2025.04.14	00:58:30.731	0.86292	0.86472			6
2025.04.14	00:58:36.500	0.86347	0.86527			6
2025.04.14	00:58:36.803	0.86344	0.86494			6
2025.04.14	00:58:37.104	0.86346				2
2025.04.14	00:58:37.710		0.86493			4
2025.04.14	00:58:38.317	0.86347	0.86492			6
2025.04.14	00:58:38.620	0.86350	0.86496			6
2025.04.14	00:58:38.923	0.86345				2
2025.04.14	00:58:39.533		0.86497			4
2025.04.14	00:58:39.836		0.86498			4
2025.04.14	00:58:40.443		0.86496			4
2025.04.14	00:58:41.055	0.86358	0.86502			6
2025.04.14	00:58:41.358		0.86498			4
2025.04.14	00:58:41.661		0.86499			4
2025.04.14	00:58:42.874	0.86347	0.86500			6
2025.04.14	00:58:43.180	0.86332	0.86514			6
2025.04.14	00:58:57.162		0.86513			4
2025.04.14	00:58:58.066		0.86507			4
2025.04.14	00:58:58.961		0.86506			4
2025.04.14	00:59:00.160	0.86332	0.86505			6
2025.04.14	00:59:01.060		0.86504			4
2025.04.14	00:59:01.960		0.86486			4
2025.04.14	00:59:12.616	0.86315	0.86514			6
2025.04.14	00:59:20.881		0.86513			4
2025.04.14	00:59:21.762	0.86301	0.86501			6
2025.04.14	00:59:39.991	0.86318	0.86510			6
2025.04.14	00:59:40.960		0.86508			4
2025.04.14	00:59:41.861		0.86507			4
2025.04.14	00:59:42.769		0.86506			4
2025.04.14	00:59:43.650		0.86512			4
2025.04.14	00:59:46.723		0.86511			4
2025.04.14	00:59:47.859		0.86510			4
2025.04.14	00:59:48.731		0.86514			4
2025.04.14	00:59:50.558		0.86512			4
2025.04.14	00:59:51.758		0.86511			4
2025.04.14	00:59:52.359		0.86510			4
2025.04.14	00:59:53.259		0.86509			4
2025.04.14	00:59:53.928		0.86508			4
2025.04.14	00:59:54.764		0.86507			4
2025.04.14	00:59:55.358		0.86506			4
2025.04.14	00:59:56.264		0.86505			4
2025.04.14	00:59:58.377		0.86502			4
2025.04.14	00:59:59.562		0.86501			4
2025.04.14	01:00:00.309	0.86318	0.86512			6
2025.04.14	01:00:00.618		0.86518			4
2025.04.14	01:00:00.939	0.86332	0.86503			6
2025.04.14	01:00:01.288	0.86434	0.86531			6
2025.04.14	01:00:01.613	0.86368	0.86530			6
2025.04.14	01:00:01.915	0.86323	0.86514			6
2025.04.14	01:00:02.262	0.86424	0.86544			6
2025.04.14	01:00:02.564	0.86419	0.86535			6
2025.04.14	01:00:02.865		0.86539			4
2025.04.14	01:00:03.168	0.86424	0.86544			6
2025.04.14	01:00:03.472		0.86540			4
2025.04.14	01:00:03.775	0.86435	0.86547			6
2025.04.14	01:00:04.385	0.86438	0.86551			6
2025.04.14	01:00:04.689	0.86351	0.86543			6
2025.04.14	01:00:05.169	0.86369				2
2025.04.14	01:00:05.479	0.86382				2
2025.04.14	01:00:05.846	0.86394				2
2025.04.14	01:00:06.434	0.86379				2
2025.04.14	01:00:06.737	0.86376				2
2025.04.14	01:00:07.138	0.86403	0.86536			6
2025.04.14	01:00:07.441	0.86432				2
2025.04.14	01:00:07.831	0.86404				2
2025.04.14	01:00:08.141	0.86410				2
2025.04.14	01:00:11.419	0.86414				2
2025.04.14	01:00:11.728	0.86408				2
2025.04.14	01:00:12.479	0.86435	0.86591			6
2025.04.14	01:00:12.799	0.86442	0.86578			6
2025.04.14	01:00:13.273	0.86446				2
2025.04.14	01:00:13.621	0.86445	0.86561			6
2025.04.14	01:00:14.039	0.86509				2
2025.04.14	01:00:14.355	0.86503	0.86616			6
2025.04.14	01:00:14.668	0.86495	0.86621			6
2025.04.14	01:00:14.980	0.86489	0.86622			6
2025.04.14	01:00:15.286	0.86477				2
2025.04.14	01:00:15.706	0.86442				2
2025.04.14	01:00:16.045	0.86491	0.86618			6
2025.04.14	01:00:16.385	0.86486	0.86623			6
2025.04.14	01:00:16.859	0.86481	0.86621			6
2025.04.14	01:00:17.237	0.86476	0.86625			6
2025.04.14	01:00:17.678	0.86474	0.86627			6
2025.04.14	01:00:17.997	0.86442	0.86630			6
2025.04.14	01:00:18.299	0.86439	0.86633			6
2025.04.14	01:00:18.603	0.86441	0.86631			6
2025.04.14	01:00:19.014	0.86453	0.86591			6
2025.04.14	01:00:19.329	0.86498	0.86571			6
2025.04.14	01:00:19.702	0.86481				2
2025.04.14	01:00:20.047	0.86482				2
2025.04.14	01:00:20.432	0.86487				2
2025.04.14	01:00:20.736	0.86482	0.86635			6
2025.04.14	01:00:21.052	0.86481	0.86576			6
2025.04.14	01:00:21.456	0.86484				2
2025.04.14	01:00:21.764	0.86491				2
2025.04.14	01:00:22.141	0.86489	0.86612			6
2025.04.14	01:00:22.560	0.86515	0.86610			6
2025.04.14	01:00:22.907	0.86514	0.86611			6
2025.04.14	01:00:23.380	0.86511				2
2025.04.14	01:00:23.925	0.86517	0.86610			6
2025.04.14	01:00:24.418	0.86518	0.86608			6
2025.04.14	01:00:24.816	0.86519	0.86609			6
2025.04.14	01:00:25.165	0.86518	0.86610			6
2025.04.14	01:00:26.537	0.86511	0.86612			6
2025.04.14	01:00:26.971	0.86516				2
2025.04.14	01:00:27.710	0.86504	0.86620			6
2025.04.14	01:00:28.467	0.86499	0.86627			6
2025.04.14	01:00:28.960	0.86506	0.86618			6
2025.04.14	01:00:29.544	0.86511	0.86617			6
2025.04.14	01:00:30.058	0.86513				2
2025.04.14	01:00:30.379	0.86522	0.86604			6
2025.04.14	01:00:30.687	0.86518				2
2025.04.14	01:00:31.004	0.86521	0.86602			6
2025.04.14	01:00:31.332	0.86513	0.86605			6
2025.04.14	01:00:31.717	0.86514	0.86604			6
2025.04.14	01:00:32.061	0.86512	0.86600			6
2025.04.14	01:00:32.372	0.86552	0.86618			6
2025.04.14	01:00:32.683	0.86525	0.86608			6
2025.04.14	01:00:32.998	0.86490	0.86614			6
2025.04.14	01:00:33.303	0.86491	0.86615			6
2025.04.14	01:00:34.561		0.86614			4
2025.04.14	01:00:35.036		0.86618			4
2025.04.14	01:00:35.350		0.86620			4
2025.04.14	01:00:35.660	0.86495	0.86615			6
2025.04.14	01:00:35.990	0.86489	0.86608			6
2025.04.14	01:00:36.300	0.86488	0.86609			6
2025.04.14	01:00:36.691		0.86608			4
2025.04.14	01:00:37.180	0.86487	0.86604			6
2025.04.14	01:00:37.502	0.86495	0.86598			6
2025.04.14	01:00:37.863	0.86492	0.86604			6
2025.04.14	01:00:38.171		0.86603			4
2025.04.14	01:00:38.930	0.86495	0.86601			6
2025.04.14	01:00:39.346	0.86494	0.86602			6
2025.04.14	01:00:39.653	0.86497	0.86597			6
2025.04.14	01:00:40.086	0.86495	0.86599			6
2025.04.14	01:00:40.525	0.86497	0.86597			6
2025.04.14	01:00:40.918	0.86494	0.86600			6
2025.04.14	01:00:41.253	0.86493	0.86598			6
2025.04.14	01:00:42.963		0.86600			4
2025.04.14	01:00:43.561	0.86500	0.86594			6
2025.04.14	01:00:43.882	0.86496	0.86597			6
2025.04.14	01:00:44.259		0.86598			4
2025.04.14	01:00:44.587	0.86492	0.86601			6
2025.04.14	01:00:44.900	0.86505	0.86600			6
2025.04.14	01:00:45.218	0.86506	0.86598			6
2025.04.14	01:00:45.780	0.86520	0.86583			6
2025.04.14	01:00:46.098	0.86515	0.86588			6
2025.04.14	01:00:46.966	0.86507	0.86579			6
2025.04.14	01:00:47.277		0.86578			4
2025.04.14	01:00:47.593		0.86581			4
2025.04.14	01:00:48.996	0.86509	0.86571			6
2025.04.14	01:00:49.301	0.86520	0.86624			6
2025.04.14	01:00:49.603		0.86619			4
2025.04.14	01:00:49.939		0.86616			4
2025.04.14	01:00:50.352		0.86618			4
2025.04.14	01:00:50.858	0.86521	0.86617			6
2025.04.14	01:00:51.163	0.86522	0.86615			6
2025.04.14	01:00:51.467	0.86505				2
2025.04.14	01:00:51.861		0.86618			4
2025.04.14	01:00:52.263		0.86617			4
2025.04.14	01:00:52.595		0.86615			4
2025.04.14	01:00:52.911		0.86616			4
2025.04.14	01:00:53.520		0.86615			4
2025.04.14	01:00:53.877		0.86612			4
2025.04.14	01:00:54.262		0.86610			4
2025.04.14	01:00:54.769		0.86607			4
2025.04.14	01:00:55.079		0.86609			4
2025.04.14	01:00:55.959		0.86605			4
2025.04.14	01:00:56.311		0.86607			4
2025.04.14	01:00:57.145	0.86504	0.86619			6
2025.04.14	01:00:57.461		0.86604			4
2025.04.14	01:00:58.225	0.86503	0.86607			6
2025.04.14	01:00:58.959		0.86606			4
2025.04.14	01:00:59.263	0.86505	0.86617			6
2025.04.14	01:00:59.578	0.86503	0.86606			6
2025.04.14	01:01:00.037	0.86503				2
2025.04.14	01:01:00.353	0.86505	0.86612			6
2025.04.14	01:01:00.660	0.86499	0.86616			6
2025.04.14	01:01:01.389		0.86615			4
2025.04.14	01:01:01.714		0.86614			4
2025.04.14	01:01:02.268		0.86613			4
2025.04.14	01:01:02.629	0.86508	0.86611			6
2025.04.14	01:01:03.176		0.86610			4
2025.04.14	01:01:03.842		0.86613			4
2025.04.14	01:01:04.659		0.86610			4
2025.04.14	01:01:04.978		0.86606			4
2025.04.14	01:01:05.348		0.86598			4
2025.04.14	01:01:05.658		0.86606			4
2025.04.14	01:01:06.159		0.86597			4
2025.04.14	01:01:06.491	0.86533	0.86604			6
2025.04.14	01:01:06.798	0.86539				2
2025.04.14	01:01:07.145	0.86533				2
2025.04.14	01:01:07.562	0.86535	0.86606			6
2025.04.14	01:01:07.890	0.86538				2
2025.04.14	01:01:08.260	0.86532	0.86603			6
2025.04.14	01:01:08.746		0.86602			4
2025.04.14	01:01:09.389	0.86555	0.86654			6
2025.04.14	01:01:09.701	0.86557	0.86653			6
2025.04.14	01:01:10.359	0.86573	0.86657			6
2025.04.14	01:01:10.671	0.86572	0.86658			6
2025.04.14	01:01:10.978	0.86571	0.86654			6
2025.04.14	01:01:11.305	0.86573				2
2025.04.14	01:01:11.666		0.86653			4
2025.04.14	01:01:11.990	0.86577	0.86655			6
2025.04.14	01:01:12.299		0.86654			4
2025.04.14	01:01:12.758		0.86653			4
2025.04.14	01:01:13.365	0.86576	0.86641			6
2025.04.14	01:01:13.686	0.86575	0.86640			6
2025.04.14	01:01:14.166	0.86566	0.86632			6
2025.04.14	01:01:14.501	0.86565	0.86631			6
2025.04.14	01:01:15.164	0.86560	0.86630			6
2025.04.14	01:01:15.784		0.86631			4
2025.04.14	01:01:16.276		0.86630			4
2025.04.14	01:01:16.773	0.86591				2
2025.04.14	01:01:17.079	0.86590				2
2025.04.14	01:01:17.380	0.86591				2
2025.04.14	01:01:18.109		0.86631			4
2025.04.14	01:01:18.426		0.86629			4
2025.04.14	01:01:18.760	0.86592				2
2025.04.14	01:01:19.342	0.86591				2
2025.04.14	01:01:19.647	0.86593	0.86630			6
2025.04.14	01:01:20.322		0.86626			4
2025.04.14	01:01:20.680	0.86591	0.86625			6
2025.04.14	01:01:21.014		0.86627			4
2025.04.14	01:01:21.320	0.86594	0.86628			6
2025.04.14	01:01:21.624	0.86595				2
2025.04.14	01:01:22.124		0.86630			4
2025.04.14	01:01:22.441	0.86599	0.86631			6
2025.04.14	01:01:22.748	0.86598	0.86632			6
2025.04.14	01:01:23.260	0.86593	0.86628			6
2025.04.14	01:01:23.730	0.86590	0.86625			6
2025.04.14	01:01:24.197	0.86594	0.86628			6
2025.04.14	01:01:24.597	0.86590				2
2025.04.14	01:01:25.377	0.86593				2
2025.04.14	01:01:25.699	0.86594				2
2025.04.14	01:01:26.347		0.86625			4
2025.04.14	01:01:26.858		0.86627			4
2025.04.14	01:01:27.377	0.86592	0.86626			6
2025.04.14	01:01:27.967	0.86594				2
2025.04.14	01:01:28.309	0.86595	0.86624			6
2025.04.14	01:01:30.178	0.86579	0.86614			6
2025.04.14	01:01:30.482	0.86587	0.86619			6
2025.04.14	01:01:31.267	0.86584	0.86618			6
2025.04.14	01:01:32.142	0.86592	0.86622			6
2025.04.14	01:01:33.256	0.86589				2
2025.04.14	01:01:33.758	0.86588	0.86623			6
2025.04.14	01:01:34.788	0.86589	0.86622			6
2025.04.14	01:01:36.513	0.86584	0.86617			6
2025.04.14	01:01:37.700	0.86583	0.86616			6
2025.04.14	01:01:38.431	0.86593	0.86626			6
2025.04.14	01:01:38.736	0.86591	0.86627			6
2025.04.14	01:01:39.093	0.86599	0.86631			6
2025.04.14	01:01:39.404	0.86597	0.86630			6
2025.04.14	01:01:39.768	0.86598	0.86631			6
2025.04.14	01:01:40.096	0.86599	0.86632			6
2025.04.14	01:01:41.260	0.86598				2
2025.04.14	01:01:41.589	0.86599	0.86631			6
2025.04.14	01:01:41.899	0.86603	0.86637			6
2025.04.14	01:01:42.219	0.86604				2
2025.04.14	01:01:42.637	0.86605				2
2025.04.14	01:01:43.306	0.86606				2
2025.04.14	01:01:43.658	0.86607				2
2025.04.14	01:01:45.306	0.86608	0.86638			6
2025.04.14	01:01:46.590	0.86603	0.86635			6
2025.04.14	01:01:46.949	0.86605				2
2025.04.14	01:01:47.346		0.86636			4
2025.04.14	01:01:48.124	0.86609				2
2025.04.14	01:01:48.475	0.86607				2
2025.04.14	01:01:49.098		0.86635			4
2025.04.14	01:01:49.492	0.86606	0.86631			6
2025.04.14	01:01:49.819		0.86633			4
2025.04.14	01:01:50.195	0.86607	0.86635			6
2025.04.14	01:01:50.500	0.86612	0.86638			6
2025.04.14	01:01:51.678	0.86617	0.86641			6
2025.04.14	01:01:52.454	0.86618	0.86643			6
2025.04.14	01:01:52.759		0.86646			4
2025.04.14	01:01:53.146	0.86617				2
2025.04.14	01:01:53.483	0.86618	0.86647			6
2025.04.14	01:01:53.926	0.86622	0.86650			6
2025.04.14	01:01:54.285	0.86623				2
2025.04.14	01:01:55.305	0.86624				2
2025.04.14	01:01:55.624	0.86623				2
2025.04.14	01:01:56.114	0.86624				2
2025.04.14	01:01:56.447	0.86623				2
2025.04.14	01:01:57.160	0.86620	0.86647			6
2025.04.14	01:01:57.462	0.86619	0.86646			6
2025.04.14	01:01:58.120		0.86647			4
2025.04.14	01:01:58.854	0.86627	0.86652			6
2025.04.14	01:01:59.852		0.86651			4
2025.04.14	01:02:00.202	0.86627	0.86652			6
2025.04.14	01:02:00.516		0.86649			4
2025.04.14	01:02:00.818	0.86624				2
2025.04.14	01:02:01.425		0.86648			4
2025.04.14	01:02:01.958		0.86647			4
2025.04.14	01:02:03.027	0.86623	0.86649			6
2025.04.14	01:02:03.389	0.86625				2
2025.04.14	01:02:04.062	0.86630	0.86659			6
2025.04.14	01:02:04.380	0.86632				2
2025.04.14	01:02:04.760	0.86631				2
2025.04.14	01:02:05.121	0.86634	0.86662			6
2025.04.14	01:02:05.503		0.86658			4
2025.04.14	01:02:06.413	0.86635				2
2025.04.14	01:02:07.532	0.86632	0.86654			6
2025.04.14	01:02:07.894	0.86633	0.86656			6
2025.04.14	01:02:08.201	0.86634	0.86664			6
2025.04.14	01:02:08.507	0.86639	0.86663			6
2025.04.14	01:02:09.292	0.86638				2
2025.04.14	01:02:09.993		0.86664			4
2025.04.14	01:02:10.304		0.86663			4
2025.04.14	01:02:10.631	0.86637	0.86661			6
2025.04.14	01:02:10.958	0.86636				2
2025.04.14	01:02:12.295		0.86660			4
2025.04.14	01:02:13.503	0.86635	0.86661			6
2025.04.14	01:02:14.327	0.86636	0.86665			6
2025.04.14	01:02:14.661	0.86638	0.86667			6
2025.04.14	01:02:16.058	0.86643	0.86671			6
2025.04.14	01:02:16.408	0.86641	0.86670			6
2025.04.14	01:02:16.961	0.86642	0.86672			6
2025.04.14	01:02:18.837	0.86645	0.86675			6
2025.04.14	01:02:19.727	0.86644				2
2025.04.14	01:02:20.231	0.86646	0.86674			6
2025.04.14	01:02:20.858		0.86673			4
2025.04.14	01:02:21.182	0.86639	0.86670			6
2025.04.14	01:02:21.520		0.86669			4
2025.04.14	01:02:22.352		0.86668			4
2025.04.14	01:02:22.843	0.86638	0.86669			6
2025.04.14	01:02:23.751	0.86639				2
2025.04.14	01:02:24.126	0.86638				2
2025.04.14	01:02:24.703	0.86639				2
2025.04.14	01:02:25.015	0.86640				2
2025.04.14	01:02:25.633	0.86639				2
2025.04.14	01:02:25.939		0.86667			4
2025.04.14	01:02:26.560		0.86666			4
2025.04.14	01:02:27.634	0.86631	0.86660			6
2025.04.14	01:02:27.994	0.86629	0.86659			6
2025.04.14	01:02:28.305	0.86630				2
2025.04.14	01:02:28.792	0.86629				2
2025.04.14	01:02:29.866	0.86633	0.86660			6
2025.04.14	01:02:30.376	0.86629	0.86658			6
2025.04.14	01:02:31.191	0.86628				2
2025.04.14	01:02:32.260	0.86629	0.86659			6
2025.04.14	01:02:33.462		0.86658			4
2025.04.14	01:02:35.860	0.86624	0.86653			6
2025.04.14	01:02:36.172	0.86626				2
2025.04.14	01:02:36.862	0.86624				2
2025.04.14	01:02:37.170	0.86628				2
2025.04.14	01:02:38.402	0.86631	0.86656			6
2025.04.14	01:02:38.714	0.86627	0.86651			6
2025.04.14	01:02:39.072	0.86625	0.86650			6
2025.04.14	01:02:39.493	0.86624				2
2025.04.14	01:02:39.799		0.86649			4
2025.04.14	01:02:40.359	0.86625	0.86651			6
2025.04.14	01:02:40.667	0.86627	0.86652			6
2025.04.14	01:02:41.394	0.86626	0.86651			6
2025.04.14	01:02:41.713		0.86652			4
2025.04.14	01:02:42.340	0.86623	0.86646			6
2025.04.14	01:02:43.626	0.86624	0.86651			6
2025.04.14	01:02:43.938	0.86625				2
2025.04.14	01:02:44.289		0.86653			4
2025.04.14	01:02:44.603	0.86622	0.86647			6
2025.04.14	01:02:45.161	0.86621				2
2025.04.14	01:02:46.129	0.86624	0.86651			6
2025.04.14	01:02:49.373	0.86623	0.86650			6
2025.04.14	01:02:50.862		0.86651			4
2025.04.14	01:02:51.566	0.86619	0.86646			6
2025.04.14	01:02:52.063	0.86620	0.86647			6
2025.04.14	01:02:52.373		0.86648			4
2025.04.14	01:02:52.738		0.86647			4
2025.04.14	01:02:53.131	0.86623	0.86650			6
2025.04.14	01:02:53.531	0.86622	0.86647			6
2025.04.14	01:02:54.273	0.86619	0.86644			6
2025.04.14	01:02:55.056	0.86621				2
2025.04.14	01:02:56.712	0.86620				2
2025.04.14	01:02:57.534	0.86619				2
2025.04.14	01:02:57.835	0.86620				2
2025.04.14	01:02:58.364		0.86642			4
2025.04.14	01:02:58.721	0.86618				2
2025.04.14	01:02:59.888	0.86619				2
2025.04.14	01:03:00.461	0.86622	0.86649			6
2025.04.14	01:03:01.060	0.86623				2
2025.04.14	01:03:01.406	0.86622	0.86650			6
2025.04.14	01:03:02.819	0.86623	0.86649			6
2025.04.14	01:03:03.120	0.86622	0.86648			6
2025.04.14	01:03:03.488	0.86625				2
2025.04.14	01:03:03.895	0.86624				2
2025.04.14	01:03:04.563	0.86632	0.86654			6
2025.04.14	01:03:05.079	0.86631	0.86655			6
2025.04.14	01:03:05.408	0.86630				2
2025.04.14	01:03:05.993	0.86632				2
2025.04.14	01:03:06.441	0.86631				2
2025.04.14	01:03:06.750	0.86628				2
2025.04.14	01:03:07.057	0.86629	0.86654			6
2025.04.14	01:03:09.349	0.86630				2
2025.04.14	01:03:09.708	0.86632	0.86655			6
2025.04.14	01:03:10.018	0.86633	0.86657			6
2025.04.14	01:03:10.333	0.86632				2
2025.04.14	01:03:11.114	0.86633				2
2025.04.14	01:03:11.680	0.86628	0.86656			6
2025.04.14	01:03:12.158	0.86627	0.86654			6
2025.04.14	01:03:12.487	0.86632				2
2025.04.14	01:03:12.826	0.86627	0.86652			6
2025.04.14	01:03:13.880		0.86651			4
2025.04.14	01:03:14.394		0.86653			4
2025.04.14	01:03:16.011	0.86626	0.86652			6
2025.04.14	01:03:17.336	0.86625	0.86651			6
2025.04.14	01:03:17.649	0.86622	0.86648			6
2025.04.14	01:03:18.433	0.86621	0.86647			6
2025.04.14	01:03:18.738	0.86620				2
2025.04.14	01:03:19.042	0.86619	0.86648			6
2025.04.14	01:03:19.360	0.86620	0.86647			6
2025.04.14	01:03:19.693	0.86622	0.86649			6
2025.04.14	01:03:20.302	0.86625				2
2025.04.14	01:03:20.643	0.86627	0.86651			6
2025.04.14	01:03:20.978	0.86625				2
2025.04.14	01:03:21.778		0.86650			4
2025.04.14	01:03:22.113	0.86626	0.86651			6
2025.04.14	01:03:22.454	0.86627	0.86650			6
2025.04.14	01:03:23.385	0.86625				2
2025.04.14	01:03:24.017	0.86624				2
2025.04.14	01:03:25.360	0.86625	0.86651			6
2025.04.14	01:03:26.803	0.86626				2
2025.04.14	01:03:27.442	0.86624				2
2025.04.14	01:03:27.794	0.86626	0.86650			6
2025.04.14	01:03:29.195	0.86624	0.86649			6
2025.04.14	01:03:29.729	0.86626				2
2025.04.14	01:03:30.043	0.86625				2
2025.04.14	01:03:30.358	0.86626	0.86650			6
2025.04.14	01:03:30.833	0.86624				2
2025.04.14	01:03:31.199	0.86625				2
2025.04.14	01:03:32.398	0.86626	0.86649			6
2025.04.14	01:03:33.385	0.86625				2
2025.04.14	01:03:34.766	0.86624				2
2025.04.14	01:03:35.259		0.86648			4
2025.04.14	01:03:36.460		0.86649			4
2025.04.14	01:03:38.097	0.86623	0.86650			6
2025.04.14	01:03:39.016	0.86624				2
2025.04.14	01:03:39.837	0.86625	0.86651			6
2025.04.14	01:03:40.358	0.86624	0.86650			6
2025.04.14	01:03:41.399	0.86628				2
2025.04.14	01:03:42.813	0.86624	0.86646			6
2025.04.14	01:03:44.560	0.86622				2
2025.04.14	01:03:46.162	0.86633	0.86647			6
2025.04.14	01:03:46.592	0.86631	0.86650			6
2025.04.14	01:03:47.687		0.86647			4
2025.04.14	01:03:48.464	0.86628	0.86646			6
2025.04.14	01:03:49.058		0.86645			4
2025.04.14	01:03:49.994		0.86646			4
2025.04.14	01:03:50.298	0.86631	0.86648			6
2025.04.14	01:03:50.958	0.86630	0.86649			6
2025.04.14	01:03:52.114	0.86632	0.86650			6
2025.04.14	01:03:52.424	0.86628	0.86648			6
2025.04.14	01:03:53.215	0.86635				2
2025.04.14	01:03:53.587	0.86637				2
2025.04.14	01:03:54.272		0.86649			4
2025.04.14	01:03:57.458		0.86648			4
2025.04.14	01:03:57.887		0.86649			4
2025.04.14	01:03:58.202		0.86650			4
2025.04.14	01:03:58.599		0.86651			4
2025.04.14	01:03:58.911		0.86650			4
2025.04.14	01:03:59.291		0.86652			4
2025.04.14	01:03:59.687		0.86651			4
2025.04.14	01:04:00.035	0.86637	0.86652			6
2025.04.14	01:04:02.093	0.86630	0.86643			6
2025.04.14	01:04:02.483	0.86627	0.86641			6
2025.04.14	01:04:03.506		0.86640			4
2025.04.14	01:04:03.820	0.86621	0.86641			6
2025.04.14	01:04:04.128	0.86619	0.86639			6
2025.04.14	01:04:04.503		0.86637			4
2025.04.14	01:04:05.257	0.86622	0.86640			6
2025.04.14	01:04:05.562		0.86641			4
2025.04.14	01:04:07.462	0.86621	0.86643			6
2025.04.14	01:04:07.827		0.86642			4
2025.04.14	01:04:08.130	0.86637	0.86648			6
2025.04.14	01:04:08.491		0.86651			4
2025.04.14	01:04:08.796	0.86635	0.86655			6
2025.04.14	01:04:09.965		0.86654			4
2025.04.14	01:04:12.079		0.86650			4
2025.04.14	01:04:13.391	0.86623	0.86640			6
2025.04.14	01:04:13.720	0.86622	0.86642			6
2025.04.14	01:04:14.066	0.86621	0.86641			6
2025.04.14	01:04:14.463		0.86640			4
2025.04.14	01:04:15.532	0.86634	0.86648			6
2025.04.14	01:04:15.869		0.86650			4
2025.04.14	01:04:17.225	0.86626	0.86646			6
2025.04.14	01:04:17.784		0.86645			4
2025.04.14	01:04:18.755	0.86631	0.86651			6
2025.04.14	01:04:19.359	0.86632	0.86650			6
2025.04.14	01:04:19.672	0.86631	0.86652			6
2025.04.14	01:04:19.978		0.86651			4
2025.04.14	01:04:20.523	0.86634	0.86653			6
2025.04.14	01:04:20.847		0.86649			4
2025.04.14	01:04:22.126	0.86642	0.86652			6
2025.04.14	01:04:22.440	0.86638	0.86648			6
2025.04.14	01:04:23.682	0.86637				2
2025.04.14	01:04:24.351	0.86638	0.86649			6
2025.04.14	01:04:24.660	0.86636	0.86652			6
2025.04.14	01:04:25.658	0.86641	0.86657			6
2025.04.14	01:04:25.983		0.86655			4
2025.04.14	01:04:26.388	0.86638	0.86657			6
2025.04.14	01:04:26.849		0.86654			4
2025.04.14	01:04:27.229	0.86640	0.86655			6
2025.04.14	01:04:27.638	0.86641	0.86657			6
2025.04.14	01:04:27.961		0.86653			4
2025.04.14	01:04:28.722		0.86654			4
2025.04.14	01:04:29.323	0.86643	0.86658			6
2025.04.14	01:04:29.627		0.86657			4
2025.04.14	01:04:29.931	0.86641				2
2025.04.14	01:04:30.607	0.86643	0.86658			6
2025.04.14	01:04:31.774	0.86638	0.86656			6
2025.04.14	01:04:32.190		0.86655			4
2025.04.14	01:04:32.550	0.86641				2
2025.04.14	01:04:32.865	0.86638	0.86653			6
2025.04.14	01:04:33.601	0.86643	0.86657			6
2025.04.14	01:04:34.066		0.86658			4
2025.04.14	01:04:35.207		0.86655			4
2025.04.14	01:04:35.520	0.86641				2
2025.04.14	01:04:35.858		0.86657			4
2025.04.14	01:04:36.241	0.86643	0.86655			6
2025.04.14	01:04:36.561		0.86657			4
2025.04.14	01:04:36.955	0.86646	0.86658			6
2025.04.14	01:04:38.132		0.86660			4
2025.04.14	01:04:39.820	0.86651	0.86664			6
2025.04.14	01:04:40.926	0.86648	0.86662			6
2025.04.14	01:04:41.618		0.86661			4
2025.04.14	01:04:41.978	0.86646	0.86660			6
2025.04.14	01:04:42.280		0.86661			4
2025.04.14	01:04:43.080	0.86645	0.86657			6
2025.04.14	01:04:43.402		0.86659			4
2025.04.14	01:04:43.786	0.86646				2
2025.04.14	01:04:44.860		0.86661			4
2025.04.14	01:04:45.369	0.86648				2
2025.04.14	01:04:45.922		0.86663			4
2025.04.14	01:04:46.229		0.86659			4
2025.04.14	01:04:46.975		0.86660			4
2025.04.14	01:04:47.339	0.86650				2
2025.04.14	01:04:48.348	0.86651	0.86663			6
2025.04.14	01:04:48.688	0.86650	0.86662			6
2025.04.14	01:04:49.017	0.86648	0.86658			6
2025.04.14	01:04:49.318	0.86646	0.86660			6
2025.04.14	01:04:49.713	0.86648				2
2025.04.14	01:04:50.045		0.86658			4
2025.04.14	01:04:50.363	0.86646	0.86659			6
2025.04.14	01:04:50.746		0.86658			4
2025.04.14	01:04:51.578	0.86645				2
2025.04.14	01:04:53.091	0.86640	0.86655			6
2025.04.14	01:04:53.403	0.86639	0.86654			6
2025.04.14	01:04:53.719	0.86641	0.86651			6
2025.04.14	01:04:54.052	0.86651	0.86662			6
2025.04.14	01:04:56.839	0.86649	0.86664			6
2025.04.14	01:04:57.510	0.86648	0.86661			6
2025.04.14	01:04:58.726		0.86659			4
2025.04.14	01:04:59.097	0.86651	0.86665			6
2025.04.14	01:05:00.170	0.86651				2
2025.04.14	01:05:01.109		0.86664			4
2025.04.14	01:05:01.410	0.86649	0.86663			6
2025.04.14	01:05:01.719	0.86648	0.86660			6
2025.04.14	01:05:02.023	0.86651	0.86664			6
2025.04.14	01:05:03.962	0.86648	0.86661			6
2025.04.14	01:05:04.281		0.86662			4
2025.04.14	01:05:06.373	0.86646	0.86660			6
2025.04.14	01:05:07.059		0.86658			4
2025.04.14	01:05:07.365	0.86648	0.86662			6
2025.04.14	01:05:08.859		0.86661			4
2025.04.14	01:05:09.210	0.86643	0.86657			6
2025.04.14	01:05:09.886	0.86641	0.86655			6
2025.04.14	01:05:10.199	0.86643				2
2025.04.14	01:05:11.367	0.86646	0.86660			6
2025.04.14	01:05:12.016	0.86648	0.86661			6
2025.04.14	01:05:12.334	0.86650				2
2025.04.14	01:05:13.190	0.86645	0.86657			6
2025.04.14	01:05:15.027		0.86658			4
2025.04.14	01:05:15.963	0.86648	0.86661			6
2025.04.14	01:05:16.307	0.86651	0.86663			6
2025.04.14	01:05:16.658	0.86652	0.86665			6
2025.04.14	01:05:16.965	0.86653	0.86664			6
2025.04.14	01:05:17.274		0.86665			4
2025.04.14	01:05:17.578	0.86651				2
2025.04.14	01:05:21.459	0.86652				2
2025.04.14	01:05:21.764	0.86654	0.86667			6
2025.04.14	01:05:22.456	0.86651	0.86665			6
2025.04.14	01:05:26.379	0.86647	0.86662			6
2025.04.14	01:05:26.927	0.86646				2
2025.04.14	01:05:27.382	0.86651	0.86663			6
2025.04.14	01:05:27.974		0.86664			4
2025.04.14	01:05:29.795	0.86650	0.86663			6
2025.04.14	01:05:30.108	0.86651	0.86664			6
2025.04.14	01:05:30.422		0.86667			4
2025.04.14	01:05:31.806		0.86666			4
2025.04.14	01:05:35.691	0.86648	0.86661			6
2025.04.14	01:05:37.371		0.86662			4
2025.04.14	01:05:39.661	0.86651	0.86666			6
2025.04.14	01:05:40.740		0.86665			4
2025.04.14	01:05:42.885		0.86666			4
2025.04.14	01:05:44.741	0.86654	0.86669			6
2025.04.14	01:05:45.515		0.86664			4
2025.04.14	01:05:46.351		0.86668			4
2025.04.14	01:05:46.875	0.86651	0.86667			6
2025.04.14	01:05:47.558		0.86668			4
2025.04.14	01:05:47.902		0.86665			4
2025.04.14	01:05:49.033	0.86650				2
2025.04.14	01:05:49.606	0.86651	0.86664			6
2025.04.14	01:05:49.958	0.86649	0.86663			6
2025.04.14	01:05:51.202		0.86664			4
2025.04.14	01:05:54.106	0.86646	0.86663			6
2025.04.14	01:05:54.640	0.86648	0.86665			6
2025.04.14	01:05:54.968	0.86649				2
2025.04.14	01:05:55.358	0.86647	0.86666			6
2025.04.14	01:05:55.666	0.86651	0.86664			6
2025.04.14	01:05:56.741		0.86665			4
2025.04.14	01:06:00.364	0.86651				2
2025.04.14	01:06:01.114	0.86655	0.86669			6
2025.04.14	01:06:02.215	0.86654	0.86671			6
2025.04.14	01:06:02.520		0.86669			4
2025.04.14	01:06:02.903	0.86653				2
2025.04.14	01:06:05.877	0.86654	0.86668			6
2025.04.14	01:06:06.555	0.86653				2
2025.04.14	01:06:08.257		0.86669			4
2025.04.14	01:06:08.970	0.86651	0.86667			6
2025.04.14	01:06:09.458	0.86653	0.86669			6
2025.04.14	01:06:09.763		0.86668			4
2025.04.14	01:06:12.981		0.86667			4
2025.04.14	01:06:15.173	0.86658	0.86673			6
2025.04.14	01:06:16.358		0.86672			4
2025.04.14	01:06:18.339		0.86673			4
2025.04.14	01:06:18.718		0.86672			4
2025.04.14	01:06:20.887	0.86657				2
2025.04.14	01:06:25.539	0.86660	0.86673			6
2025.04.14	01:06:29.413		0.86674			4
2025.04.14	01:06:30.418	0.86655	0.86673			6
2025.04.14	01:06:34.359	0.86656	0.86672			6
2025.04.14	01:06:36.584		0.86673			4
2025.04.14	01:06:40.005	0.86658				2
2025.04.14	01:06:42.158	0.86654	0.86671			6
2025.04.14	01:06:42.463	0.86658				2
2025.04.14	01:06:44.118		0.86673			4
2025.04.14	01:06:45.886	0.86660	0.86674			6
2025.04.14	01:06:47.567	0.86658	0.86673			6
2025.04.14	01:06:49.197	0.86656	0.86672			6
2025.04.14	01:06:50.569	0.86658	0.86671			6
2025.04.14	01:06:50.879	0.86657	0.86672			6
2025.04.14	01:06:52.608	0.86655	0.86671			6
2025.04.14	01:06:55.737	0.86652	0.86667			6
2025.04.14	01:06:56.043	0.86655	0.86669			6
2025.04.14	01:06:56.398		0.86670			4
2025.04.14	01:07:00.162	0.86655				2
2025.04.14	01:07:03.139	0.86654				2
2025.04.14	01:07:03.441	0.86650	0.86666			6
2025.04.14	01:07:03.771		0.86665			4
2025.04.14	01:07:04.349	0.86649				2
2025.04.14	01:07:04.712	0.86652	0.86666			6
2025.04.14	01:07:05.943	0.86651	0.86667			6
2025.04.14	01:07:06.305	0.86652				2
2025.04.14	01:07:06.610	0.86649	0.86668			6
2025.04.14	01:07:07.036	0.86651	0.86669			6
2025.04.14	01:07:08.051		0.86668			4
2025.04.14	01:07:09.510	0.86653	0.86669			6
2025.04.14	01:07:10.826	0.86649	0.86667			6
2025.04.14	01:07:11.133	0.86648	0.86664			6
2025.04.14	01:07:13.372	0.86647				2
2025.04.14	01:07:13.690		0.86661			4
2025.04.14	01:07:13.998	0.86655	0.86669			6
2025.04.14	01:07:15.629	0.86653				2
2025.04.14	01:07:18.356	0.86660	0.86672			6
2025.04.14	01:07:18.680		0.86673			4
2025.04.14	01:07:19.766	0.86659				2
2025.04.14	01:07:23.903	0.86658				2
2025.04.14	01:07:24.406		0.86672			4
2025.04.14	01:07:28.330	0.86660				2
2025.04.14	01:07:28.758	0.86658				2
2025.04.14	01:07:31.409	0.86660	0.86673			6
2025.04.14	01:07:32.142	0.86659				2
2025.04.14	01:07:34.186		0.86670			4
2025.04.14	01:07:35.077		0.86669			4
2025.04.14	01:07:35.381		0.86670			4
2025.04.14	01:07:36.353		0.86674			4
2025.04.14	01:07:43.700	0.86658				2
2025.04.14	01:07:46.141	0.86657	0.86669			6
2025.04.14	01:07:46.658		0.86670			4
2025.04.14	01:07:48.350		0.86669			4
2025.04.14	01:07:48.946		0.86670			4
2025.04.14	01:07:52.517	0.86654				2
2025.04.14	01:07:54.134	0.86656				2
2025.04.14	01:07:54.458		0.86671			4
2025.04.14	01:07:55.060		0.86672			4
2025.04.14	01:07:55.365		0.86673			4
2025.04.14	01:07:55.833	0.86657	0.86672			6
2025.04.14	01:08:00.125	0.86657				2
2025.04.14	01:08:00.772		0.86673			4
2025.04.14	01:08:01.208	0.86665	0.86679			6
2025.04.14	01:08:02.353	0.86664				2
2025.04.14	01:08:03.423	0.86660	0.86676			6
2025.04.14	01:08:04.352		0.86675			4
2025.04.14	01:08:05.248		0.86674			4
2025.04.14	01:08:07.692	0.86662				2
2025.04.14	01:08:08.259	0.86663				2
2025.04.14	01:08:09.300	0.86665	0.86677			6
2025.04.14	01:08:09.659		0.86676			4
2025.04.14	01:08:11.558		0.86677			4
2025.04.14	01:08:12.278		0.86676			4
2025.04.14	01:08:13.675	0.86667	0.86678			6
2025.04.14	01:08:14.782		0.86677			4
2025.04.14	01:08:15.611	0.86665	0.86676			6
2025.04.14	01:08:15.920	0.86667				2
2025.04.14	01:08:16.353		0.86677			4
2025.04.14	01:08:19.117	0.86665	0.86675			6
2025.04.14	01:08:19.499		0.86674			4
2025.04.14	01:08:22.241	0.86662	0.86673			6
2025.04.14	01:08:22.758		0.86675			4
2025.04.14	01:08:23.558	0.86667	0.86676			6
2025.04.14	01:08:23.924		0.86675			4
2025.04.14	01:08:26.416	0.86665				2
2025.04.14	01:08:29.382		0.86676			4
2025.04.14	01:08:32.424		0.86675			4
2025.04.14	01:08:33.039	0.86667	0.86676			6
2025.04.14	01:08:33.384	0.86663				2
2025.04.14	01:08:33.692	0.86665	0.86674			6
2025.04.14	01:08:37.692		0.86676			4
2025.04.14	01:08:37.995		0.86675			4
2025.04.14	01:08:38.355		0.86672			4
2025.04.14	01:08:40.173		0.86673			4
2025.04.14	01:08:41.084	0.86669	0.86681			6
2025.04.14	01:08:41.395		0.86682			4
2025.04.14	01:08:43.854	0.86676	0.86683			6
2025.04.14	01:08:44.619	0.86674				2
2025.04.14	01:08:46.133		0.86684			4
2025.04.14	01:08:53.300	0.86672				2
2025.04.14	01:08:55.756		0.86683			4
2025.04.14	01:08:57.558	0.86669	0.86682			6
2025.04.14	01:09:01.154	0.86669				2
2025.04.14	01:09:02.162	0.86666				2
2025.04.14	01:09:03.007	0.86671	0.86683			6
2025.04.14	01:09:04.427	0.86672				2
2025.04.14	01:09:07.340	0.86669				2
2025.04.14	01:09:12.802	0.86682	0.86694			6
2025.04.14	01:09:13.181		0.86692			4
2025.04.14	01:09:14.347	0.86679	0.86691			6
2025.04.14	01:09:15.158		0.86690			4
2025.04.14	01:09:17.560	0.86682	0.86693			6
2025.04.14	01:09:17.933	0.86681	0.86692			6
2025.04.14	01:09:18.648	0.86679	0.86690			6
2025.04.14	01:09:19.906	0.86678	0.86689			6
2025.04.14	01:09:21.758	0.86675	0.86690			6
2025.04.14	01:09:24.347		0.86689			4
2025.04.14	01:09:25.688		0.86688			4
2025.04.14	01:09:31.059		0.86687			4
2025.04.14	01:09:32.387		0.86690			4
2025.04.14	01:09:33.956	0.86677				2
2025.04.14	01:09:44.992	0.86676	0.86691			6
2025.04.14	01:09:45.822	0.86674	0.86689			6
2025.04.14	01:09:48.759		0.86690			4
2025.04.14	01:09:50.219	0.86673	0.86691			6
2025.04.14	01:09:50.557		0.86690			4
2025.04.14	01:09:53.938		0.86688			4
2025.04.14	01:09:54.889		0.86690			4
2025.04.14	01:09:55.563		0.86683			4
2025.04.14	01:10:00.380	0.86675				2
2025.04.14	01:10:03.071	0.86676				2
2025.04.14	01:10:03.983	0.86674				2
2025.04.14	01:10:04.309		0.86681			4
2025.04.14	01:10:05.259	0.86679	0.86687			6
2025.04.14	01:10:05.580	0.86678	0.86689			6
2025.04.14	01:10:05.882	0.86680				2
2025.04.14	01:10:06.200		0.86690			4
2025.04.14	01:10:06.503		0.86691			4
2025.04.14	01:10:09.250		0.86688			4
2025.04.14	01:10:09.556	0.86681	0.86690			6
2025.04.14	01:10:10.358		0.86691			4
2025.04.14	01:10:11.345	0.86678	0.86685			6
2025.04.14	01:10:12.765	0.86676				2
2025.04.14	01:10:19.248	0.86677	0.86688			6
2025.04.14	01:10:19.559		0.86689			4
2025.04.14	01:10:20.024		0.86691			4
2025.04.14	01:10:20.923	0.86679	0.86692			6
2025.04.14	01:10:21.521		0.86691			4
2025.04.14	01:10:24.557	0.86676	0.86689			6
2025.04.14	01:10:24.906		0.86688			4
2025.04.14	01:10:25.627	0.86677				2
2025.04.14	01:10:28.275	0.86676				2
2025.04.14	01:10:31.060	0.86671	0.86685			6
2025.04.14	01:10:31.377		0.86684			4
2025.04.14	01:10:32.420	0.86672	0.86685			6
2025.04.14	01:10:35.679	0.86671	0.86682			6
2025.04.14	01:10:36.727		0.86686			4
2025.04.14	01:10:37.658	0.86674	0.86688			6
2025.04.14	01:10:39.599		0.86687			4
2025.04.14	01:10:42.447		0.86686			4
2025.04.14	01:10:43.253	0.86671				2
2025.04.14	01:10:46.470	0.86676	0.86687			6
2025.04.14	01:10:48.134	0.86674	0.86685			6
2025.04.14	01:10:49.519	0.86671	0.86684			6
2025.04.14	01:10:51.162		0.86682			4
2025.04.14	01:10:57.172		0.86680			4
2025.04.14	01:11:01.175	0.86671				2
2025.04.14	01:11:08.283		0.86676			4
2025.04.14	01:11:08.967	0.86661				2
2025.04.14	01:11:11.469	0.86659				2
2025.04.14	01:11:11.779	0.86661	0.86677			6
2025.04.14	01:11:12.180		0.86675			4
2025.04.14	01:11:13.001		0.86677			4
2025.04.14	01:11:13.590		0.86678			4
2025.04.14	01:11:14.508	0.86663	0.86681			6
2025.04.14	01:11:14.923	0.86664				2
2025.04.14	01:11:17.829	0.86665				2
2025.04.14	01:11:18.368	0.86664				2
2025.04.14	01:11:19.610		0.86682			4
2025.04.14	01:11:21.891		0.86683			4
2025.04.14	01:11:24.744		0.86682			4
2025.04.14	01:11:25.666	0.86663				2
2025.04.14	01:11:30.395		0.86681			4
2025.04.14	01:11:40.281	0.86665	0.86683			6
2025.04.14	01:11:40.720		0.86681			4
2025.04.14	01:11:41.098	0.86670	0.86685			6
2025.04.14	01:11:41.401	0.86663				2
2025.04.14	01:11:49.285	0.86672	0.86688			6
2025.04.14	01:11:49.621	0.86669				2
2025.04.14	01:11:50.346	0.86671	0.86689			6
2025.04.14	01:11:50.697	0.86669	0.86688			6
2025.04.14	01:11:52.843	0.86671	0.86686			6
2025.04.14	01:11:54.465		0.86688			4
2025.04.14	01:11:56.692		0.86685			4
2025.04.14	01:11:57.227		0.86689			4
2025.04.14	01:11:57.546	0.86676	0.86693			6
2025.04.14	01:11:58.268		0.86694			4
2025.04.14	01:11:58.659	0.86677				2
2025.04.14	01:12:00.358	0.86677				2
2025.04.14	01:12:08.654	0.86675	0.86695			6
2025.04.14	01:12:09.160	0.86674				2
2025.04.14	01:12:09.536		0.86694			4
2025.04.14	01:12:10.925	0.86675	0.86697			6
2025.04.14	01:12:12.686	0.86674	0.86694			6
2025.04.14	01:12:18.756	0.86673	0.86691			6
2025.04.14	01:12:19.059	0.86668	0.86689			6
2025.04.14	01:12:22.748	0.86669				2
2025.04.14	01:12:23.722		0.86687			4
2025.04.14	01:12:25.071	0.86670				2
2025.04.14	01:12:25.901	0.86669				2
2025.04.14	01:12:26.691		0.86688			4
2025.04.14	01:12:27.688	0.86668	0.86689			6
2025.04.14	01:12:41.802	0.86675	0.86694			6
2025.04.14	01:12:42.356	0.86672	0.86691			6
2025.04.14	01:12:43.875	0.86675	0.86693			6
2025.04.14	01:12:47.315		0.86694			4
2025.04.14	01:12:47.694	0.86673				2
2025.04.14	01:12:49.210	0.86675	0.86697			6
2025.04.14	01:12:50.048		0.86696			4
2025.04.14	01:12:52.143		0.86697			4
2025.04.14	01:12:53.727	0.86677	0.86699			6
2025.04.14	01:12:54.338	0.86678				2
2025.04.14	01:12:54.657	0.86675	0.86695			6
2025.04.14	01:12:55.152	0.86674	0.86694			6
2025.04.14	01:12:55.461	0.86677	0.86695			6
2025.04.14	01:12:55.764	0.86679	0.86698			6
2025.04.14	01:12:58.182		0.86697			4
2025.04.14	01:12:58.492	0.86674	0.86693			6
2025.04.14	01:13:00.185	0.86674	0.86694			6
2025.04.14	01:13:00.689		0.86693			4
2025.04.14	01:13:01.531		0.86692			4
2025.04.14	01:13:02.817		0.86691			4
2025.04.14	01:13:03.189		0.86692			4
2025.04.14	01:13:07.368	0.86676				2
2025.04.14	01:13:08.563	0.86674				2
2025.04.14	01:13:08.880	0.86677	0.86693			6
2025.04.14	01:13:09.581	0.86681	0.86696			6
2025.04.14	01:13:10.198	0.86679				2
2025.04.14	01:13:11.897		0.86697			4
2025.04.14	01:13:13.062	0.86681				2
2025.04.14	01:13:13.550	0.86679				2
2025.04.14	01:13:14.393		0.86696			4
2025.04.14	01:13:14.920	0.86681	0.86700			6
2025.04.14	01:13:19.941	0.86682				2
2025.04.14	01:13:21.833	0.86677	0.86697			6
2025.04.14	01:13:22.359		0.86696			4
2025.04.14	01:13:33.637	0.86676	0.86694			6
2025.04.14	01:13:35.343	0.86677	0.86693			6
2025.04.14	01:13:43.852	0.86676	0.86692			6
2025.04.14	01:13:46.958	0.86677				2
2025.04.14	01:13:47.462		0.86695			4
2025.04.14	01:13:47.903	0.86682	0.86698			6
2025.04.14	01:13:50.545		0.86700			4
2025.04.14	01:13:50.848	0.86684				2
2025.04.14	01:13:52.587	0.86682				2
2025.04.14	01:13:55.155	0.86677	0.86697			6
2025.04.14	01:13:55.497	0.86679	0.86698			6
2025.04.14	01:13:56.821	0.86677	0.86697			6
2025.04.14	01:13:57.131	0.86679	0.86698			6
2025.04.14	01:14:01.486	0.86679				2
2025.04.14	01:14:01.788		0.86699			4
2025.04.14	01:14:02.176	0.86681	0.86701			6
2025.04.14	01:14:02.792	0.86684				2
2025.04.14	01:14:10.756		0.86702			4
2025.04.14	01:14:12.187	0.86686	0.86705			6
2025.04.14	01:14:13.089	0.86684				2
2025.04.14	01:14:14.258		0.86706			4
2025.04.14	01:14:15.743		0.86705			4
2025.04.14	01:14:16.378		0.86704			4
2025.04.14	01:14:16.702	0.86683				2
2025.04.14	01:14:17.370		0.86705			4
2025.04.14	01:14:19.719		0.86700			4
2025.04.14	01:14:20.073	0.86684				2
2025.04.14	01:14:20.803	0.86682				2
2025.04.14	01:14:22.286	0.86683				2
2025.04.14	01:14:23.525	0.86685				2
2025.04.14	01:14:24.013	0.86686				2
2025.04.14	01:14:25.553	0.86681	0.86693			6
2025.04.14	01:14:25.889	0.86680				2
2025.04.14	01:14:26.351	0.86677				2
2025.04.14	01:14:26.936	0.86676				2
2025.04.14	01:14:27.460	0.86677				2
2025.04.14	01:14:27.827	0.86678				2
2025.04.14	01:14:28.917	0.86675	0.86694			6
2025.04.14	01:14:29.263	0.86674				2
2025.04.14	01:14:34.062	0.86675				2
2025.04.14	01:14:35.259		0.86692			4
2025.04.14	01:14:35.563	0.86676	0.86693			6
2025.04.14	01:14:36.359	0.86678				2
2025.04.14	01:14:36.833	0.86685	0.86698			6
2025.04.14	01:14:37.233	0.86684				2
2025.04.14	01:14:38.353	0.86683				2
2025.04.14	01:14:38.859	0.86682				2
2025.04.14	01:14:39.611	0.86680				2
2025.04.14	01:14:39.993	0.86681				2
2025.04.14	01:14:41.409	0.86680				2
2025.04.14	01:14:41.862	0.86681				2
2025.04.14	01:14:44.177		0.86697			4
2025.04.14	01:14:44.650	0.86682				2
2025.04.14	01:14:46.061	0.86680				2
2025.04.14	01:14:46.428	0.86682				2
2025.04.14	01:14:48.288	0.86683				2
2025.04.14	01:14:48.663	0.86681				2
2025.04.14	01:14:49.975	0.86680				2
2025.04.14	01:14:51.188	0.86681				2
2025.04.14	01:14:51.941	0.86680				2
2025.04.14	01:14:53.730	0.86682	0.86698			6
2025.04.14	01:14:55.059	0.86684	0.86700			6
2025.04.14	01:14:55.460	0.86686	0.86698			6
2025.04.14	01:14:55.762	0.86683	0.86699			6
2025.04.14	01:14:56.172	0.86682	0.86698			6
2025.04.14	01:14:58.058	0.86681				2
2025.04.14	01:14:59.380	0.86682				2
2025.04.14	01:15:00.296	0.86684	0.86702			6
2025.04.14	01:15:00.600		0.86700			4
2025.04.14	01:15:00.973	0.86685	0.86701			6
2025.04.14	01:15:01.446	0.86682	0.86700			6
2025.04.14	01:15:01.756	0.86684				2
2025.04.14	01:15:03.235	0.86683	0.86701			6
2025.04.14	01:15:03.592	0.86685				2
2025.04.14	01:15:05.141	0.86683	0.86699			6
2025.04.14	01:15:05.446	0.86680				2
2025.04.14	01:15:05.784	0.86681				2
2025.04.14	01:15:06.350	0.86684				2
2025.04.14	01:15:07.672	0.86683				2
2025.04.14	01:15:12.100		0.86701			4
2025.04.14	01:15:12.420	0.86685				2
2025.04.14	01:15:12.752	0.86684				2
2025.04.14	01:15:13.056	0.86686				2
2025.04.14	01:15:14.076		0.86702			4
2025.04.14	01:15:15.557	0.86684	0.86701			6
2025.04.14	01:15:16.370	0.86685	0.86703			6
2025.04.14	01:15:17.589		0.86702			4
2025.04.14	01:15:17.897	0.86684				2
2025.04.14	01:15:18.372	0.86687				2
2025.04.14	01:15:19.092	0.86686				2
2025.04.14	01:15:19.689	0.86685				2
2025.04.14	01:15:20.088	0.86687				2
2025.04.14	01:15:20.749	0.86685	0.86703			6
2025.04.14	01:15:21.846	0.86687				2
2025.04.14	01:15:22.657	0.86688	0.86702			6
2025.04.14	01:15:22.997	0.86687	0.86703			6
2025.04.14	01:15:23.321	0.86688				2
2025.04.14	01:15:24.779	0.86687				2
2025.04.14	01:15:25.112	0.86688	0.86704			6
2025.04.14	01:15:25.473		0.86703			4
2025.04.14	01:15:26.387	0.86689	0.86702			6
2025.04.14	01:15:26.724	0.86688				2
2025.04.14	01:15:27.061	0.86689				2
2025.04.14	01:15:28.481		0.86704			4
2025.04.14	01:15:28.796		0.86703			4
2025.04.14	01:15:29.133	0.86687				2
2025.04.14	01:15:29.443	0.86688				2
2025.04.14	01:15:30.028	0.86686	0.86702			6
2025.04.14	01:15:30.682	0.86687				2
2025.04.14	01:15:32.043	0.86686				2
2025.04.14	01:15:32.440		0.86701			4
2025.04.14	01:15:33.143		0.86702			4
2025.04.14	01:15:34.444	0.86687				2
2025.04.14	01:15:34.941	0.86686				2
2025.04.14	01:15:35.599	0.86687	0.86704			6
2025.04.14	01:15:35.979		0.86703			4
2025.04.14	01:15:36.350	0.86686				2
2025.04.14	01:15:37.320	0.86685	0.86705			6
2025.04.14	01:15:37.630	0.86682	0.86700			6
2025.04.14	01:15:37.955	0.86684				2
2025.04.14	01:15:38.260	0.86682				2
2025.04.14	01:15:39.189	0.86683				2
2025.04.14	01:15:39.497	0.86682				2
2025.04.14	01:15:39.854	0.86683				2
2025.04.14	01:15:40.559	0.86680	0.86697			6
2025.04.14	01:15:41.240		0.86698			4
2025.04.14	01:15:42.476	0.86681				2
2025.04.14	01:15:44.412	0.86686	0.86701			6
2025.04.14	01:15:45.017	0.86684	0.86700			6
2025.04.14	01:15:45.689	0.86686	0.86702			6
2025.04.14	01:15:46.358	0.86687				2
2025.04.14	01:15:48.857	0.86686				2
2025.04.14	01:15:50.260		0.86703			4
2025.04.14	01:15:53.162		0.86702			4
2025.04.14	01:15:54.161	0.86687				2
2025.04.14	01:15:55.025	0.86686	0.86703			6
2025.04.14	01:15:55.448	0.86687	0.86702			6
2025.04.14	01:15:56.253	0.86686				2
2025.04.14	01:15:58.218	0.86685	0.86703			6
2025.04.14	01:15:58.523	0.86686				2
2025.04.14	01:15:59.398	0.86685	0.86701			6
2025.04.14	01:16:00.291	0.86685				2
2025.04.14	01:16:02.367	0.86684				2
2025.04.14	01:16:02.721		0.86699			4
2025.04.14	01:16:04.484		0.86698			4
2025.04.14	01:16:06.014		0.86699			4
2025.04.14	01:16:06.350		0.86698			4
2025.04.14	01:16:06.797	0.86677	0.86692			6
2025.04.14	01:16:07.156	0.86679				2
2025.04.14	01:16:08.217	0.86681	0.86695			6
2025.04.14	01:16:08.696	0.86687	0.86701			6
2025.04.14	01:16:09.064	0.86686				2
2025.04.14	01:16:09.407	0.86688				2
2025.04.14	01:16:09.758	0.86687				2
2025.04.14	01:16:10.359	0.86679	0.86695			6
2025.04.14	01:16:10.664	0.86681				2
2025.04.14	01:16:10.979	0.86679				2
2025.04.14	01:16:11.621		0.86694			4
2025.04.14	01:16:12.084	0.86680	0.86698			6
2025.04.14	01:16:12.387	0.86679	0.86697			6
2025.04.14	01:16:13.360		0.86698			4
2025.04.14	01:16:13.992	0.86682				2
2025.04.14	01:16:14.300	0.86679	0.86697			6
2025.04.14	01:16:15.029	0.86681				2
2025.04.14	01:16:15.410	0.86679				2
2025.04.14	01:16:15.775	0.86681	0.86696			6
2025.04.14	01:16:16.111	0.86679	0.86694			6
2025.04.14	01:16:16.416	0.86678				2
2025.04.14	01:16:18.360	0.86679	0.86695			6
2025.04.14	01:16:18.859		0.86694			4
2025.04.14	01:16:19.267		0.86695			4
2025.04.14	01:16:20.025	0.86680	0.86694			6
2025.04.14	01:16:20.339	0.86681	0.86697			6
2025.04.14	01:16:20.652	0.86683				2
2025.04.14	01:16:20.964	0.86682	0.86698			6
2025.04.14	01:16:21.321	0.86683				2
2025.04.14	01:16:24.229	0.86684				2
2025.04.14	01:16:24.562	0.86683				2
2025.04.14	01:16:25.571	0.86684	0.86700			6
2025.04.14	01:16:26.678		0.86701			4
2025.04.14	01:16:27.578	0.86682	0.86697			6
2025.04.14	01:16:29.106	0.86681	0.86696			6
2025.04.14	01:16:31.236	0.86682				2
2025.04.14	01:16:32.661		0.86697			4
2025.04.14	01:16:33.822	0.86681				2
2025.04.14	01:16:39.836	0.86682				2
2025.04.14	01:16:40.895		0.86698			4
2025.04.14	01:16:45.065	0.86681	0.86697			6
2025.04.14	01:16:46.009	0.86680				2
2025.04.14	01:16:46.905	0.86683	0.86700			6
2025.04.14	01:16:47.581	0.86684	0.86699			6
2025.04.14	01:16:50.316		0.86698			4
2025.04.14	01:16:51.997		0.86699			4
2025.04.14	01:16:57.727	0.86683	0.86697			6
2025.04.14	01:16:58.075	0.86682	0.86698			6
2025.04.14	01:16:58.433	0.86683				2
2025.04.14	01:16:58.740	0.86685	0.86699			6
2025.04.14	01:16:59.410	0.86688	0.86702			6
2025.04.14	01:17:00.043	0.86689				2
2025.04.14	01:17:03.892		0.86703			4
2025.04.14	01:17:04.265	0.86688				2
2025.04.14	01:17:05.205	0.86689				2
2025.04.14	01:17:05.538	0.86688				2
2025.04.14	01:17:05.935	0.86692	0.86705			6
2025.04.14	01:17:06.258	0.86693	0.86706			6
2025.04.14	01:17:06.561	0.86695	0.86712			6
2025.04.14	01:17:07.537	0.86696	0.86711			6
2025.04.14	01:17:08.179		0.86712			4
2025.04.14	01:17:08.594	0.86697				2
2025.04.14	01:17:09.344	0.86698				2
2025.04.14	01:17:09.725	0.86697				2
2025.04.14	01:17:11.646		0.86714			4
2025.04.14	01:17:11.997		0.86713			4
2025.04.14	01:17:12.476	0.86699	0.86714			6
2025.04.14	01:17:12.781		0.86713			4
2025.04.14	01:17:14.207	0.86698	0.86714			6
2025.04.14	01:17:14.521	0.86699				2
2025.04.14	01:17:16.115	0.86698				2
2025.04.14	01:17:16.469		0.86713			4
2025.04.14	01:17:17.625		0.86714			4
2025.04.14	01:17:18.174	0.86702	0.86718			6
2025.04.14	01:17:18.806	0.86701	0.86716			6
2025.04.14	01:17:19.464	0.86700	0.86718			6
2025.04.14	01:17:20.085	0.86704	0.86719			6
2025.04.14	01:17:20.689	0.86703				2
2025.04.14	01:17:20.996	0.86704				2
2025.04.14	01:17:21.726	0.86703				2
2025.04.14	01:17:22.116	0.86704				2
2025.04.14	01:17:22.577	0.86705				2
2025.04.14	01:17:22.892	0.86703	0.86718			6
2025.04.14	01:17:23.538	0.86702	0.86719			6
2025.04.14	01:17:24.660		0.86717			4
2025.04.14	01:17:25.669	0.86704	0.86718			6
2025.04.14	01:17:27.597	0.86698	0.86715			6
2025.04.14	01:17:27.899	0.86699	0.86716			6
2025.04.14	01:17:28.211		0.86715			4
2025.04.14	01:17:28.547	0.86697				2
2025.04.14	01:17:28.861	0.86696				2
2025.04.14	01:17:29.254	0.86697				2
2025.04.14	01:17:29.591	0.86699				2
2025.04.14	01:17:29.898	0.86698				2
2025.04.14	01:17:30.297	0.86699				2
2025.04.14	01:17:31.316	0.86698	0.86716			6
2025.04.14	01:17:33.359		0.86715			4
2025.04.14	01:17:34.080	0.86700	0.86718			6
2025.04.14	01:17:34.401	0.86698	0.86714			6
2025.04.14	01:17:34.712		0.86712			4
2025.04.14	01:17:35.031	0.86697	0.86713			6
2025.04.14	01:17:39.397		0.86715			4
2025.04.14	01:17:39.727	0.86698				2
2025.04.14	01:17:40.039	0.86700				2
2025.04.14	01:17:40.376		0.86717			4
2025.04.14	01:17:41.007		0.86716			4
2025.04.14	01:17:42.383	0.86699				2
2025.04.14	01:17:42.722		0.86715			4
2025.04.14	01:17:44.675	0.86700	0.86717			6
2025.04.14	01:17:44.979		0.86716			4
2025.04.14	01:17:45.947	0.86701	0.86717			6
2025.04.14	01:17:46.272	0.86700				2
2025.04.14	01:17:47.389	0.86701	0.86718			6
2025.04.14	01:17:48.481	0.86702				2
2025.04.14	01:17:50.458	0.86701				2
2025.04.14	01:17:51.157	0.86700	0.86717			6
2025.04.14	01:17:51.652	0.86702	0.86718			6
2025.04.14	01:17:52.703	0.86701	0.86716			6
2025.04.14	01:17:53.568		0.86717			4
2025.04.14	01:17:54.459		0.86716			4
2025.04.14	01:17:56.720	0.86700	0.86717			6
2025.04.14	01:17:57.090	0.86701	0.86716			6
2025.04.14	01:17:58.796	0.86702	0.86718			6
2025.04.14	01:17:59.173		0.86713			4
2025.04.14	01:17:59.479	0.86695	0.86711			6
2025.04.14	01:18:00.276	0.86697				2
2025.04.14	01:18:00.612	0.86702	0.86718			6
2025.04.14	01:18:01.238	0.86703				2
2025.04.14	01:18:02.423	0.86707	0.86723			6
2025.04.14	01:18:02.733	0.86708	0.86721			6
2025.04.14	01:18:03.729	0.86707	0.86722			6
2025.04.14	01:18:05.058	0.86708				2
2025.04.14	01:18:05.397	0.86707				2
2025.04.14	01:18:05.700	0.86712	0.86724			6
2025.04.14	01:18:06.003	0.86708	0.86721			6
2025.04.14	01:18:06.308		0.86723			4
2025.04.14	01:18:06.618	0.86711	0.86722			6
2025.04.14	01:18:06.923	0.86710	0.86723			6
2025.04.14	01:18:07.237	0.86709	0.86722			6
2025.04.14	01:18:07.545	0.86712	0.86724			6
2025.04.14	01:18:08.288	0.86713				2
2025.04.14	01:18:08.931	0.86714	0.86725			6
2025.04.14	01:18:09.880		0.86726			4
2025.04.14	01:18:10.555	0.86713				2
2025.04.14	01:18:10.858	0.86717	0.86732			6
2025.04.14	01:18:11.537	0.86718				2
2025.04.14	01:18:11.840	0.86717	0.86731			6
2025.04.14	01:18:12.164	0.86720	0.86732			6
2025.04.14	01:18:12.477	0.86716	0.86729			6
2025.04.14	01:18:12.793	0.86715	0.86728			6
2025.04.14	01:18:13.125	0.86716	0.86729			6
2025.04.14	01:18:13.495	0.86714	0.86726			6
2025.04.14	01:18:14.119	0.86716	0.86729			6
2025.04.14	01:18:14.897	0.86713	0.86728			6
2025.04.14	01:18:15.198	0.86711	0.86724			6
2025.04.14	01:18:17.182	0.86709	0.86720			6
2025.04.14	01:18:18.287	0.86708	0.86719			6
2025.04.14	01:18:18.920	0.86707	0.86718			6
2025.04.14	01:18:19.625	0.86708	0.86719			6
2025.04.14	01:18:20.803	0.86705	0.86718			6
2025.04.14	01:18:21.107	0.86706				2
2025.04.14	01:18:22.829	0.86705	0.86719			6
2025.04.14	01:18:23.605	0.86703	0.86714			6
2025.04.14	01:18:23.981	0.86702	0.86715			6
2025.04.14	01:18:24.320	0.86703	0.86714			6
2025.04.14	01:18:25.449	0.86702	0.86715			6
2025.04.14	01:18:26.939	0.86709	0.86719			6
2025.04.14	01:18:27.838	0.86707	0.86718			6
2025.04.14	01:18:28.171		0.86720			4
2025.04.14	01:18:28.890	0.86708	0.86719			6
2025.04.14	01:18:29.278	0.86709	0.86721			6
2025.04.14	01:18:29.642		0.86720			4
2025.04.14	01:18:29.944	0.86708	0.86719			6
2025.04.14	01:18:31.793	0.86706	0.86718			6
2025.04.14	01:18:33.057	0.86707				2
2025.04.14	01:18:33.936	0.86706	0.86719			6
2025.04.14	01:18:35.014	0.86707	0.86718			6
2025.04.14	01:18:35.433	0.86706				2
2025.04.14	01:18:35.764	0.86705	0.86717			6
2025.04.14	01:18:37.372	0.86704	0.86718			6
2025.04.14	01:18:37.771		0.86716			4
2025.04.14	01:18:38.328		0.86718			4
2025.04.14	01:18:40.352		0.86717			4
2025.04.14	01:18:40.750	0.86705	0.86718			6
2025.04.14	01:18:41.061	0.86706	0.86719			6
2025.04.14	01:18:41.846	0.86707				2
2025.04.14	01:18:42.199		0.86718			4
2025.04.14	01:18:42.862	0.86708	0.86719			6
2025.04.14	01:18:44.280		0.86720			4
2025.04.14	01:18:44.583	0.86707	0.86721			6
2025.04.14	01:18:45.811	0.86706				2
2025.04.14	01:18:46.118	0.86707				2
2025.04.14	01:18:46.882	0.86706				2
2025.04.14	01:18:47.302	0.86710	0.86723			6
2025.04.14	01:18:47.619	0.86708	0.86720			6
2025.04.14	01:18:48.034	0.86711	0.86723			6
2025.04.14	01:18:49.386	0.86715	0.86726			6
2025.04.14	01:18:49.699		0.86727			4
2025.04.14	01:18:50.074	0.86713	0.86726			6
2025.04.14	01:18:51.391	0.86716	0.86728			6
2025.04.14	01:18:52.186	0.86717	0.86729			6
2025.04.14	01:18:52.500	0.86707	0.86719			6
2025.04.14	01:18:53.573	0.86706	0.86720			6
2025.04.14	01:18:54.270	0.86709	0.86721			6
2025.04.14	01:18:54.579	0.86706	0.86720			6
2025.04.14	01:18:56.768	0.86714	0.86726			6
2025.04.14	01:18:57.132	0.86712				2
2025.04.14	01:18:58.937		0.86727			4
2025.04.14	01:18:59.675	0.86711				2
2025.04.14	01:19:00.306	0.86710	0.86722			6
2025.04.14	01:19:00.617		0.86723			4
2025.04.14	01:19:00.934	0.86712	0.86726			6
2025.04.14	01:19:02.806	0.86711				2
2025.04.14	01:19:03.123	0.86712				2
2025.04.14	01:19:03.876	0.86713				2
2025.04.14	01:19:04.359	0.86712				2
2025.04.14	01:19:04.735	0.86716	0.86730			6
2025.04.14	01:19:05.038	0.86717	0.86732			6
2025.04.14	01:19:05.497	0.86718	0.86731			6
2025.04.14	01:19:05.845		0.86732			4
2025.04.14	01:19:06.171	0.86719				2
2025.04.14	01:19:06.760	0.86717	0.86733			6
2025.04.14	01:19:07.069	0.86718				2
2025.04.14	01:19:08.090		0.86732			4
2025.04.14	01:19:08.542		0.86733			4
2025.04.14	01:19:08.892		0.86732			4
2025.04.14	01:19:09.718	0.86720	0.86733			6
2025.04.14	01:19:10.056	0.86719				2
2025.04.14	01:19:10.468	0.86717	0.86732			6
2025.04.14	01:19:10.817	0.86718				2
2025.04.14	01:19:11.576	0.86719	0.86733			6
2025.04.14	01:19:11.884	0.86717				2
2025.04.14	01:19:12.222		0.86731			4
2025.04.14	01:19:12.541		0.86733			4
2025.04.14	01:19:13.232		0.86731			4
2025.04.14	01:19:14.006		0.86733			4
2025.04.14	01:19:14.334	0.86716	0.86728			6
2025.04.14	01:19:14.639	0.86712	0.86726			6
2025.04.14	01:19:14.991	0.86710	0.86727			6
2025.04.14	01:19:15.343		0.86726			4
2025.04.14	01:19:15.818	0.86711	0.86727			6
2025.04.14	01:19:16.137	0.86712	0.86725			6
2025.04.14	01:19:16.538		0.86724			4
2025.04.14	01:19:16.866	0.86711	0.86723			6
2025.04.14	01:19:17.183		0.86724			4
2025.04.14	01:19:17.499	0.86712	0.86725			6
2025.04.14	01:19:18.140	0.86713	0.86727			6
2025.04.14	01:19:19.516		0.86726			4
2025.04.14	01:19:20.026	0.86712	0.86723			6
2025.04.14	01:19:20.337	0.86711				2
2025.04.14	01:19:21.063		0.86725			4
2025.04.14	01:19:21.392		0.86724			4
2025.04.14	01:19:22.369		0.86723			4
2025.04.14	01:19:23.399	0.86712				2
2025.04.14	01:19:26.101	0.86706	0.86717			6
2025.04.14	01:19:26.741	0.86707	0.86718			6
2025.04.14	01:19:30.240	0.86706				2
2025.04.14	01:19:30.542	0.86713	0.86725			6
2025.04.14	01:19:30.878	0.86712	0.86724			6
2025.04.14	01:19:31.325	0.86713	0.86725			6
2025.04.14	01:19:31.649	0.86712	0.86724			6
2025.04.14	01:19:33.009	0.86713				2
2025.04.14	01:19:33.318		0.86725			4
2025.04.14	01:19:34.500	0.86712	0.86724			6
2025.04.14	01:19:36.373	0.86713	0.86725			6
2025.04.14	01:19:37.969	0.86714				2
2025.04.14	01:19:38.999	0.86713				2
2025.04.14	01:19:40.500	0.86714				2
2025.04.14	01:19:40.807	0.86713				2
2025.04.14	01:19:41.532	0.86711	0.86724			6
2025.04.14	01:19:41.842		0.86723			4
2025.04.14	01:19:42.144	0.86710				2
2025.04.14	01:19:42.450	0.86712	0.86724			6
2025.04.14	01:19:43.059	0.86711				2
2025.04.14	01:19:43.794		0.86725			4
2025.04.14	01:19:44.098		0.86724			4
2025.04.14	01:19:45.004	0.86712	0.86725			6
2025.04.14	01:19:45.325	0.86711	0.86724			6
2025.04.14	01:19:45.640	0.86712	0.86723			6
2025.04.14	01:19:45.976	0.86711	0.86722			6
2025.04.14	01:19:47.175	0.86710	0.86721			6
2025.04.14	01:19:47.484	0.86709	0.86720			6
2025.04.14	01:19:48.053	0.86706	0.86719			6
2025.04.14	01:19:48.744	0.86707	0.86718			6
2025.04.14	01:19:49.073	0.86711	0.86722			6
2025.04.14	01:19:49.473	0.86709	0.86720			6
2025.04.14	01:19:49.805	0.86707	0.86719			6
2025.04.14	01:19:52.053	0.86708				2
2025.04.14	01:19:52.359	0.86707	0.86718			6
2025.04.14	01:19:52.814		0.86719			4
2025.04.14	01:19:53.204	0.86706				2
2025.04.14	01:19:55.348	0.86709	0.86720			6
2025.04.14	01:19:55.662	0.86707	0.86721			6
2025.04.14	01:19:56.086	0.86710				2
2025.04.14	01:19:56.460	0.86711	0.86722			6
2025.04.14	01:19:57.513	0.86712	0.86723			6
2025.04.14	01:19:57.842	0.86711	0.86722			6
2025.04.14	01:19:58.828	0.86712	0.86723			6
2025.04.14	01:19:59.623	0.86711	0.86722			6
2025.04.14	01:19:59.928	0.86712	0.86723			6
2025.04.14	01:20:00.230	0.86710	0.86721			6
2025.04.14	01:20:00.539	0.86711	0.86722			6
2025.04.14	01:20:01.614	0.86712				2
2025.04.14	01:20:02.682		0.86723			4
2025.04.14	01:20:03.064	0.86711	0.86722			6
2025.04.14	01:20:03.946	0.86712				2
2025.04.14	01:20:04.253	0.86710				2
2025.04.14	01:20:05.288	0.86711				2
2025.04.14	01:20:06.378	0.86712				2
2025.04.14	01:20:06.775	0.86711	0.86721			6
2025.04.14	01:20:07.079	0.86710	0.86720			6
2025.04.14	01:20:07.856	0.86711	0.86721			6
2025.04.14	01:20:08.297	0.86708	0.86719			6
2025.04.14	01:20:08.694	0.86705	0.86716			6
2025.04.14	01:20:08.999	0.86706				2
2025.04.14	01:20:10.057	0.86705				2
2025.04.14	01:20:10.377	0.86706				2
2025.04.14	01:20:10.680	0.86705	0.86715			6
2025.04.14	01:20:10.987	0.86704	0.86714			6
2025.04.14	01:20:11.980	0.86705	0.86715			6
2025.04.14	01:20:12.937	0.86703				2
2025.04.14	01:20:13.756	0.86705				2
2025.04.14	01:20:15.397	0.86704	0.86716			6
2025.04.14	01:20:16.045	0.86702	0.86713			6
2025.04.14	01:20:16.368	0.86703	0.86714			6
2025.04.14	01:20:16.683	0.86702				2
2025.04.14	01:20:16.988	0.86703				2
2025.04.14	01:20:17.313	0.86702				2
2025.04.14	01:20:17.623	0.86703	0.86715			6
2025.04.14	01:20:18.527	0.86702				2
2025.04.14	01:20:19.169	0.86705	0.86716			6
2025.04.14	01:20:19.568	0.86703				2
2025.04.14	01:20:20.795	0.86705	0.86717			6
2025.04.14	01:20:21.101	0.86707	0.86719			6
2025.04.14	01:20:21.570		0.86720			4
2025.04.14	01:20:21.878		0.86719			4
2025.04.14	01:20:22.814	0.86708	0.86718			6
2025.04.14	01:20:23.757	0.86707				2
2025.04.14	01:20:24.438	0.86705				2
2025.04.14	01:20:24.771	0.86706	0.86716			6
2025.04.14	01:20:29.689	0.86702	0.86712			6
2025.04.14	01:20:31.766		0.86713			4
2025.04.14	01:20:34.058		0.86712			4
2025.04.14	01:20:35.214	0.86704	0.86715			6
2025.04.14	01:20:36.256	0.86705				2
2025.04.14	01:20:36.764	0.86706	0.86716			6
2025.04.14	01:20:37.079	0.86705	0.86717			6
2025.04.14	01:20:37.393	0.86707				2
2025.04.14	01:20:40.065	0.86706	0.86719			6
2025.04.14	01:20:40.380	0.86707				2
2025.04.14	01:20:41.562	0.86706	0.86716			6
2025.04.14	01:20:47.198	0.86704	0.86714			6
2025.04.14	01:20:47.503	0.86705	0.86716			6
2025.04.14	01:20:47.949	0.86700	0.86714			6
2025.04.14	01:20:48.258	0.86702	0.86715			6
2025.04.14	01:20:50.793	0.86705				2
2025.04.14	01:20:51.840	0.86703				2
2025.04.14	01:20:52.624	0.86702				2
2025.04.14	01:20:54.070	0.86703				2
2025.04.14	01:20:55.150	0.86706	0.86716			6
2025.04.14	01:20:56.555	0.86705	0.86717			6
2025.04.14	01:20:57.001	0.86707	0.86718			6
2025.04.14	01:20:58.058		0.86717			4
2025.04.14	01:21:00.420	0.86708	0.86719			6
2025.04.14	01:21:02.286	0.86707	0.86717			6
2025.04.14	01:21:03.087		0.86718			4
2025.04.14	01:21:04.693		0.86720			4
2025.04.14	01:21:04.998		0.86718			4
2025.04.14	01:21:05.339		0.86717			4
2025.04.14	01:21:06.576	0.86706	0.86718			6
2025.04.14	01:21:06.896		0.86719			4
2025.04.14	01:21:07.242	0.86707	0.86720			6
2025.04.14	01:21:07.544	0.86708	0.86719			6
2025.04.14	01:21:08.400	0.86710	0.86724			6
2025.04.14	01:21:08.716	0.86712	0.86723			6
2025.04.14	01:21:09.659	0.86711	0.86724			6
2025.04.14	01:21:09.976	0.86712	0.86723			6
2025.04.14	01:21:11.879		0.86722			4
2025.04.14	01:21:12.182	0.86707	0.86719			6
2025.04.14	01:21:12.631		0.86720			4
2025.04.14	01:21:12.944	0.86706	0.86719			6
2025.04.14	01:21:13.300		0.86718			4
2025.04.14	01:21:13.619	0.86707	0.86717			6
2025.04.14	01:21:14.202	0.86705	0.86719			6
2025.04.14	01:21:14.520	0.86706				2
2025.04.14	01:21:15.491	0.86709	0.86720			6
2025.04.14	01:21:15.799	0.86706				2
2025.04.14	01:21:16.319		0.86721			4
2025.04.14	01:21:16.796		0.86720			4
2025.04.14	01:21:17.596	0.86707				2
2025.04.14	01:21:18.341	0.86708	0.86721			6
2025.04.14	01:21:18.682	0.86710	0.86725			6
2025.04.14	01:21:18.998	0.86711	0.86723			6
2025.04.14	01:21:19.307		0.86722			4
2025.04.14	01:21:19.665		0.86723			4
2025.04.14	01:21:20.228	0.86709				2
2025.04.14	01:21:23.558	0.86710				2
2025.04.14	01:21:26.171	0.86709				2
2025.04.14	01:21:28.922		0.86722			4
2025.04.14	01:21:29.635		0.86721			4
2025.04.14	01:21:31.659	0.86708				2
2025.04.14	01:21:34.140	0.86711	0.86723			6
2025.04.14	01:21:34.459		0.86721			4
2025.04.14	01:21:35.427	0.86710				2
2025.04.14	01:21:35.735	0.86709				2
2025.04.14	01:21:37.195		0.86720			4
2025.04.14	01:21:37.590		0.86721			4
2025.04.14	01:21:38.353	0.86710				2
2025.04.14	01:21:38.658	0.86708				2
2025.04.14	01:21:40.264		0.86720			4
2025.04.14	01:21:41.191		0.86721			4
2025.04.14	01:21:42.320	0.86709				2
2025.04.14	01:21:45.102	0.86708				2
2025.04.14	01:21:46.359	0.86710	0.86722			6
2025.04.14	01:21:48.453	0.86708	0.86720			6
2025.04.14	01:21:49.129	0.86709				2
2025.04.14	01:21:49.472	0.86707				2
2025.04.14	01:21:49.793		0.86717			4
2025.04.14	01:21:50.123	0.86697	0.86708			6
2025.04.14	01:21:50.451		0.86707			4
2025.04.14	01:21:51.781	0.86701	0.86711			6
2025.04.14	01:21:52.103	0.86700	0.86710			6
2025.04.14	01:21:52.407		0.86712			4
2025.04.14	01:21:53.114	0.86701	0.86711			6
2025.04.14	01:21:53.432		0.86712			4
2025.04.14	01:21:53.739		0.86711			4
2025.04.14	01:21:54.071	0.86702	0.86712			6
2025.04.14	01:21:54.501	0.86701	0.86713			6
2025.04.14	01:21:56.164	0.86702	0.86712			6
2025.04.14	01:21:57.677		0.86713			4
2025.04.14	01:21:57.979	0.86705	0.86716			6
2025.04.14	01:21:58.281	0.86704	0.86715			6
2025.04.14	01:21:59.053	0.86702	0.86714			6
2025.04.14	01:22:00.358	0.86703	0.86716			6
2025.04.14	01:22:00.723	0.86704	0.86715			6
2025.04.14	01:22:01.109	0.86703				2
2025.04.14	01:22:01.947	0.86704				2
2025.04.14	01:22:02.690	0.86706	0.86716			6
2025.04.14	01:22:07.748	0.86701	0.86713			6
2025.04.14	01:22:08.082	0.86702				2
2025.04.14	01:22:09.106	0.86703	0.86714			6
2025.04.14	01:22:10.172	0.86702	0.86713			6
2025.04.14	01:22:10.806	0.86701	0.86714			6
2025.04.14	01:22:11.172	0.86704				2
2025.04.14	01:22:11.739	0.86701				2
2025.04.14	01:22:14.427	0.86702				2
2025.04.14	01:22:14.739	0.86701	0.86711			6
2025.04.14	01:22:15.409	0.86700	0.86710			6
2025.04.14	01:22:15.716	0.86699				2
2025.04.14	01:22:16.019	0.86700				2
2025.04.14	01:22:16.327	0.86699	0.86709			6
2025.04.14	01:22:16.650	0.86700	0.86711			6
2025.04.14	01:22:18.192	0.86699	0.86709			6
2025.04.14	01:22:18.498	0.86700	0.86710			6
2025.04.14	01:22:18.802	0.86699	0.86709			6
2025.04.14	01:22:21.831		0.86711			4
2025.04.14	01:22:24.958	0.86700	0.86712			6
2025.04.14	01:22:26.093		0.86710			4
2025.04.14	01:22:26.434	0.86699	0.86711			6
2025.04.14	01:22:26.897	0.86700	0.86712			6
2025.04.14	01:22:28.190		0.86711			4
2025.04.14	01:22:29.622	0.86698	0.86709			6
2025.04.14	01:22:29.939	0.86696	0.86708			6
2025.04.14	01:22:30.699	0.86697	0.86707			6
2025.04.14	01:22:31.825		0.86708			4
2025.04.14	01:22:33.269		0.86707			4
2025.04.14	01:22:36.758	0.86696	0.86709			6
2025.04.14	01:22:37.110	0.86697	0.86708			6
2025.04.14	01:22:37.501	0.86694				2
2025.04.14	01:22:37.803		0.86707			4
2025.04.14	01:22:38.191	0.86695	0.86708			6
2025.04.14	01:22:40.260	0.86696				2
2025.04.14	01:22:40.908	0.86693	0.86706			6
2025.04.14	01:22:41.525	0.86691	0.86703			6
2025.04.14	01:22:42.423	0.86696	0.86706			6
2025.04.14	01:22:42.741	0.86695	0.86708			6
2025.04.14	01:22:43.520	0.86696	0.86706			6
2025.04.14	01:22:43.880	0.86695	0.86707			6
2025.04.14	01:22:44.516	0.86696	0.86706			6
2025.04.14	01:22:44.818	0.86695	0.86707			6
2025.04.14	01:22:46.215		0.86708			4
2025.04.14	01:22:46.541	0.86693				2
2025.04.14	01:22:46.859	0.86694				2
2025.04.14	01:22:47.161	0.86696	0.86706			6
2025.04.14	01:22:47.465	0.86693	0.86708			6
2025.04.14	01:22:47.922	0.86695				2
2025.04.14	01:22:48.306	0.86696	0.86706			6
2025.04.14	01:22:48.620	0.86694	0.86704			6
2025.04.14	01:22:49.349		0.86706			4
2025.04.14	01:22:49.838	0.86696				2
2025.04.14	01:22:50.161	0.86695	0.86707			6
2025.04.14	01:22:51.041	0.86696	0.86706			6
2025.04.14	01:22:51.394	0.86695	0.86707			6
2025.04.14	01:22:51.829	0.86696	0.86706			6
2025.04.14	01:22:53.747	0.86694	0.86705			6
2025.04.14	01:22:54.929	0.86696	0.86706			6
2025.04.14	01:22:55.865	0.86695	0.86708			6
2025.04.14	01:22:56.988	0.86694				2
2025.04.14	01:22:57.302	0.86693	0.86705			6
2025.04.14	01:22:57.665	0.86694	0.86704			6
2025.04.14	01:22:59.804		0.86705			4
2025.04.14	01:23:00.128	0.86694	0.86704			6
2025.04.14	01:23:01.591		0.86705			4
2025.04.14	01:23:02.062	0.86697	0.86708			6
2025.04.14	01:23:02.389	0.86696	0.86706			6
2025.04.14	01:23:02.707	0.86697	0.86707			6
2025.04.14	01:23:03.094	0.86696	0.86706			6
2025.04.14	01:23:03.741	0.86697	0.86707			6
2025.04.14	01:23:04.823	0.86696	0.86706			6
2025.04.14	01:23:05.886	0.86697	0.86707			6
2025.04.14	01:23:07.041	0.86696	0.86706			6
2025.04.14	01:23:07.366	0.86697	0.86707			6
2025.04.14	01:23:07.757	0.86698	0.86709			6
2025.04.14	01:23:08.059	0.86699				2
2025.04.14	01:23:08.456	0.86697	0.86708			6
2025.04.14	01:23:09.139	0.86699	0.86709			6
2025.04.14	01:23:09.458	0.86696	0.86708			6
2025.04.14	01:23:09.834	0.86697				2
2025.04.14	01:23:11.855	0.86698	0.86711			6
2025.04.14	01:23:12.189	0.86697	0.86708			6
2025.04.14	01:23:12.701	0.86698	0.86711			6
2025.04.14	01:23:13.018	0.86696	0.86710			6
2025.04.14	01:23:13.944	0.86700	0.86709			6
2025.04.14	01:23:15.285	0.86699				2
2025.04.14	01:23:16.011	0.86698	0.86708			6
2025.04.14	01:23:17.756	0.86697				2
2025.04.14	01:23:18.135	0.86696				2
2025.04.14	01:23:18.482	0.86697	0.86707			6
2025.04.14	01:23:19.182		0.86708			4
2025.04.14	01:23:19.502		0.86707			4
2025.04.14	01:23:20.477	0.86696	0.86708			6
2025.04.14	01:23:21.440	0.86697	0.86707			6
2025.04.14	01:23:21.893	0.86700	0.86711			6
2025.04.14	01:23:23.302	0.86696	0.86708			6
2025.04.14	01:23:23.618	0.86697	0.86707			6
2025.04.14	01:23:25.591		0.86708			4
2025.04.14	01:23:26.094		0.86707			4
2025.04.14	01:23:27.591		0.86708			4
2025.04.14	01:23:27.909		0.86707			4
2025.04.14	01:23:29.833		0.86708			4
2025.04.14	01:23:30.536	0.86696				2
2025.04.14	01:23:30.881	0.86697				2
2025.04.14	01:23:31.248		0.86707			4
2025.04.14	01:23:31.553		0.86708			4
2025.04.14	01:23:31.857		0.86707			4
2025.04.14	01:23:33.028	0.86699	0.86709			6
2025.04.14	01:23:34.276	0.86700				2
2025.04.14	01:23:34.618	0.86701	0.86711			6
2025.04.14	01:23:34.921	0.86700	0.86712			6
2025.04.14	01:23:35.696		0.86709			4
2025.04.14	01:23:36.084	0.86698	0.86711			6
2025.04.14	01:23:36.415	0.86699	0.86710			6
2025.04.14	01:23:37.504	0.86700	0.86709			6
2025.04.14	01:23:38.379	0.86699	0.86710			6
2025.04.14	01:23:38.682	0.86700	0.86709			6
2025.04.14	01:23:39.582	0.86699	0.86710			6
2025.04.14	01:23:39.955	0.86698	0.86709			6
2025.04.14	01:23:40.275	0.86697	0.86708			6
2025.04.14	01:23:40.659	0.86698				2
2025.04.14	01:23:41.068	0.86697				2
2025.04.14	01:23:42.169	0.86698	0.86709			6
2025.04.14	01:23:42.544	0.86697	0.86708			6
2025.04.14	01:23:43.707		0.86709			4
2025.04.14	01:23:44.042		0.86708			4
2025.04.14	01:23:44.884		0.86709			4
2025.04.14	01:23:45.244		0.86708			4
2025.04.14	01:23:46.111	0.86696	0.86709			6
2025.04.14	01:23:46.662	0.86697	0.86708			6
2025.04.14	01:23:47.363		0.86709			4
2025.04.14	01:23:47.671		0.86708			4
2025.04.14	01:23:48.308		0.86709			4
2025.04.14	01:23:48.952	0.86698	0.86707			6
2025.04.14	01:23:49.340		0.86708			4
2025.04.14	01:23:49.659	0.86696	0.86706			6
2025.04.14	01:23:50.302	0.86697	0.86708			6
2025.04.14	01:23:52.524		0.86707			4
2025.04.14	01:23:53.805	0.86696	0.86708			6
2025.04.14	01:23:55.568	0.86698				2
2025.04.14	01:23:55.880	0.86697	0.86707			6
2025.04.14	01:23:56.260	0.86699	0.86708			6
2025.04.14	01:23:56.799	0.86697	0.86707			6
2025.04.14	01:23:57.265	0.86699	0.86709			6
2025.04.14	01:23:59.184	0.86700	0.86710			6
2025.04.14	01:24:00.328	0.86697	0.86707			6
2025.04.14	01:24:03.259	0.86698				2
2025.04.14	01:24:04.290		0.86708			4
2025.04.14	01:24:06.012		0.86707			4
2025.04.14	01:24:07.802	0.86697				2
2025.04.14	01:24:10.863	0.86698	0.86708			6
2025.04.14	01:24:11.895		0.86707			4
2025.04.14	01:24:22.867	0.86699	0.86708			6
2025.04.14	01:24:26.129	0.86698				2
2025.04.14	01:24:26.853		0.86707			4
2025.04.14	01:24:29.102		0.86708			4
2025.04.14	01:24:30.758		0.86707			4
2025.04.14	01:24:32.170	0.86696	0.86709			6
2025.04.14	01:24:32.858		0.86708			4
2025.04.14	01:24:35.020		0.86707			4
2025.04.14	01:24:35.339		0.86706			4
2025.04.14	01:24:35.640		0.86708			4
2025.04.14	01:24:36.198	0.86695				2
2025.04.14	01:24:36.541	0.86694				2
2025.04.14	01:24:37.470		0.86707			4
2025.04.14	01:24:37.933	0.86684	0.86697			6
2025.04.14	01:24:38.238	0.86685	0.86698			6
2025.04.14	01:24:39.016	0.86690	0.86701			6
2025.04.14	01:24:40.883		0.86702			4
2025.04.14	01:24:41.304	0.86691	0.86701			6
2025.04.14	01:24:42.623	0.86690	0.86702			6
2025.04.14	01:24:43.663	0.86689	0.86703			6
2025.04.14	01:24:44.837	0.86686	0.86700			6
2025.04.14	01:24:45.242	0.86687				2
2025.04.14	01:24:46.623	0.86683	0.86695			6
2025.04.14	01:24:47.707	0.86686	0.86696			6
2025.04.14	01:24:48.014	0.86685	0.86699			6
2025.04.14	01:24:48.812	0.86684	0.86698			6
2025.04.14	01:24:50.889		0.86697			4
2025.04.14	01:24:52.490	0.86683				2
2025.04.14	01:24:53.794		0.86696			4
2025.04.14	01:24:55.634	0.86682				2
2025.04.14	01:24:56.712	0.86683				2
2025.04.14	01:24:57.021	0.86685	0.86699			6
2025.04.14	01:24:58.296		0.86697			4
2025.04.14	01:24:59.661	0.86682	0.86696			6
2025.04.14	01:25:00.111	0.86682				2
2025.04.14	01:25:00.836	0.86678	0.86694			6
2025.04.14	01:25:02.749	0.86679				2
2025.04.14	01:25:03.672	0.86678	0.86690			6
2025.04.14	01:25:04.004	0.86683	0.86692			6
2025.04.14	01:25:04.318	0.86682	0.86695			6
2025.04.14	01:25:04.779		0.86696			4
2025.04.14	01:25:06.252	0.86683	0.86695			6
2025.04.14	01:25:07.091		0.86696			4
2025.04.14	01:25:09.644	0.86681	0.86694			6
2025.04.14	01:25:11.130	0.86682	0.86696			6
2025.04.14	01:25:13.177		0.86695			4
2025.04.14	01:25:13.593		0.86696			4
2025.04.14	01:25:13.943		0.86694			4
2025.04.14	01:25:14.711		0.86696			4
2025.04.14	01:25:15.841	0.86684	0.86695			6
2025.04.14	01:25:16.159	0.86683	0.86696			6
2025.04.14	01:25:16.838	0.86684				2
2025.04.14	01:25:17.630	0.86685	0.86695			6
2025.04.14	01:25:21.142	0.86684	0.86694			6
2025.04.14	01:25:22.178	0.86682	0.86697			6
2025.04.14	01:25:23.046	0.86684	0.86696			6
2025.04.14	01:25:23.357	0.86683				2
2025.04.14	01:25:25.556	0.86684				2
2025.04.14	01:25:26.286		0.86697			4
2025.04.14	01:25:28.631	0.86677	0.86687			6
2025.04.14	01:25:28.938	0.86678				2
2025.04.14	01:25:29.539	0.86680	0.86690			6
2025.04.14	01:25:29.842		0.86694			4
2025.04.14	01:25:31.007		0.86691			4
2025.04.14	01:25:31.316	0.86676	0.86690			6
2025.04.14	01:25:32.857		0.86691			4
2025.04.14	01:25:34.592		0.86692			4
2025.04.14	01:25:35.548	0.86677	0.86691			6
2025.04.14	01:25:36.317	0.86676	0.86692			6
2025.04.14	01:25:36.693		0.86690			4
2025.04.14	01:25:39.158		0.86689			4
2025.04.14	01:25:40.263	0.86677	0.86688			6
2025.04.14	01:25:40.921		0.86689			4
2025.04.14	01:25:41.308		0.86688			4
2025.04.14	01:25:44.708		0.86689			4
2025.04.14	01:25:45.825	0.86680	0.86691			6
2025.04.14	01:25:47.346		0.86692			4
2025.04.14	01:25:48.198		0.86691			4
2025.04.14	01:25:48.899	0.86681	0.86690			6
2025.04.14	01:25:49.219	0.86678				2
2025.04.14	01:25:49.520	0.86679	0.86693			6
2025.04.14	01:25:50.893	0.86680	0.86694			6
2025.04.14	01:25:51.916		0.86692			4
2025.04.14	01:25:52.301	0.86679				2
2025.04.14	01:25:54.759		0.86693			4
2025.04.14	01:25:58.362		0.86692			4
2025.04.14	01:25:58.672	0.86675	0.86688			6
2025.04.14	01:25:59.341		0.86687			4
2025.04.14	01:26:00.349	0.86675				2
2025.04.14	01:26:01.400	0.86676	0.86690			6
2025.04.14	01:26:01.799		0.86687			4
2025.04.14	01:26:02.261	0.86675				2
2025.04.14	01:26:02.873		0.86688			4
2025.04.14	01:26:06.442		0.86687			4
2025.04.14	01:26:08.838	0.86680	0.86693			6
2025.04.14	01:26:09.148		0.86694			4
2025.04.14	01:26:12.826	0.86681	0.86693			6
2025.04.14	01:26:16.162		0.86692			4
2025.04.14	01:26:16.974	0.86685	0.86696			6
2025.04.14	01:26:17.922		0.86697			4
2025.04.14	01:26:18.225	0.86686	0.86698			6
2025.04.14	01:26:18.536	0.86685				2
2025.04.14	01:26:18.871	0.86684	0.86697			6
2025.04.14	01:26:19.180	0.86683	0.86698			6
2025.04.14	01:26:19.746	0.86681	0.86694			6
2025.04.14	01:26:20.087	0.86682	0.86696			6
2025.04.14	01:26:21.896		0.86697			4
2025.04.14	01:26:23.975	0.86684	0.86698			6
2025.04.14	01:26:25.218	0.86682	0.86695			6
2025.04.14	01:26:26.606	0.86686	0.86693			6
2025.04.14	01:26:26.919		0.86698			4
2025.04.14	01:26:28.001	0.86689	0.86701			6
2025.04.14	01:26:28.318		0.86700			4
2025.04.14	01:26:30.112	0.86690	0.86702			6
2025.04.14	01:26:30.423		0.86703			4
2025.04.14	01:26:31.795		0.86704			4
2025.04.14	01:26:32.903		0.86705			4
2025.04.14	01:26:33.217		0.86703			4
2025.04.14	01:26:34.582		0.86702			4
2025.04.14	01:26:36.465	0.86689	0.86704			6
2025.04.14	01:26:37.000	0.86690				2
2025.04.14	01:26:38.287	0.86689	0.86705			6
2025.04.14	01:26:42.889	0.86687	0.86701			6
2025.04.14	01:26:43.199	0.86688	0.86704			6
2025.04.14	01:26:43.519	0.86687	0.86702			6
2025.04.14	01:26:43.852	0.86690				2
2025.04.14	01:26:44.160		0.86704			4
2025.04.14	01:26:47.004	0.86687				2
2025.04.14	01:26:47.306	0.86686	0.86703			6
2025.04.14	01:26:47.823	0.86688	0.86702			6
2025.04.14	01:26:49.080	0.86687				2
2025.04.14	01:26:51.971	0.86693	0.86705			6
2025.04.14	01:26:52.279	0.86694				2
2025.04.14	01:26:52.601		0.86706			4
2025.04.14	01:26:54.656		0.86705			4
2025.04.14	01:26:55.441	0.86695	0.86707			6
2025.04.14	01:26:57.371		0.86706			4
2025.04.14	01:26:58.286		0.86705			4
2025.04.14	01:26:58.786		0.86706			4
2025.04.14	01:27:00.298	0.86695	0.86707			6
2025.04.14	01:27:10.681	0.86693	0.86706			6
2025.04.14	01:27:12.018	0.86694				2
2025.04.14	01:27:12.376	0.86692	0.86704			6
2025.04.14	01:27:12.679	0.86691	0.86703			6
2025.04.14	01:27:15.285	0.86689	0.86705			6
2025.04.14	01:27:15.595	0.86686	0.86697			6
2025.04.14	01:27:18.286	0.86685				2
2025.04.14	01:27:18.605	0.86684	0.86699			6
2025.04.14	01:27:18.931	0.86680	0.86694			6
2025.04.14	01:27:19.897		0.86692			4
2025.04.14	01:27:20.709		0.86695			4
2025.04.14	01:27:22.792	0.86682	0.86697			6
2025.04.14	01:27:23.737	0.86683				2
2025.04.14	01:27:25.610	0.86678	0.86689			6
2025.04.14	01:27:25.919		0.86691			4
2025.04.14	01:27:26.638		0.86690			4
2025.04.14	01:27:26.946		0.86691			4
2025.04.14	01:27:27.256	0.86677	0.86690			6
2025.04.14	01:27:27.561		0.86689			4
2025.04.14	01:27:28.673	0.86679	0.86690			6
2025.04.14	01:27:29.072		0.86692			4
2025.04.14	01:27:29.467	0.86684	0.86695			6
2025.04.14	01:27:29.778	0.86682	0.86696			6
2025.04.14	01:27:30.559	0.86683	0.86697			6
2025.04.14	01:27:31.403		0.86698			4
2025.04.14	01:27:31.803		0.86696			4
2025.04.14	01:27:32.191	0.86684				2
2025.04.14	01:27:32.512	0.86683	0.86698			6
2025.04.14	01:27:32.847	0.86686				2
2025.04.14	01:27:33.166		0.86700			4
2025.04.14	01:27:33.601	0.86684				2
2025.04.14	01:27:34.570	0.86686	0.86699			6
2025.04.14	01:27:38.258	0.86685	0.86696			6
2025.04.14	01:27:48.649	0.86682	0.86697			6
2025.04.14	01:27:48.958		0.86694			4
2025.04.14	01:27:49.989		0.86693			4
2025.04.14	01:27:50.386		0.86694			4
2025.04.14	01:27:51.191		0.86693			4
2025.04.14	01:27:53.212	0.86683	0.86696			6
2025.04.14	01:27:57.264		0.86697			4
2025.04.14	01:27:58.612		0.86696			4
2025.04.14	01:27:58.922	0.86684	0.86695			6
2025.04.14	01:27:59.295	0.86683	0.86697			6
2025.04.14	01:27:59.892	0.86680	0.86694			6
2025.04.14	01:28:00.195	0.86680	0.86695			6
2025.04.14	01:28:02.313	0.86679				2
2025.04.14	01:28:07.298		0.86694			4
2025.04.14	01:28:07.695		0.86695			4
2025.04.14	01:28:09.475	0.86677	0.86694			6
2025.04.14	01:28:12.202		0.86695			4
2025.04.14	01:28:14.326		0.86692			4
2025.04.14	01:28:14.635		0.86695			4
2025.04.14	01:28:16.114		0.86692			4
2025.04.14	01:28:16.506	0.86678	0.86695			6
2025.04.14	01:28:16.819		0.86694			4
2025.04.14	01:28:20.875	0.86677	0.86692			6
2025.04.14	01:28:22.351		0.86691			4
2025.04.14	01:28:22.659	0.86676				2
2025.04.14	01:28:23.948	0.86678	0.86693			6
2025.04.14	01:28:24.501	0.86680	0.86694			6
2025.04.14	01:28:24.804	0.86686	0.86697			6
2025.04.14	01:28:25.109	0.86687				2
2025.04.14	01:28:25.761		0.86699			4
2025.04.14	01:28:27.559		0.86700			4
2025.04.14	01:28:28.556	0.86688	0.86699			6
2025.04.14	01:28:29.602		0.86698			4
2025.04.14	01:28:30.717		0.86699			4
2025.04.14	01:28:31.501	0.86685				2
2025.04.14	01:28:31.960		0.86700			4
2025.04.14	01:28:32.362		0.86699			4
2025.04.14	01:28:37.301	0.86686				2
2025.04.14	01:28:39.418	0.86688	0.86700			6
2025.04.14	01:28:39.729		0.86701			4
2025.04.14	01:28:43.553		0.86702			4
2025.04.14	01:28:43.884		0.86701			4
2025.04.14	01:28:44.511	0.86689	0.86702			6
2025.04.14	01:28:44.828	0.86690				2
2025.04.14	01:28:45.203	0.86686	0.86699			6
2025.04.14	01:28:45.962	0.86687	0.86701			6
2025.04.14	01:28:48.521		0.86699			4
2025.04.14	01:28:49.018	0.86688	0.86701			6
2025.04.14	01:28:49.521	0.86686	0.86700			6
2025.04.14	01:28:50.336		0.86699			4
2025.04.14	01:28:50.643		0.86701			4
2025.04.14	01:28:54.028	0.86681	0.86700			6
2025.04.14	01:28:54.344	0.86687	0.86698			6
2025.04.14	01:28:54.694	0.86688	0.86699			6
2025.04.14	01:28:55.465	0.86690	0.86701			6
2025.04.14	01:28:55.778		0.86703			4
2025.04.14	01:28:56.487	0.86688	0.86701			6
2025.04.14	01:28:59.431	0.86687	0.86702			6
2025.04.14	01:29:00.097	0.86687				2
2025.04.14	01:29:00.445		0.86698			4
2025.04.14	01:29:01.565	0.86688	0.86701			6
2025.04.14	01:29:02.217	0.86689	0.86702			6
2025.04.14	01:29:02.524	0.86690				2
2025.04.14	01:29:07.358		0.86703			4
2025.04.14	01:29:09.308	0.86688	0.86704			6
2025.04.14	01:29:09.619	0.86687	0.86702			6
2025.04.14	01:29:12.681	0.86688	0.86701			6
2025.04.14	01:29:14.344	0.86689	0.86702			6
2025.04.14	01:29:14.659	0.86691	0.86704			6
2025.04.14	01:29:17.198	0.86690				2
2025.04.14	01:29:19.958	0.86691				2
2025.04.14	01:29:20.263	0.86689				2
2025.04.14	01:29:21.795	0.86691	0.86703			6
2025.04.14	01:29:22.757	0.86690	0.86704			6
2025.04.14	01:29:23.121	0.86689				2
2025.04.14	01:29:23.430	0.86690	0.86702			6
2025.04.14	01:29:25.012		0.86703			4
2025.04.14	01:29:25.373		0.86702			4
2025.04.14	01:29:25.818		0.86703			4
2025.04.14	01:29:26.238	0.86689	0.86701			6
2025.04.14	01:29:26.541	0.86690	0.86703			6
2025.04.14	01:29:29.177		0.86702			4
2025.04.14	01:29:30.223		0.86703			4
2025.04.14	01:29:31.326	0.86691				2
2025.04.14	01:29:35.284	0.86689	0.86704			6
2025.04.14	01:29:35.589	0.86690	0.86703			6
2025.04.14	01:29:36.745		0.86702			4
2025.04.14	01:29:37.058	0.86689	0.86704			6
2025.04.14	01:29:39.836	0.86691	0.86703			6
2025.04.14	01:29:41.381	0.86689	0.86704			6
2025.04.14	01:29:42.888	0.86690				2
2025.04.14	01:29:43.673	0.86689				2
2025.04.14	01:29:43.976	0.86690				2
2025.04.14	01:29:46.226	0.86692				2
2025.04.14	01:29:46.540	0.86693	0.86705			6
2025.04.14	01:29:49.997	0.86694	0.86706			6
2025.04.14	01:29:50.355	0.86693	0.86708			6
2025.04.14	01:29:52.741		0.86707			4
2025.04.14	01:29:53.722		0.86706			4
2025.04.14	01:29:56.245		0.86708			4
2025.04.14	01:29:57.871	0.86694	0.86706			6
2025.04.14	01:30:00.455	0.86694				2
2025.04.14	01:30:00.953	0.86692	0.86703			6
2025.04.14	01:30:01.258	0.86689	0.86700			6
2025.04.14	01:30:01.567	0.86688				2
2025.04.14	01:30:02.215	0.86690	0.86696			6
2025.04.14	01:30:02.867	0.86691	0.86697			6
2025.04.14	01:30:03.171	0.86692	0.86698			6
2025.04.14	01:30:04.079	0.86693	0.86699			6
2025.04.14	01:30:04.382	0.86692	0.86701			6
2025.04.14	01:30:05.247		0.86702			4
2025.04.14	01:30:05.610		0.86705			4
2025.04.14	01:30:08.219	0.86686	0.86697			6
2025.04.14	01:30:08.568	0.86690	0.86701			6
2025.04.14	01:30:08.879		0.86702			4
2025.04.14	01:30:09.229		0.86703			4
2025.04.14	01:30:09.580	0.86689	0.86704			6
2025.04.14	01:30:09.925	0.86692	0.86703			6
2025.04.14	01:30:10.346	0.86696	0.86705			6
2025.04.14	01:30:10.722		0.86706			4
2025.04.14	01:30:11.533	0.86695				2
2025.04.14	01:30:13.232		0.86705			4
2025.04.14	01:30:13.542		0.86707			4
2025.04.14	01:30:13.983		0.86706			4
2025.04.14	01:30:16.491	0.86696	0.86707			6
2025.04.14	01:30:17.174	0.86697	0.86708			6
2025.04.14	01:30:18.810		0.86707			4
2025.04.14	01:30:20.944	0.86699	0.86708			6
2025.04.14	01:30:21.253	0.86697	0.86707			6
2025.04.14	01:30:23.409	0.86698				2
2025.04.14	01:30:23.719	0.86697	0.86708			6
2025.04.14	01:30:24.025	0.86694	0.86707			6
2025.04.14	01:30:24.339	0.86696	0.86706			6
2025.04.14	01:30:26.753	0.86695	0.86708			6
2025.04.14	01:30:27.797	0.86696	0.86707			6
2025.04.14	01:30:28.177		0.86706			4
2025.04.14	01:30:28.640	0.86695	0.86708			6
2025.04.14	01:30:28.970	0.86696	0.86707			6
2025.04.14	01:30:29.336		0.86706			4
2025.04.14	01:30:30.319	0.86695	0.86707			6
2025.04.14	01:30:31.267		0.86705			4
2025.04.14	01:30:31.588		0.86706			4
2025.04.14	01:30:31.900	0.86697	0.86707			6
2025.04.14	01:30:37.140	0.86700	0.86709			6
2025.04.14	01:30:37.514	0.86697	0.86708			6
2025.04.14	01:30:38.040	0.86698				2
2025.04.14	01:30:38.342		0.86709			4
2025.04.14	01:30:38.666	0.86695	0.86708			6
2025.04.14	01:30:39.635	0.86696				2
2025.04.14	01:30:42.318	0.86700	0.86711			6
2025.04.14	01:30:43.251	0.86701				2
2025.04.14	01:30:43.835	0.86702	0.86712			6
2025.04.14	01:30:44.350	0.86701	0.86711			6
2025.04.14	01:30:44.651	0.86700	0.86710			6
2025.04.14	01:30:45.103		0.86711			4
2025.04.14	01:30:45.467		0.86710			4
2025.04.14	01:30:45.780	0.86706	0.86716			6
2025.04.14	01:30:47.551	0.86705				2
2025.04.14	01:30:47.858	0.86706	0.86715			6
2025.04.14	01:30:48.971		0.86716			4
2025.04.14	01:30:53.919	0.86707	0.86717			6
2025.04.14	01:30:56.541	0.86708	0.86719			6
2025.04.14	01:30:56.860	0.86711	0.86721			6
2025.04.14	01:30:57.179		0.86722			4
2025.04.14	01:30:57.887	0.86712	0.86721			6
2025.04.14	01:30:58.660		0.86722			4
2025.04.14	01:30:58.987	0.86707	0.86717			6
2025.04.14	01:30:59.300	0.86709	0.86719			6
2025.04.14	01:30:59.642	0.86710	0.86721			6
2025.04.14	01:30:59.945	0.86714	0.86724			6
2025.04.14	01:31:00.258	0.86715	0.86725			6
2025.04.14	01:31:02.179	0.86714	0.86721			6
2025.04.14	01:31:02.483	0.86712	0.86722			6
2025.04.14	01:31:06.127		0.86721			4
2025.04.14	01:31:07.310		0.86722			4
2025.04.14	01:31:07.611	0.86713				2
2025.04.14	01:31:07.934	0.86714	0.86723			6
2025.04.14	01:31:08.290		0.86724			4
2025.04.14	01:31:08.599	0.86715				2
2025.04.14	01:31:09.554	0.86716	0.86725			6
2025.04.14	01:31:10.551		0.86724			4
2025.04.14	01:31:10.861		0.86725			4
2025.04.14	01:31:11.739		0.86724			4
2025.04.14	01:31:14.499	0.86714				2
2025.04.14	01:31:15.447	0.86715				2
2025.04.14	01:31:15.796	0.86714				2
2025.04.14	01:31:17.172	0.86718	0.86727			6
2025.04.14	01:31:17.810		0.86728			4
2025.04.14	01:31:20.147	0.86717	0.86727			6
2025.04.14	01:31:20.464	0.86718				2
2025.04.14	01:31:24.077		0.86728			4
2025.04.14	01:31:24.379	0.86715	0.86726			6
2025.04.14	01:31:24.681	0.86714	0.86723			6
2025.04.14	01:31:25.007		0.86724			4
2025.04.14	01:31:25.374	0.86715				2
2025.04.14	01:31:25.679	0.86717	0.86727			6
2025.04.14	01:31:26.323	0.86718	0.86728			6
2025.04.14	01:31:26.653		0.86727			4
2025.04.14	01:31:28.247	0.86720	0.86729			6
2025.04.14	01:31:28.559	0.86721	0.86731			6
2025.04.14	01:31:33.778		0.86729			4
2025.04.14	01:31:34.102	0.86722	0.86731			6
2025.04.14	01:31:34.879		0.86732			4
2025.04.14	01:31:35.188	0.86723	0.86731			6
2025.04.14	01:31:37.584		0.86732			4
2025.04.14	01:31:39.748	0.86722				2
2025.04.14	01:31:40.066	0.86723				2
2025.04.14	01:31:40.747	0.86724	0.86734			6
2025.04.14	01:31:42.638		0.86733			4
2025.04.14	01:31:42.952	0.86727	0.86736			6
2025.04.14	01:31:43.259	0.86728				2
2025.04.14	01:31:45.279	0.86730	0.86737			6
2025.04.14	01:31:45.582	0.86731	0.86740			6
2025.04.14	01:31:46.218	0.86730	0.86738			6
2025.04.14	01:31:46.588	0.86729				2
2025.04.14	01:31:46.975	0.86730				2
2025.04.14	01:31:48.099		0.86739			4
2025.04.14	01:31:49.253	0.86729	0.86738			6
2025.04.14	01:31:53.160	0.86730	0.86739			6
2025.04.14	01:31:53.791	0.86729	0.86738			6
2025.04.14	01:31:54.206	0.86730	0.86739			6
2025.04.14	01:31:54.560	0.86732	0.86740			6
2025.04.14	01:31:54.878		0.86741			4
