<DATE>	<TIME>	<BID>	<ASK>	<LAST>	<VOLUME>	<FLAGS>
2025.06.04	00:03:31.196	0.84092	0.84231			6
2025.06.04	00:04:14.962	0.84092				2
2025.06.04	00:04:41.327		0.84231			4
2025.06.04	00:05:06.121	0.84092	0.84229			6
2025.06.04	00:05:09.967		0.84231			4
2025.06.04	00:05:10.704		0.84230			4
2025.06.04	00:05:11.360		0.84229			4
2025.06.04	00:05:12.358		0.84223			4
2025.06.04	00:05:16.486		0.84225			4
2025.06.04	00:05:21.505		0.84224			4
2025.06.04	00:05:24.353		0.84228			4
2025.06.04	00:05:25.418		0.84229			4
2025.06.04	00:05:26.853		0.84230			4
2025.06.04	00:05:28.356		0.84229			4
2025.06.04	00:05:29.432		0.84226			4
2025.06.04	00:05:30.772		0.84225			4
2025.06.04	00:05:32.000		0.84223			4
2025.06.04	00:05:32.359		0.84227			4
2025.06.04	00:05:37.400		0.84226			4
2025.06.04	00:05:41.557		0.84225			4
2025.06.04	00:05:42.360		0.84223			4
2025.06.04	00:05:46.217		0.84225			4
2025.06.04	00:05:47.840		0.84224			4
2025.06.04	00:05:51.325		0.84223			4
2025.06.04	00:05:56.354		0.84225			4
2025.06.04	00:05:56.876		0.84224			4
2025.06.04	00:06:01.721	0.84092	0.84222			6
2025.06.04	00:06:06.687		0.84224			4
2025.06.04	00:06:09.008		0.84227			4
2025.06.04	00:07:08.148	0.84092				2
2025.06.04	00:07:10.215		0.84227			4
2025.06.04	00:07:33.233		0.84224			4
2025.06.04	00:07:46.885		0.84223			4
2025.06.04	00:07:54.971	0.84091				2
2025.06.04	00:08:00.199	0.84091				2
2025.06.04	00:08:08.995		0.84224			4
2025.06.04	00:08:33.234		0.84222			4
2025.06.04	00:08:36.528		0.84223			4
2025.06.04	00:08:49.043		0.84229			4
2025.06.04	00:08:49.972	0.84092	0.84225			6
2025.06.04	00:08:56.083		0.84223			4
2025.06.04	00:09:00.698	0.84092	0.84225			6
2025.06.04	00:09:05.512		0.84223			4
2025.06.04	00:09:16.020		0.84224			4
2025.06.04	00:09:17.225		0.84220			4
2025.06.04	00:09:21.298		0.84221			4
2025.06.04	00:09:26.394		0.84220			4
2025.06.04	00:09:31.324		0.84221			4
2025.06.04	00:09:36.572		0.84220			4
2025.06.04	00:09:56.948		0.84219			4
2025.06.04	00:10:00.336	0.84098	0.84215			6
2025.06.04	00:10:02.725		0.84213			4
2025.06.04	00:10:07.813	0.84097	0.84214			6
2025.06.04	00:10:08.939	0.84098	0.84213			6
2025.06.04	00:10:10.825	0.84112	0.84223			6
2025.06.04	00:10:13.779	0.84096	0.84213			6
2025.06.04	00:10:14.985		0.84207			4
2025.06.04	00:10:16.196	0.84095	0.84205			6
2025.06.04	00:10:19.221		0.84203			4
2025.06.04	00:10:20.429	0.84096				2
2025.06.04	00:10:21.639	0.84095	0.84201			6
2025.06.04	00:10:21.943	0.84097	0.84202			6
2025.06.04	00:10:23.757	0.84096				2
2025.06.04	00:10:25.574	0.84097	0.84204			6
2025.06.04	00:10:27.389		0.84206			4
2025.06.04	00:10:27.693	0.84096	0.84204			6
2025.06.04	00:10:30.416		0.84202			4
2025.06.04	00:10:31.021	0.84097	0.84204			6
2025.06.04	00:10:32.835	0.84108	0.84220			6
2025.06.04	00:10:33.138		0.84223			4
2025.06.04	00:10:34.046	0.84109	0.84224			6
2025.06.04	00:10:42.872		0.84222			4
2025.06.04	00:10:44.989		0.84224			4
2025.06.04	00:10:55.574	0.84110				2
2025.06.04	00:10:56.168	0.84123	0.84232			6
2025.06.04	00:10:59.861		0.84230			4
2025.06.04	00:11:00.848	0.84123				2
2025.06.04	00:11:02.705	0.84109	0.84224			6
2025.06.04	00:11:03.341	0.84123	0.84230			6
2025.06.04	00:11:06.657	0.84118	0.84226			6
2025.06.04	00:11:07.363		0.84229			4
2025.06.04	00:11:08.261	0.84117				2
2025.06.04	00:11:09.693	0.84103	0.84218			6
2025.06.04	00:11:10.599	0.84117	0.84229			6
2025.06.04	00:11:12.617	0.84118	0.84228			6
2025.06.04	00:11:14.451	0.84113	0.84217			6
2025.06.04	00:11:16.361	0.84103				2
2025.06.04	00:11:17.304	0.84112	0.84216			6
2025.06.04	00:11:19.324	0.84091	0.84199			6
2025.06.04	00:11:22.365	0.84092				2
2025.06.04	00:11:23.347	0.84090	0.84205			6
2025.06.04	00:11:24.265	0.84092	0.84199			6
2025.06.04	00:11:25.970	0.84099	0.84203			6
2025.06.04	00:11:30.339	0.84091	0.84206			6
2025.06.04	00:11:31.274	0.84099	0.84203			6
2025.06.04	00:11:44.485	0.84094	0.84198			6
2025.06.04	00:11:44.862	0.84092	0.84197			6
2025.06.04	00:11:46.061	0.84091	0.84196			6
2025.06.04	00:11:50.635	0.84090	0.84195			6
2025.06.04	00:11:55.708		0.84194			4
2025.06.04	00:12:00.572	0.84090				2
2025.06.04	00:12:18.991	0.84091				2
2025.06.04	00:12:22.410	0.84092	0.84196			6
2025.06.04	00:12:22.786	0.84088	0.84187			6
2025.06.04	00:12:28.362		0.84186			4
2025.06.04	00:12:47.670		0.84185			4
2025.06.04	00:12:49.666		0.84186			4
2025.06.04	00:13:00.847	0.84088				2
2025.06.04	00:13:04.362		0.84185			4
2025.06.04	00:13:05.665		0.84181			4
2025.06.04	00:13:06.163		0.84179			4
2025.06.04	00:13:12.985		0.84178			4
2025.06.04	00:13:18.976		0.84176			4
2025.06.04	00:13:22.891	0.84091				2
2025.06.04	00:13:26.261		0.84175			4
2025.06.04	00:13:31.371		0.84176			4
2025.06.04	00:13:36.358		0.84175			4
2025.06.04	00:14:00.051	0.84091				2
2025.06.04	00:14:01.217		0.84174			4
2025.06.04	00:14:02.320		0.84175			4
2025.06.04	00:14:29.387		0.84174			4
2025.06.04	00:14:38.920		0.84173			4
2025.06.04	00:15:00.309	0.84091				2
2025.06.04	00:15:01.247		0.84172			4
2025.06.04	00:15:02.343		0.84173			4
2025.06.04	00:15:07.321		0.84171			4
2025.06.04	00:15:31.947		0.84172			4
2025.06.04	00:15:34.962		0.84171			4
2025.06.04	00:16:00.768	0.84091				2
2025.06.04	00:16:31.967		0.84170			4
2025.06.04	00:16:34.663		0.84171			4
2025.06.04	00:17:00.165	0.84091				2
2025.06.04	00:17:01.125		0.84193			4
2025.06.04	00:17:04.612		0.84224			4
2025.06.04	00:17:05.271		0.84221			4
2025.06.04	00:17:06.362		0.84222			4
2025.06.04	00:17:07.667		0.84221			4
2025.06.04	00:17:08.567		0.84244			4
2025.06.04	00:17:29.918	0.84093				2
2025.06.04	00:17:31.322	0.84094				2
2025.06.04	00:17:32.262	0.84095				2
2025.06.04	00:17:36.464	0.84096				2
2025.06.04	00:17:38.572	0.84092				2
2025.06.04	00:17:45.163	0.84093				2
2025.06.04	00:17:47.973	0.84091				2
2025.06.04	00:17:55.963	0.84092	0.84243			6
2025.06.04	00:17:57.762	0.84093	0.84242			6
2025.06.04	00:17:58.963	0.84094	0.84241			6
2025.06.04	00:18:00.168	0.84094				2
2025.06.04	00:18:01.006	0.84095	0.84240			6
2025.06.04	00:18:03.162	0.84096	0.84239			6
2025.06.04	00:18:04.456	0.84097				2
2025.06.04	00:18:07.060		0.84238			4
2025.06.04	00:18:09.461	0.84098	0.84237			6
2025.06.04	00:18:12.333	0.84093	0.84242			6
2025.06.04	00:18:12.642	0.84094	0.84244			6
2025.06.04	00:18:16.674	0.84089				2
2025.06.04	00:18:18.910	0.84090				2
2025.06.04	00:18:20.261	0.84091				2
2025.06.04	00:18:22.361	0.84092				2
2025.06.04	00:18:23.914	0.84093				2
2025.06.04	00:18:24.767	0.84094				2
2025.06.04	00:18:28.060	0.84096				2
2025.06.04	00:18:29.881		0.84243			4
2025.06.04	00:18:32.562	0.84097	0.84242			6
2025.06.04	00:18:34.367	0.84098				2
2025.06.04	00:18:36.353	0.84099	0.84241			6
2025.06.04	00:18:40.318		0.84240			4
2025.06.04	00:18:42.461	0.84100				2
2025.06.04	00:18:46.361	0.84107	0.84233			6
2025.06.04	00:18:48.460	0.84106	0.84234			6
2025.06.04	00:18:52.912		0.84233			4
2025.06.04	00:18:53.804	0.84107				2
2025.06.04	00:18:55.620	0.84108	0.84232			6
2025.06.04	00:18:59.479	0.84107	0.84233			6
2025.06.04	00:19:00.179	0.84107				2
2025.06.04	00:19:01.323	0.84108	0.84232			6
2025.06.04	00:19:03.367	0.84106	0.84234			6
2025.06.04	00:19:03.736	0.84109	0.84231			6
2025.06.04	00:19:04.706	0.84108	0.84232			6
2025.06.04	00:19:13.436	0.84107	0.84233			6
2025.06.04	00:19:14.571	0.84108	0.84232			6
2025.06.04	00:19:15.594	0.84107	0.84233			6
2025.06.04	00:19:19.389	0.84108	0.84231			6
2025.06.04	00:19:21.762	0.84109				2
2025.06.04	00:19:25.596	0.84110	0.84230			6
2025.06.04	00:19:26.591	0.84109	0.84231			6
2025.06.04	00:19:36.448	0.84110	0.84230			6
2025.06.04	00:19:37.362		0.84231			4
2025.06.04	00:19:46.616	0.84109	0.84232			6
2025.06.04	00:19:56.563		0.84231			4
2025.06.04	00:20:00.539	0.84109				2
2025.06.04	00:20:01.962		0.84232			4
2025.06.04	00:20:20.191	0.84107	0.84234			6
2025.06.04	00:20:21.786	0.84109	0.84232			6
2025.06.04	00:20:45.282		0.84230			4
2025.06.04	00:21:00.164	0.84109				2
2025.06.04	00:21:29.568		0.84231			4
2025.06.04	00:21:32.866	0.84108				2
2025.06.04	00:21:37.362		0.84230			4
2025.06.04	00:21:38.405	0.84109				2
2025.06.04	00:21:50.561	0.84108				2
2025.06.04	00:21:52.363		0.84231			4
2025.06.04	00:21:55.661	0.84109	0.84230			6
2025.06.04	00:21:59.562	0.84108	0.84231			6
2025.06.04	00:22:00.364	0.84108				2
2025.06.04	00:22:27.701	0.84107	0.84222			6
2025.06.04	00:22:28.064		0.84220			4
2025.06.04	00:22:28.659	0.84106	0.84221			6
2025.06.04	00:22:29.228	0.84107	0.84219			6
2025.06.04	00:22:30.311	0.84108	0.84216			6
2025.06.04	00:22:30.652	0.84105	0.84219			6
2025.06.04	00:22:31.692	0.84103	0.84221			6
2025.06.04	00:22:32.207	0.84104	0.84223			6
2025.06.04	00:22:33.689	0.84103	0.84221			6
2025.06.04	00:22:34.619	0.84104	0.84220			6
2025.06.04	00:22:35.760	0.84105	0.84219			6
2025.06.04	00:22:37.224	0.84107	0.84222			6
2025.06.04	00:22:37.526		0.84231			4
2025.06.04	00:22:39.961		0.84229			4
2025.06.04	00:23:00.371	0.84107				2
2025.06.04	00:23:14.611	0.84114	0.84232			6
2025.06.04	00:23:15.038	0.84113	0.84236			6
2025.06.04	00:23:16.081	0.84111	0.84238			6
2025.06.04	00:23:24.246	0.84114				2
2025.06.04	00:23:24.564		0.84225			4
2025.06.04	00:23:38.372	0.84111	0.84222			6
2025.06.04	00:23:38.861		0.84223			4
2025.06.04	00:23:40.660	0.84109	0.84225			6
2025.06.04	00:23:43.662		0.84224			4
2025.06.04	00:23:46.664		0.84225			4
2025.06.04	00:23:48.408	0.84110				2
2025.06.04	00:23:54.776		0.84232			4
2025.06.04	00:24:01.657	0.84110				2
2025.06.04	00:24:03.670		0.84231			4
2025.06.04	00:24:04.061		0.84227			4
2025.06.04	00:24:14.563	0.84108	0.84228			6
2025.06.04	00:24:15.161		0.84227			4
2025.06.04	00:24:18.460		0.84226			4
2025.06.04	00:24:47.745	0.84109				2
2025.06.04	00:24:54.462		0.84225			4
2025.06.04	00:25:00.309	0.84109				2
2025.06.04	00:25:03.967	0.84111	0.84224			6
2025.06.04	00:25:11.958	0.84109	0.84226			6
2025.06.04	00:25:14.764	0.84110	0.84224			6
2025.06.04	00:25:15.164		0.84219			4
2025.06.04	00:25:16.667	0.84108	0.84220			6
2025.06.04	00:25:18.671	0.84109				2
2025.06.04	00:25:21.340	0.84106	0.84222			6
2025.06.04	00:25:32.523	0.84105	0.84221			6
2025.06.04	00:25:33.669	0.84104	0.84222			6
2025.06.04	00:25:51.162		0.84223			4
2025.06.04	00:26:01.323	0.84104				2
2025.06.04	00:26:21.345	0.84105	0.84211			6
2025.06.04	00:26:23.263	0.84104				2
2025.06.04	00:26:24.325	0.84100				2
2025.06.04	00:26:24.725	0.84101				2
2025.06.04	00:26:30.762	0.84100				2
2025.06.04	00:26:46.963	0.84101				2
2025.06.04	00:26:56.537	0.84100				2
2025.06.04	00:27:00.462	0.84101				2
2025.06.04	00:27:21.428		0.84211			4
2025.06.04	00:28:03.366	0.84101				2
2025.06.04	00:28:04.627		0.84208			4
2025.06.04	00:28:40.662	0.84102				2
2025.06.04	00:29:00.318	0.84102				2
2025.06.04	00:29:07.966		0.84208			4
2025.06.04	00:29:54.628	0.84103				2
2025.06.04	00:30:00.372	0.84106	0.84204			6
2025.06.04	00:30:00.679	0.84105				2
2025.06.04	00:30:04.612	0.84102				2
2025.06.04	00:30:17.477	0.84104				2
2025.06.04	00:31:00.379	0.84104	0.84204			6
2025.06.04	00:31:00.881	0.84105				2
2025.06.04	00:31:14.879	0.84104				2
2025.06.04	00:31:24.274	0.84103				2
2025.06.04	00:31:25.069	0.84104				2
2025.06.04	00:31:29.652		0.84199			4
2025.06.04	00:32:00.382	0.84104				2
2025.06.04	00:32:34.282		0.84199			4
2025.06.04	00:32:44.244	0.84102				2
2025.06.04	00:33:00.388	0.84102				2
2025.06.04	00:33:00.890	0.84103				2
2025.06.04	00:33:19.256	0.84104				2
2025.06.04	00:33:26.959	0.84103				2
2025.06.04	00:33:35.199		0.84199			4
2025.06.04	00:33:38.039	0.84104				2
2025.06.04	00:33:46.961	0.84103				2
2025.06.04	00:33:54.461	0.84104				2
2025.06.04	00:34:00.384	0.84104				2
2025.06.04	00:34:00.768	0.84103				2
2025.06.04	00:34:24.590	0.84104				2
2025.06.04	00:35:52.215	0.84104	0.84199			6
2025.06.04	00:35:54.358	0.84103				2
2025.06.04	00:35:58.060	0.84102				2
2025.06.04	00:36:04.063	0.84103				2
2025.06.04	00:36:27.780	0.84102				2
2025.06.04	00:36:37.962	0.84103				2
2025.06.04	00:36:53.557		0.84199			4
2025.06.04	00:37:04.061	0.84103				2
2025.06.04	00:37:55.362		0.84199			4
2025.06.04	00:37:58.871	0.84102				2
2025.06.04	00:38:00.989	0.84102				2
2025.06.04	00:38:13.361	0.84103				2
2025.06.04	00:38:17.390	0.84101				2
2025.06.04	00:38:37.960	0.84100				2
2025.06.04	00:38:43.823	0.84101				2
2025.06.04	00:38:49.458	0.84104				2
2025.06.04	00:38:56.559	0.84103	0.84199			6
2025.06.04	00:39:00.192	0.84103				2
2025.06.04	00:39:09.171	0.84104				2
2025.06.04	00:39:19.663	0.84103				2
2025.06.04	00:39:23.832		0.84181			4
2025.06.04	00:39:24.464	0.84099	0.84171			6
2025.06.04	00:39:26.562	0.84100	0.84172			6
2025.06.04	00:40:00.188	0.84100				2
2025.06.04	00:40:05.935	0.84101	0.84173			6
2025.06.04	00:40:17.862		0.84172			4
2025.06.04	00:40:26.168		0.84173			4
2025.06.04	00:41:00.821	0.84101				2
2025.06.04	00:41:06.444		0.84172			4
2025.06.04	00:41:11.084	0.84107	0.84183			6
2025.06.04	00:41:11.544		0.84182			4
2025.06.04	00:41:12.547		0.84183			4
2025.06.04	00:41:12.866	0.84106				2
2025.06.04	00:41:13.533	0.84101	0.84172			6
2025.06.04	00:41:14.082	0.84107	0.84183			6
2025.06.04	00:41:14.536	0.84101	0.84172			6
2025.06.04	00:41:14.846	0.84107	0.84183			6
2025.06.04	00:41:15.540		0.84182			4
2025.06.04	00:41:16.540	0.84101	0.84172			6
2025.06.04	00:41:16.911	0.84107	0.84183			6
2025.06.04	00:41:17.537		0.84172			4
2025.06.04	00:41:17.839		0.84183			4
2025.06.04	00:41:18.534		0.84182			4
2025.06.04	00:41:20.537	0.84101	0.84172			6
2025.06.04	00:41:20.947	0.84107	0.84183			6
2025.06.04	00:41:21.324	0.84101	0.84172			6
2025.06.04	00:41:22.815	0.84107	0.84183			6
2025.06.04	00:41:23.334	0.84101	0.84172			6
2025.06.04	00:41:23.818	0.84106	0.84183			6
2025.06.04	00:41:24.337	0.84101	0.84172			6
2025.06.04	00:41:24.671	0.84106	0.84183			6
2025.06.04	00:41:26.337	0.84101				2
2025.06.04	00:41:26.640	0.84106				2
2025.06.04	00:41:27.336	0.84107				2
2025.06.04	00:41:28.317	0.84101	0.84172			6
2025.06.04	00:41:28.812	0.84105	0.84184			6
2025.06.04	00:41:29.333	0.84106	0.84183			6
2025.06.04	00:41:29.967		0.84184			4
2025.06.04	00:41:30.330		0.84183			4
2025.06.04	00:41:30.711	0.84105	0.84184			6
2025.06.04	00:41:31.340	0.84101	0.84172			6
2025.06.04	00:41:35.830		0.84173			4
2025.06.04	00:41:40.063	0.84102				2
2025.06.04	00:41:50.193	0.84101				2
2025.06.04	00:41:57.763		0.84172			4
2025.06.04	00:42:01.557	0.84101				2
2025.06.04	00:43:00.217	0.84101	0.84172			6
2025.06.04	00:43:07.285	0.84102	0.84173			6
2025.06.04	00:43:08.754	0.84101	0.84172			6
2025.06.04	00:43:21.738	0.84102	0.84173			6
2025.06.04	00:43:25.364	0.84101	0.84172			6
2025.06.04	00:43:27.642	0.84107	0.84183			6
2025.06.04	00:43:28.207	0.84101				2
2025.06.04	00:43:28.518	0.84107	0.84182			6
2025.06.04	00:43:30.106	0.84101	0.84172			6
2025.06.04	00:43:30.573	0.84106	0.84183			6
2025.06.04	00:43:36.737	0.84107	0.84182			6
2025.06.04	00:43:46.961	0.84106	0.84183			6
2025.06.04	00:43:58.223	0.84107				2
2025.06.04	00:44:00.364	0.84107				2
2025.06.04	00:44:04.541		0.84182			4
2025.06.04	00:44:09.741		0.84183			4
2025.06.04	00:44:15.639	0.84106				2
2025.06.04	00:44:16.561		0.84182			4
2025.06.04	00:44:17.183	0.84101	0.84171			6
2025.06.04	00:45:00.194	0.84101				2
2025.06.04	00:45:02.222		0.84173			4
2025.06.04	00:45:04.061		0.84174			4
2025.06.04	00:45:04.363	0.84103	0.84175			6
2025.06.04	00:45:04.667	0.84101	0.84171			6
2025.06.04	00:45:08.950	0.84113	0.84159			6
2025.06.04	00:45:28.361	0.84114	0.84160			6
2025.06.04	00:45:36.468	0.84113				2
2025.06.04	00:46:03.975	0.84114	0.84168			6
2025.06.04	00:46:04.282		0.84160			4
2025.06.04	00:46:55.968	0.84113				2
2025.06.04	00:47:00.195	0.84113				2
2025.06.04	00:47:02.247		0.84161			4
2025.06.04	00:47:02.900	0.84114				2
2025.06.04	00:47:04.720	0.84113	0.84160			6
2025.06.04	00:47:22.158	0.84114				2
2025.06.04	00:47:31.969	0.84113				2
2025.06.04	00:47:38.764		0.84159			4
2025.06.04	00:47:44.843		0.84160			4
2025.06.04	00:47:48.311	0.84117	0.84172			6
2025.06.04	00:47:48.830	0.84113	0.84160			6
2025.06.04	00:47:49.278	0.84117	0.84172			6
2025.06.04	00:47:50.611	0.84113	0.84160			6
2025.06.04	00:47:50.948	0.84117	0.84172			6
2025.06.04	00:47:51.819	0.84113	0.84160			6
2025.06.04	00:47:52.137	0.84117	0.84172			6
2025.06.04	00:47:57.559	0.84113	0.84160			6
2025.06.04	00:48:00.321	0.84113				2
2025.06.04	00:48:03.460		0.84159			4
2025.06.04	00:48:15.162	0.84114				2
2025.06.04	00:48:19.789		0.84160			4
2025.06.04	00:48:45.858	0.84115				2
2025.06.04	00:48:52.661	0.84116	0.84161			6
2025.06.04	00:49:00.943	0.84116				2
2025.06.04	00:49:44.863	0.84117				2
2025.06.04	00:49:52.682		0.84161			4
2025.06.04	00:50:07.590	0.84117				2
2025.06.04	00:50:54.321		0.84161			4
2025.06.04	00:50:58.661	0.84118	0.84162			6
2025.06.04	00:51:00.194	0.84118				2
2025.06.04	00:51:17.637		0.84163			4
2025.06.04	00:51:21.163	0.84122	0.84166			6
2025.06.04	00:51:22.663		0.84167			4
2025.06.04	00:51:49.961	0.84121	0.84166			6
2025.06.04	00:52:04.829	0.84121				2
2025.06.04	00:52:16.116		0.84167			4
2025.06.04	00:52:16.661	0.84122				2
2025.06.04	00:52:17.263	0.84124	0.84169			6
2025.06.04	00:52:20.137	0.84122	0.84168			6
2025.06.04	00:53:00.405	0.84122				2
2025.06.04	00:53:00.880		0.84169			4
2025.06.04	00:53:01.253	0.84116	0.84163			6
2025.06.04	00:53:03.463	0.84122	0.84168			6
2025.06.04	00:53:17.032	0.84121	0.84169			6
2025.06.04	00:53:37.963	0.84120	0.84170			6
2025.06.04	00:54:01.330	0.84120				2
2025.06.04	00:54:16.226	0.84121	0.84169			6
2025.06.04	00:54:31.726	0.84120	0.84170			6
2025.06.04	00:54:37.482	0.84121	0.84169			6
2025.06.04	00:54:48.251		0.84191			4
2025.06.04	00:54:52.963		0.84190			4
2025.06.04	00:54:59.081	0.84122	0.84194			6
2025.06.04	00:55:00.403	0.84122				2
2025.06.04	00:55:07.033		0.84201			4
2025.06.04	00:56:02.038	0.84122	0.84204			6
2025.06.04	00:56:25.569	0.84124	0.84202			6
2025.06.04	00:56:32.071	0.84126	0.84200			6
2025.06.04	00:56:35.576	0.84127	0.84204			6
2025.06.04	00:56:38.363	0.84125	0.84203			6
2025.06.04	00:56:47.257	0.84123	0.84194			6
2025.06.04	00:57:00.403	0.84123				2
2025.06.04	00:57:10.361	0.84122				2
2025.06.04	00:57:13.969	0.84123				2
2025.06.04	00:57:19.790	0.84124				2
2025.06.04	00:57:28.672	0.84123	0.84202			6
2025.06.04	00:57:29.636	0.84122	0.84199			6
2025.06.04	00:57:46.690	0.84123				2
2025.06.04	00:58:00.307	0.84123	0.84202			6
2025.06.04	00:58:08.160		0.84204			4
2025.06.04	00:58:29.364	0.84124	0.84201			6
2025.06.04	00:58:49.784	0.84125	0.84203			6
2025.06.04	00:58:50.514	0.84130	0.84201			6
2025.06.04	00:58:51.347	0.84131				2
2025.06.04	00:58:53.681	0.84119				2
2025.06.04	00:58:54.126	0.84118				2
2025.06.04	00:58:55.882	0.84114				2
2025.06.04	00:59:00.334	0.84114				2
2025.06.04	00:59:30.466	0.84113				2
2025.06.04	00:59:30.849	0.84114	0.84199			6
2025.06.04	00:59:31.299	0.84116	0.84208			6
2025.06.04	00:59:35.563	0.84112	0.84199			6
2025.06.04	00:59:36.787	0.84116	0.84208			6
2025.06.04	00:59:40.931	0.84115				2
2025.06.04	00:59:42.052	0.84116				2
2025.06.04	00:59:50.798	0.84115				2
2025.06.04	00:59:54.869	0.84116				2
2025.06.04	01:00:00.250	0.84121				2
2025.06.04	01:00:00.563	0.84128				2
2025.06.04	01:00:00.874	0.84117				2
2025.06.04	01:00:01.180	0.84116				2
2025.06.04	01:00:01.482	0.84114	0.84204			6
2025.06.04	01:00:01.799	0.84113				2
2025.06.04	01:00:02.402	0.84104	0.84171			6
2025.06.04	01:00:02.708	0.84109	0.84181			6
2025.06.04	01:00:03.315		0.84182			4
2025.06.04	01:00:03.619		0.84164			4
2025.06.04	01:00:03.923	0.84102	0.84163			6
2025.06.04	01:00:04.529	0.84103	0.84176			6
2025.06.04	01:00:04.836	0.84111	0.84201			6
2025.06.04	01:00:05.238	0.84107	0.84179			6
2025.06.04	01:00:05.561		0.84178			4
2025.06.04	01:00:06.559	0.84106	0.84172			6
2025.06.04	01:00:07.001	0.84107	0.84173			6
2025.06.04	01:00:07.316		0.84172			4
2025.06.04	01:00:07.662	0.84109	0.84178			6
2025.06.04	01:00:08.295	0.84108	0.84177			6
2025.06.04	01:00:08.911	0.84109				2
2025.06.04	01:00:10.102	0.84110	0.84172			6
2025.06.04	01:00:11.013		0.84176			4
2025.06.04	01:00:11.907		0.84184			4
2025.06.04	01:00:12.355	0.84109	0.84167			6
2025.06.04	01:00:12.917	0.84107				2
2025.06.04	01:00:13.229		0.84168			4
2025.06.04	01:00:14.410		0.84167			4
2025.06.04	01:00:15.316	0.84104	0.84166			6
2025.06.04	01:00:15.823	0.84105				2
2025.06.04	01:00:16.170		0.84165			4
2025.06.04	01:00:16.592	0.84104	0.84164			6
2025.06.04	01:00:17.231		0.84162			4
2025.06.04	01:00:18.462		0.84163			4
2025.06.04	01:00:19.662		0.84162			4
2025.06.04	01:00:20.561	0.84103				2
2025.06.04	01:00:21.464	0.84104				2
2025.06.04	01:00:23.407	0.84119	0.84139			6
2025.06.04	01:00:24.048	0.84115	0.84135			6
2025.06.04	01:00:24.355	0.84112	0.84138			6
2025.06.04	01:00:25.143	0.84114	0.84139			6
2025.06.04	01:00:26.352	0.84115				2
2025.06.04	01:00:28.280	0.84120				2
2025.06.04	01:00:32.668	0.84118				2
2025.06.04	01:00:34.183		0.84136			4
2025.06.04	01:00:34.662	0.84117				2
2025.06.04	01:00:53.068	0.84118	0.84139			6
2025.06.04	01:00:58.987		0.84136			4
2025.06.04	01:01:00.318	0.84121	0.84140			6
2025.06.04	01:01:03.539	0.84118	0.84138			6
2025.06.04	01:01:03.844		0.84137			4
2025.06.04	01:01:07.453		0.84136			4
2025.06.04	01:01:10.356	0.84120				2
2025.06.04	01:01:12.706	0.84119				2
2025.06.04	01:01:14.776	0.84121	0.84137			6
2025.06.04	01:01:17.642	0.84118	0.84133			6
2025.06.04	01:01:18.296		0.84135			4
2025.06.04	01:01:18.637		0.84136			4
2025.06.04	01:01:21.363	0.84122	0.84140			6
2025.06.04	01:01:26.944	0.84121	0.84139			6
2025.06.04	01:01:30.942	0.84122	0.84140			6
2025.06.04	01:01:31.350		0.84138			4
2025.06.04	01:01:31.661	0.84121	0.84137			6
2025.06.04	01:01:32.027	0.84122	0.84138			6
2025.06.04	01:01:34.851	0.84123	0.84139			6
2025.06.04	01:01:40.432	0.84122	0.84138			6
2025.06.04	01:01:41.266		0.84139			4
2025.06.04	01:01:44.863		0.84140			4
2025.06.04	01:01:45.662	0.84123				2
2025.06.04	01:01:47.265	0.84126	0.84142			6
2025.06.04	01:01:49.191		0.84141			4
2025.06.04	01:01:50.349		0.84139			4
2025.06.04	01:01:50.816		0.84138			4
2025.06.04	01:01:52.355		0.84137			4
2025.06.04	01:01:55.036	0.84127				2
2025.06.04	01:02:00.039	0.84127	0.84138			6
2025.06.04	01:02:02.263		0.84140			4
2025.06.04	01:02:02.719		0.84138			4
2025.06.04	01:02:04.809	0.84126	0.84139			6
2025.06.04	01:02:09.464		0.84138			4
2025.06.04	01:02:11.596	0.84124	0.84139			6
2025.06.04	01:02:12.825	0.84125				2
2025.06.04	01:02:13.645	0.84122	0.84136			6
2025.06.04	01:02:14.166		0.84137			4
2025.06.04	01:02:14.793	0.84121	0.84136			6
2025.06.04	01:02:16.356	0.84122				2
2025.06.04	01:02:20.076	0.84123	0.84137			6
2025.06.04	01:02:22.998	0.84124	0.84138			6
2025.06.04	01:02:23.495	0.84123				2
2025.06.04	01:02:23.902		0.84137			4
2025.06.04	01:02:28.186	0.84122	0.84136			6
2025.06.04	01:02:32.717	0.84123	0.84137			6
2025.06.04	01:02:42.357	0.84122	0.84136			6
2025.06.04	01:02:47.005	0.84123	0.84137			6
2025.06.04	01:02:51.763	0.84122	0.84139			6
2025.06.04	01:02:52.247		0.84138			4
2025.06.04	01:02:57.475		0.84137			4
2025.06.04	01:03:00.163	0.84122				2
2025.06.04	01:03:02.438	0.84121	0.84138			6
2025.06.04	01:03:02.769	0.84120				2
2025.06.04	01:03:23.800	0.84119	0.84137			6
2025.06.04	01:03:39.352	0.84120				2
2025.06.04	01:03:43.489		0.84136			4
2025.06.04	01:03:45.125	0.84119				2
2025.06.04	01:03:49.897	0.84121				2
2025.06.04	01:03:51.500	0.84120				2
2025.06.04	01:04:01.166	0.84120				2
2025.06.04	01:04:04.175	0.84119				2
2025.06.04	01:04:08.994	0.84118	0.84135			6
2025.06.04	01:04:09.542	0.84119	0.84136			6
2025.06.04	01:04:20.848		0.84135			4
2025.06.04	01:04:30.645	0.84115	0.84130			6
2025.06.04	01:04:31.254		0.84129			4
2025.06.04	01:04:32.118	0.84120	0.84130			6
2025.06.04	01:04:42.617	0.84124				2
2025.06.04	01:04:43.791	0.84122				2
2025.06.04	01:04:45.225		0.84129			4
2025.06.04	01:04:56.115	0.84120	0.84126			6
2025.06.04	01:04:56.691	0.84121				2
2025.06.04	01:05:00.164	0.84121				2
2025.06.04	01:05:02.140	0.84123	0.84127			6
2025.06.04	01:05:03.431	0.84119				2
2025.06.04	01:05:04.818	0.84120				2
2025.06.04	01:05:06.366		0.84126			4
2025.06.04	01:05:12.755		0.84127			4
2025.06.04	01:05:23.564	0.84121				2
2025.06.04	01:05:23.879	0.84119	0.84126			6
2025.06.04	01:05:24.203		0.84127			4
2025.06.04	01:05:24.607	0.84117				2
2025.06.04	01:05:25.364		0.84126			4
2025.06.04	01:05:29.264		0.84125			4
2025.06.04	01:05:51.250	0.84118	0.84122			6
2025.06.04	01:05:51.559	0.84117	0.84120			6
2025.06.04	01:05:53.678		0.84122			4
2025.06.04	01:05:55.363		0.84121			4
2025.06.04	01:06:00.486	0.84115				2
2025.06.04	01:06:01.063		0.84122			4
2025.06.04	01:06:03.500	0.84111				2
2025.06.04	01:06:09.042	0.84109				2
2025.06.04	01:06:26.562		0.84121			4
2025.06.04	01:06:34.939	0.84110				2
2025.06.04	01:06:36.939	0.84109				2
2025.06.04	01:06:37.939	0.84110				2
2025.06.04	01:06:40.400	0.84109				2
2025.06.04	01:06:40.941	0.84110				2
2025.06.04	01:06:44.941	0.84109				2
2025.06.04	01:06:49.970	0.84110				2
2025.06.04	01:06:50.584	0.84111				2
2025.06.04	01:06:56.164	0.84110				2
2025.06.04	01:07:01.361	0.84110				2
2025.06.04	01:07:01.756	0.84111				2
2025.06.04	01:07:02.261		0.84122			4
2025.06.04	01:07:03.789	0.84113	0.84124			6
2025.06.04	01:07:04.119	0.84112				2
2025.06.04	01:07:05.262		0.84123			4
2025.06.04	01:07:06.415	0.84113				2
2025.06.04	01:07:07.362		0.84124			4
2025.06.04	01:07:13.199	0.84114				2
2025.06.04	01:07:26.965	0.84115	0.84127			6
2025.06.04	01:07:41.654		0.84126			4
2025.06.04	01:07:42.765		0.84125			4
2025.06.04	01:07:52.699	0.84113				2
2025.06.04	01:07:59.863	0.84114				2
2025.06.04	01:08:00.631	0.84114				2
2025.06.04	01:08:05.373	0.84113				2
2025.06.04	01:08:06.765	0.84114				2
2025.06.04	01:08:09.726	0.84112				2
2025.06.04	01:08:16.962	0.84113				2
2025.06.04	01:08:23.791	0.84112				2
2025.06.04	01:08:24.098	0.84111	0.84122			6
2025.06.04	01:08:29.864	0.84112	0.84123			6
2025.06.04	01:08:37.003		0.84122			4
2025.06.04	01:08:37.305	0.84111				2
2025.06.04	01:08:39.163	0.84109	0.84120			6
2025.06.04	01:08:39.479		0.84118			4
2025.06.04	01:08:40.036	0.84110				2
2025.06.04	01:08:51.628		0.84117			4
2025.06.04	01:08:58.418	0.84109	0.84113			6
2025.06.04	01:08:58.975		0.84114			4
2025.06.04	01:08:59.293		0.84116			4
2025.06.04	01:09:00.357	0.84109				2
2025.06.04	01:09:03.538		0.84115			4
2025.06.04	01:09:07.408	0.84110				2
2025.06.04	01:09:09.463	0.84108				2
2025.06.04	01:09:09.776	0.84110				2
2025.06.04	01:09:13.062		0.84116			4
2025.06.04	01:09:13.622	0.84108	0.84115			6
2025.06.04	01:09:14.543		0.84116			4
2025.06.04	01:09:15.161		0.84115			4
2025.06.04	01:09:54.148	0.84107				2
2025.06.04	01:10:00.417	0.84107				2
2025.06.04	01:10:01.973	0.84106				2
2025.06.04	01:10:02.564		0.84114			4
2025.06.04	01:10:12.047	0.84108				2
2025.06.04	01:10:13.061		0.84115			4
2025.06.04	01:10:18.982	0.84106				2
2025.06.04	01:10:19.364		0.84114			4
2025.06.04	01:10:23.378	0.84107	0.84115			6
2025.06.04	01:10:26.008	0.84105				2
2025.06.04	01:10:26.377		0.84114			4
2025.06.04	01:10:27.251	0.84107	0.84115			6
2025.06.04	01:10:27.718		0.84116			4
2025.06.04	01:10:31.128		0.84115			4
2025.06.04	01:10:51.321	0.84108	0.84116			6
2025.06.04	01:11:01.365	0.84108	0.84117			6
2025.06.04	01:11:02.409		0.84116			4
2025.06.04	01:11:07.733	0.84106	0.84115			6
2025.06.04	01:11:12.392	0.84108				2
2025.06.04	01:11:13.406	0.84106				2
2025.06.04	01:11:13.724		0.84114			4
2025.06.04	01:11:20.262		0.84115			4
2025.06.04	01:11:32.561	0.84107				2
2025.06.04	01:11:45.468	0.84106				2
2025.06.04	01:11:47.517	0.84107				2
2025.06.04	01:11:55.661	0.84106				2
2025.06.04	01:11:59.782	0.84107				2
2025.06.04	01:12:00.848	0.84107				2
2025.06.04	01:12:06.507	0.84109	0.84116			6
2025.06.04	01:12:08.560	0.84110				2
2025.06.04	01:12:12.888	0.84108				2
2025.06.04	01:12:38.217	0.84110				2
2025.06.04	01:13:00.471	0.84110				2
2025.06.04	01:13:09.466		0.84116			4
2025.06.04	01:13:13.422		0.84117			4
2025.06.04	01:13:17.147	0.84112	0.84120			6
2025.06.04	01:13:17.457		0.84121			4
2025.06.04	01:13:19.456	0.84113				2
2025.06.04	01:13:26.276		0.84122			4
2025.06.04	01:14:00.317	0.84113				2
2025.06.04	01:14:09.463		0.84121			4
2025.06.04	01:14:11.742	0.84112	0.84120			6
2025.06.04	01:14:12.166		0.84121			4
2025.06.04	01:14:17.519		0.84120			4
2025.06.04	01:14:22.063		0.84121			4
2025.06.04	01:14:23.726		0.84120			4
2025.06.04	01:14:26.992	0.84111				2
2025.06.04	01:14:32.569		0.84119			4
2025.06.04	01:14:45.725		0.84120			4
2025.06.04	01:14:46.579		0.84119			4
2025.06.04	01:15:00.372	0.84111				2
2025.06.04	01:15:01.104	0.84110				2
2025.06.04	01:15:02.177		0.84120			4
2025.06.04	01:15:02.486		0.84119			4
2025.06.04	01:15:02.858	0.84111				2
2025.06.04	01:15:03.160	0.84110				2
2025.06.04	01:15:03.486	0.84111				2
2025.06.04	01:15:06.930		0.84120			4
2025.06.04	01:15:08.563		0.84119			4
2025.06.04	01:15:24.790		0.84120			4
2025.06.04	01:15:25.528	0.84112				2
2025.06.04	01:15:26.528	0.84114				2
2025.06.04	01:15:28.580	0.84112	0.84119			6
2025.06.04	01:15:29.919	0.84111				2
2025.06.04	01:15:39.225	0.84112				2
2025.06.04	01:15:45.571	0.84113				2
2025.06.04	01:15:51.350		0.84118			4
2025.06.04	01:15:54.823	0.84114	0.84120			6
2025.06.04	01:15:56.403		0.84119			4
2025.06.04	01:16:00.162	0.84116				2
2025.06.04	01:16:12.001	0.84114	0.84120			6
2025.06.04	01:16:12.358	0.84116	0.84119			6
2025.06.04	01:16:17.443		0.84120			4
2025.06.04	01:16:21.383		0.84121			4
2025.06.04	01:16:30.493		0.84120			4
2025.06.04	01:17:00.471	0.84116				2
2025.06.04	01:17:21.044	0.84114	0.84119			6
2025.06.04	01:17:23.800	0.84115	0.84120			6
2025.06.04	01:17:24.157	0.84116				2
2025.06.04	01:17:24.843		0.84121			4
2025.06.04	01:17:30.834		0.84120			4
2025.06.04	01:17:31.900		0.84121			4
2025.06.04	01:17:32.203		0.84120			4
2025.06.04	01:17:56.022	0.84118	0.84123			6
2025.06.04	01:17:58.403		0.84122			4
2025.06.04	01:18:00.556	0.84118				2
2025.06.04	01:18:09.618		0.84123			4
2025.06.04	01:18:15.762		0.84122			4
2025.06.04	01:18:24.236		0.84123			4
2025.06.04	01:18:25.669		0.84122			4
2025.06.04	01:18:27.987		0.84124			4
2025.06.04	01:18:28.298		0.84123			4
2025.06.04	01:18:44.271		0.84124			4
2025.06.04	01:18:57.551	0.84119				2
2025.06.04	01:19:00.351	0.84119				2
2025.06.04	01:19:03.400		0.84123			4
2025.06.04	01:19:04.804		0.84124			4
2025.06.04	01:19:05.203		0.84123			4
2025.06.04	01:19:05.600		0.84124			4
2025.06.04	01:19:06.892		0.84123			4
2025.06.04	01:19:08.597		0.84124			4
2025.06.04	01:19:12.537		0.84123			4
2025.06.04	01:19:12.900		0.84124			4
2025.06.04	01:19:15.582		0.84123			4
2025.06.04	01:19:16.012		0.84124			4
2025.06.04	01:19:19.216		0.84123			4
2025.06.04	01:19:19.641		0.84124			4
2025.06.04	01:19:22.652		0.84123			4
2025.06.04	01:19:23.703		0.84124			4
2025.06.04	01:19:24.851		0.84123			4
2025.06.04	01:19:25.256		0.84124			4
2025.06.04	01:19:26.742		0.84123			4
2025.06.04	01:19:27.265		0.84124			4
2025.06.04	01:19:28.777		0.84123			4
2025.06.04	01:19:29.912		0.84124			4
2025.06.04	01:19:31.277		0.84123			4
2025.06.04	01:19:31.877		0.84124			4
2025.06.04	01:19:32.839		0.84123			4
2025.06.04	01:19:33.857		0.84124			4
2025.06.04	01:19:36.002		0.84123			4
2025.06.04	01:19:36.903		0.84124			4
2025.06.04	01:19:38.931		0.84123			4
2025.06.04	01:19:39.390		0.84124			4
2025.06.04	01:19:40.962		0.84123			4
2025.06.04	01:19:41.497		0.84124			4
2025.06.04	01:19:41.843		0.84123			4
2025.06.04	01:19:42.424		0.84124			4
2025.06.04	01:19:42.988		0.84123			4
2025.06.04	01:19:44.017		0.84124			4
2025.06.04	01:19:44.348		0.84123			4
2025.06.04	01:19:45.346		0.84124			4
2025.06.04	01:19:47.050		0.84123			4
2025.06.04	01:19:47.364		0.84124			4
2025.06.04	01:19:49.070		0.84123			4
2025.06.04	01:19:52.057		0.84124			4
2025.06.04	01:19:52.636		0.84123			4
2025.06.04	01:19:53.080		0.84124			4
2025.06.04	01:19:54.161		0.84123			4
2025.06.04	01:19:54.766		0.84124			4
2025.06.04	01:19:55.178		0.84123			4
2025.06.04	01:20:00.381	0.84119				2
2025.06.04	01:20:01.818		0.84124			4
2025.06.04	01:20:03.661		0.84123			4
2025.06.04	01:20:14.693		0.84124			4
2025.06.04	01:20:18.481		0.84123			4
2025.06.04	01:20:19.961		0.84124			4
2025.06.04	01:20:23.172		0.84122			4
2025.06.04	01:20:24.639		0.84123			4
2025.06.04	01:20:25.064		0.84122			4
2025.06.04	01:20:40.061		0.84123			4
2025.06.04	01:20:41.710	0.84118	0.84122			6
2025.06.04	01:20:43.726		0.84121			4
2025.06.04	01:20:54.962		0.84122			4
2025.06.04	01:21:00.335	0.84118				2
2025.06.04	01:21:00.972		0.84121			4
2025.06.04	01:21:11.349	0.84116				2
2025.06.04	01:21:15.675		0.84120			4
2025.06.04	01:21:19.064		0.84119			4
2025.06.04	01:21:21.322		0.84120			4
2025.06.04	01:21:27.363		0.84118			4
2025.06.04	01:21:27.670	0.84114				2
2025.06.04	01:21:48.397		0.84119			4
2025.06.04	01:22:00.283	0.84114	0.84118			6
2025.06.04	01:22:08.123		0.84119			4
2025.06.04	01:22:08.994		0.84118			4
2025.06.04	01:22:55.185	0.84113	0.84117			6
2025.06.04	01:22:55.595	0.84114	0.84118			6
2025.06.04	01:23:01.031	0.84114				2
2025.06.04	01:23:26.988	0.84113				2
2025.06.04	01:23:27.559		0.84117			4
2025.06.04	01:23:40.061		0.84116			4
2025.06.04	01:23:43.966		0.84115			4
2025.06.04	01:23:45.200		0.84116			4
2025.06.04	01:24:00.855	0.84113				2
2025.06.04	01:24:37.504	0.84112	0.84115			6
2025.06.04	01:24:44.863		0.84116			4
2025.06.04	01:24:48.196		0.84117			4
2025.06.04	01:24:59.262		0.84116			4
2025.06.04	01:25:00.570	0.84112	0.84117			6
2025.06.04	01:25:05.453	0.84113				2
2025.06.04	01:25:07.596		0.84116			4
2025.06.04	01:25:07.933		0.84117			4
2025.06.04	01:25:09.736		0.84116			4
2025.06.04	01:25:23.561		0.84115			4
2025.06.04	01:25:25.679	0.84110	0.84113			6
2025.06.04	01:25:25.999	0.84108	0.84112			6
2025.06.04	01:26:00.204	0.84108				2
2025.06.04	01:26:08.243	0.84107	0.84113			6
2025.06.04	01:26:08.558		0.84112			4
2025.06.04	01:26:18.436	0.84108	0.84113			6
2025.06.04	01:26:18.739	0.84107				2
2025.06.04	01:26:19.064	0.84108				2
2025.06.04	01:26:27.603	0.84107				2
2025.06.04	01:26:32.561	0.84108				2
2025.06.04	01:26:34.963	0.84107				2
2025.06.04	01:26:38.861	0.84108				2
2025.06.04	01:26:39.966	0.84109				2
2025.06.04	01:26:40.298		0.84114			4
2025.06.04	01:26:40.931		0.84113			4
2025.06.04	01:26:41.316	0.84108				2
2025.06.04	01:27:00.455	0.84108				2
2025.06.04	01:27:02.210		0.84114			4
2025.06.04	01:27:17.411		0.84113			4
2025.06.04	01:27:20.507	0.84107				2
2025.06.04	01:27:55.457	0.84108				2
2025.06.04	01:28:00.762	0.84108				2
2025.06.04	01:28:17.920		0.84113			4
2025.06.04	01:28:33.786		0.84114			4
2025.06.04	01:28:40.069		0.84113			4
2025.06.04	01:28:43.176	0.84107				2
2025.06.04	01:28:48.032	0.84106	0.84114			6
2025.06.04	01:28:49.591	0.84107	0.84113			6
2025.06.04	01:29:00.253	0.84111	0.84114			6
2025.06.04	01:29:00.553	0.84107	0.84113			6
2025.06.04	01:29:33.101	0.84108				2
2025.06.04	01:30:00.306	0.84108				2
2025.06.04	01:30:00.731		0.84113			4
2025.06.04	01:30:02.242	0.84110	0.84111			6
2025.06.04	01:30:02.855	0.84112	0.84113			6
2025.06.04	01:30:03.160	0.84111	0.84112			6
2025.06.04	01:30:04.676	0.84109	0.84113			6
2025.06.04	01:30:06.461		0.84114			4
2025.06.04	01:30:07.435	0.84110				2
2025.06.04	01:30:12.236	0.84109				2
2025.06.04	01:30:13.833	0.84110				2
2025.06.04	01:30:18.249	0.84109				2
2025.06.04	01:30:23.922	0.84110				2
2025.06.04	01:30:58.230		0.84115			4
2025.06.04	01:30:58.531		0.84114			4
2025.06.04	01:30:58.838	0.84109				2
2025.06.04	01:31:01.016	0.84109				2
2025.06.04	01:31:02.144	0.84111	0.84115			6
2025.06.04	01:31:10.212		0.84114			4
2025.06.04	01:31:12.667		0.84113			4
2025.06.04	01:31:20.193	0.84112				2
2025.06.04	01:31:24.780	0.84109	0.84114			6
2025.06.04	01:31:25.084	0.84110				2
2025.06.04	01:31:25.601	0.84109				2
2025.06.04	01:31:27.757	0.84111				2
2025.06.04	01:31:28.061	0.84110	0.84116			6
2025.06.04	01:31:28.385		0.84115			4
2025.06.04	01:31:30.787	0.84111				2
2025.06.04	01:31:37.007		0.84114			4
2025.06.04	01:31:50.979	0.84110				2
2025.06.04	01:31:52.661	0.84111				2
2025.06.04	01:32:02.660	0.84111				2
2025.06.04	01:32:21.693		0.84116			4
2025.06.04	01:32:37.174	0.84110	0.84114			6
2025.06.04	01:32:49.115	0.84112	0.84116			6
2025.06.04	01:32:49.434	0.84111				2
2025.06.04	01:32:49.763		0.84115			4
2025.06.04	01:33:00.571	0.84111				2
2025.06.04	01:33:03.176	0.84112	0.84116			6
2025.06.04	01:33:20.081	0.84111	0.84115			6
2025.06.04	01:33:25.345	0.84112	0.84116			6
2025.06.04	01:33:32.686	0.84113	0.84117			6
2025.06.04	01:33:56.133	0.84114				2
2025.06.04	01:33:56.862	0.84113				2
2025.06.04	01:34:01.062	0.84113				2
2025.06.04	01:34:05.718	0.84114	0.84118			6
2025.06.04	01:34:24.483	0.84113	0.84117			6
2025.06.04	01:34:28.352	0.84114	0.84118			6
2025.06.04	01:34:39.024	0.84113	0.84117			6
2025.06.04	01:34:41.868	0.84116	0.84119			6
2025.06.04	01:34:45.078	0.84117				2
2025.06.04	01:35:02.525	0.84117				2
2025.06.04	01:35:43.961		0.84119			4
2025.06.04	01:36:06.685	0.84117				2
2025.06.04	01:36:07.082		0.84120			4
2025.06.04	01:36:18.004	0.84120	0.84122			6
2025.06.04	01:36:36.135	0.84119				2
2025.06.04	01:37:00.372	0.84116	0.84120			6
2025.06.04	01:37:01.100	0.84115	0.84118			6
2025.06.04	01:37:03.981	0.84118	0.84121			6
2025.06.04	01:37:04.287		0.84120			4
2025.06.04	01:37:08.166	0.84117				2
2025.06.04	01:37:55.714		0.84119			4
2025.06.04	01:37:57.019		0.84121			4
2025.06.04	01:37:57.858		0.84120			4
2025.06.04	01:37:59.019		0.84121			4
2025.06.04	01:37:59.375		0.84120			4
2025.06.04	01:37:59.719		0.84121			4
2025.06.04	01:38:00.290	0.84117				2
2025.06.04	01:38:14.929		0.84119			4
2025.06.04	01:38:15.786		0.84120			4
2025.06.04	01:38:16.976		0.84119			4
2025.06.04	01:38:18.564	0.84115	0.84118			6
2025.06.04	01:38:20.047		0.84120			4
2025.06.04	01:38:20.892		0.84119			4
2025.06.04	01:38:22.353		0.84117			4
2025.06.04	01:38:34.874		0.84118			4
2025.06.04	01:38:36.824	0.84116	0.84119			6
2025.06.04	01:38:40.663	0.84115				2
2025.06.04	01:38:45.161	0.84116				2
2025.06.04	01:38:49.431	0.84115				2
2025.06.04	01:38:50.733		0.84118			4
2025.06.04	01:38:58.662	0.84116	0.84120			6
2025.06.04	01:38:58.979	0.84118	0.84121			6
2025.06.04	01:39:00.365	0.84118				2
2025.06.04	01:39:04.134	0.84120	0.84122			6
2025.06.04	01:39:07.311		0.84121			4
2025.06.04	01:39:12.061	0.84118	0.84120			6
2025.06.04	01:39:19.786	0.84120	0.84121			6
2025.06.04	01:39:29.810	0.84119	0.84120			6
2025.06.04	01:39:34.410		0.84121			4
2025.06.04	01:39:51.296	0.84118				2
2025.06.04	01:39:54.465	0.84117				2
2025.06.04	01:40:00.464	0.84117				2
2025.06.04	01:40:31.364	0.84118				2
2025.06.04	01:40:34.109	0.84117	0.84119			6
2025.06.04	01:40:36.565	0.84118	0.84121			6
2025.06.04	01:40:38.142		0.84120			4
2025.06.04	01:40:43.857		0.84121			4
2025.06.04	01:40:55.210		0.84120			4
2025.06.04	01:41:02.562	0.84118				2
2025.06.04	01:41:16.487	0.84117	0.84121			6
2025.06.04	01:41:19.334		0.84119			4
2025.06.04	01:41:35.814	0.84118	0.84121			6
2025.06.04	01:41:45.698	0.84117				2
2025.06.04	01:42:00.230	0.84118	0.84120			6
2025.06.04	01:42:17.159	0.84120	0.84121			6
2025.06.04	01:42:20.263	0.84119				2
2025.06.04	01:42:33.162	0.84120				2
2025.06.04	01:42:42.636	0.84116	0.84119			6
2025.06.04	01:42:45.806		0.84118			4
2025.06.04	01:43:01.680	0.84116				2
2025.06.04	01:43:09.733	0.84117	0.84119			6
2025.06.04	01:43:13.462	0.84118				2
2025.06.04	01:43:14.511	0.84115	0.84118			6
2025.06.04	01:43:34.362	0.84114				2
2025.06.04	01:43:42.858	0.84115				2
2025.06.04	01:43:52.832		0.84119			4
2025.06.04	01:43:54.620		0.84118			4
2025.06.04	01:44:01.163	0.84115				2
2025.06.04	01:44:10.027	0.84117	0.84119			6
2025.06.04	01:44:20.362		0.84118			4
2025.06.04	01:44:35.617	0.84118	0.84119			6
2025.06.04	01:44:41.562	0.84117	0.84118			6
2025.06.04	01:44:58.962	0.84118	0.84119			6
2025.06.04	01:45:01.322	0.84118				2
2025.06.04	01:45:02.417		0.84121			4
2025.06.04	01:45:02.883		0.84119			4
2025.06.04	01:45:13.961	0.84117	0.84118			6
2025.06.04	01:45:19.636	0.84118	0.84120			6
2025.06.04	01:45:20.033		0.84121			4
2025.06.04	01:45:20.737		0.84120			4
2025.06.04	01:45:25.963		0.84121			4
2025.06.04	01:45:26.279		0.84120			4
2025.06.04	01:45:33.127	0.84120	0.84121			6
2025.06.04	01:46:00.040	0.84120	0.84122			6
2025.06.04	01:46:01.321	0.84119	0.84121			6
2025.06.04	01:46:05.558		0.84122			4
2025.06.04	01:46:07.189	0.84118				2
2025.06.04	01:46:10.018	0.84120				2
2025.06.04	01:46:26.942	0.84117	0.84121			6
2025.06.04	01:46:32.956	0.84120	0.84122			6
2025.06.04	01:46:34.030	0.84118	0.84121			6
2025.06.04	01:46:50.178	0.84119				2
2025.06.04	01:47:00.927	0.84119				2
2025.06.04	01:47:01.361	0.84120				2
2025.06.04	01:47:03.058	0.84118				2
2025.06.04	01:47:09.467	0.84119				2
2025.06.04	01:47:15.883	0.84117	0.84119			6
2025.06.04	01:47:25.213	0.84118				2
2025.06.04	01:47:30.447	0.84117				2
2025.06.04	01:47:30.759	0.84118				2
2025.06.04	01:47:46.968	0.84117				2
2025.06.04	01:47:55.099	0.84118	0.84121			6
2025.06.04	01:47:59.240	0.84117	0.84119			6
2025.06.04	01:48:00.345	0.84117				2
2025.06.04	01:48:02.150	0.84118	0.84120			6
2025.06.04	01:48:13.344		0.84119			4
2025.06.04	01:48:16.966	0.84117				2
2025.06.04	01:48:21.582		0.84120			4
2025.06.04	01:48:21.939		0.84121			4
2025.06.04	01:48:22.511	0.84118				2
2025.06.04	01:48:22.875	0.84117				2
2025.06.04	01:48:23.177	0.84118				2
2025.06.04	01:48:46.456	0.84120				2
2025.06.04	01:49:02.049	0.84120				2
2025.06.04	01:49:03.882	0.84119				2
2025.06.04	01:49:12.513	0.84118				2
2025.06.04	01:49:25.385		0.84121			4
2025.06.04	01:49:37.724	0.84120				2
2025.06.04	01:50:01.711	0.84120				2
2025.06.04	01:50:07.177	0.84118				2
2025.06.04	01:50:30.850		0.84121			4
2025.06.04	01:50:47.992	0.84119				2
2025.06.04	01:50:50.923	0.84118				2
2025.06.04	01:51:00.190	0.84118				2
2025.06.04	01:51:30.853		0.84121			4
2025.06.04	01:51:41.447		0.84120			4
2025.06.04	01:51:42.372		0.84121			4
2025.06.04	01:51:45.085	0.84115	0.84117			6
2025.06.04	01:51:58.249	0.84117	0.84118			6
2025.06.04	01:52:01.062	0.84117				2
2025.06.04	01:52:24.988	0.84116				2
2025.06.04	01:52:31.113		0.84117			4
2025.06.04	01:52:36.353	0.84117	0.84118			6
2025.06.04	01:52:40.710	0.84116	0.84117			6
2025.06.04	01:52:47.020	0.84117	0.84118			6
2025.06.04	01:53:01.065	0.84117				2
2025.06.04	01:53:01.423	0.84118	0.84119			6
2025.06.04	01:53:01.774		0.84122			4
2025.06.04	01:53:02.878		0.84121			4
2025.06.04	01:53:07.466	0.84117				2
2025.06.04	01:53:08.317		0.84120			4
2025.06.04	01:53:10.471		0.84121			4
2025.06.04	01:53:11.571		0.84120			4
2025.06.04	01:53:21.372		0.84121			4
2025.06.04	01:53:30.959	0.84119				2
2025.06.04	01:53:36.100		0.84122			4
2025.06.04	01:53:36.420	0.84117				2
2025.06.04	01:53:37.957	0.84118				2
2025.06.04	01:53:40.083	0.84117	0.84121			6
2025.06.04	01:53:40.398	0.84118				2
2025.06.04	01:53:45.923	0.84117	0.84120			6
2025.06.04	01:53:46.227		0.84121			4
2025.06.04	01:53:46.898	0.84118	0.84120			6
2025.06.04	01:53:47.260	0.84117	0.84121			6
2025.06.04	01:54:01.525	0.84117				2
2025.06.04	01:54:23.380	0.84118	0.84120			6
2025.06.04	01:54:26.157	0.84117				2
2025.06.04	01:54:36.348		0.84121			4
2025.06.04	01:54:38.944		0.84120			4
2025.06.04	01:54:50.355		0.84121			4
2025.06.04	01:55:05.601	0.84117				2
2025.06.04	01:55:06.374	0.84118				2
2025.06.04	01:55:10.986		0.84120			4
2025.06.04	01:55:15.163	0.84117				2
2025.06.04	01:55:21.205	0.84119				2
2025.06.04	01:55:22.658	0.84118				2
2025.06.04	01:55:23.606	0.84119				2
2025.06.04	01:55:44.250	0.84118	0.84119			6
2025.06.04	01:55:47.383		0.84120			4
2025.06.04	01:55:54.307		0.84121			4
2025.06.04	01:55:57.582		0.84120			4
2025.06.04	01:55:58.075		0.84121			4
2025.06.04	01:56:00.186	0.84118				2
2025.06.04	01:56:01.413		0.84120			4
2025.06.04	01:56:01.730		0.84121			4
2025.06.04	01:56:04.833		0.84120			4
2025.06.04	01:56:05.594		0.84121			4
2025.06.04	01:56:21.346	0.84117	0.84118			6
2025.06.04	01:56:31.346		0.84119			4
2025.06.04	01:56:31.714		0.84118			4
2025.06.04	01:56:34.915		0.84119			4
2025.06.04	01:56:35.361		0.84118			4
2025.06.04	01:56:37.182		0.84120			4
2025.06.04	01:56:50.378		0.84119			4
2025.06.04	01:57:00.150	0.84117				2
2025.06.04	01:57:09.310		0.84120			4
2025.06.04	01:57:15.775		0.84119			4
2025.06.04	01:57:16.087		0.84120			4
2025.06.04	01:57:30.464	0.84118	0.84121			6
2025.06.04	01:57:58.550	0.84117	0.84120			6
2025.06.04	01:58:00.178	0.84117				2
2025.06.04	01:58:12.110	0.84118	0.84121			6
2025.06.04	01:58:27.572		0.84120			4
2025.06.04	01:58:29.068		0.84121			4
2025.06.04	01:58:30.582	0.84117				2
2025.06.04	01:58:41.373		0.84120			4
2025.06.04	01:58:41.849		0.84121			4
2025.06.04	01:58:48.674	0.84119				2
2025.06.04	01:58:49.718	0.84118				2
2025.06.04	01:58:51.973		0.84120			4
2025.06.04	01:59:01.878	0.84118	0.84121			6
2025.06.04	01:59:03.161	0.84117				2
2025.06.04	01:59:09.634		0.84120			4
2025.06.04	01:59:10.671		0.84119			4
2025.06.04	01:59:12.510	0.84118				2
2025.06.04	01:59:19.034		0.84120			4
2025.06.04	01:59:35.870	0.84119				2
2025.06.04	01:59:39.191	0.84118				2
2025.06.04	01:59:51.022	0.84119				2
2025.06.04	01:59:58.847		0.84121			4
2025.06.04	02:00:00.378	0.84119	0.84120			6
2025.06.04	02:00:03.873	0.84118				2
2025.06.04	02:00:04.241	0.84119				2
2025.06.04	02:00:06.010	0.84118				2
2025.06.04	02:00:06.381	0.84119				2
2025.06.04	02:00:14.395	0.84121	0.84122			6
2025.06.04	02:00:27.396	0.84120	0.84121			6
2025.06.04	02:00:30.386	0.84118	0.84119			6
2025.06.04	02:00:30.706	0.84119	0.84120			6
2025.06.04	02:00:43.028	0.84120	0.84121			6
2025.06.04	02:00:50.663	0.84119	0.84120			6
2025.06.04	02:00:52.214		0.84121			4
2025.06.04	02:00:53.416	0.84120				2
2025.06.04	02:00:58.801	0.84118	0.84119			6
2025.06.04	02:01:00.604	0.84118				2
2025.06.04	02:01:05.993	0.84120	0.84121			6
2025.06.04	02:01:24.255	0.84122	0.84123			6
2025.06.04	02:01:25.062	0.84121	0.84122			6
2025.06.04	02:01:25.569	0.84120	0.84121			6
2025.06.04	02:01:43.951	0.84121	0.84122			6
2025.06.04	02:01:52.664	0.84120	0.84121			6
2025.06.04	02:01:56.518	0.84121	0.84122			6
2025.06.04	02:02:01.044	0.84121				2
2025.06.04	02:02:16.536	0.84120	0.84121			6
2025.06.04	02:02:16.838	0.84119				2
2025.06.04	02:02:18.310		0.84120			4
2025.06.04	02:02:19.650	0.84118				2
2025.06.04	02:02:21.325	0.84117				2
2025.06.04	02:02:22.390	0.84118				2
2025.06.04	02:02:24.078	0.84121	0.84122			6
2025.06.04	02:02:25.776	0.84120	0.84121			6
2025.06.04	02:02:26.199	0.84121	0.84122			6
2025.06.04	02:02:30.593	0.84122	0.84123			6
2025.06.04	02:02:37.908	0.84121	0.84122			6
2025.06.04	02:02:41.205	0.84122	0.84123			6
2025.06.04	02:02:42.330	0.84121	0.84122			6
2025.06.04	02:02:55.963	0.84120	0.84121			6
2025.06.04	02:03:00.557	0.84121	0.84122			6
2025.06.04	02:03:01.129	0.84120	0.84121			6
2025.06.04	02:03:04.961	0.84119				2
2025.06.04	02:03:07.441	0.84120				2
2025.06.04	02:03:17.122	0.84117	0.84119			6
2025.06.04	02:03:25.057		0.84120			4
2025.06.04	02:03:42.259	0.84118				2
2025.06.04	02:03:43.698		0.84119			4
2025.06.04	02:03:51.800		0.84120			4
2025.06.04	02:03:53.384	0.84117				2
2025.06.04	02:04:00.634	0.84117	0.84119			6
2025.06.04	02:04:07.363	0.84118				2
2025.06.04	02:04:08.710		0.84120			4
2025.06.04	02:04:09.167		0.84119			4
2025.06.04	02:05:00.371	0.84118				2
2025.06.04	02:05:09.792		0.84119			4
2025.06.04	02:05:23.809	0.84119	0.84120			6
2025.06.04	02:05:24.120	0.84118	0.84119			6
2025.06.04	02:05:42.785	0.84119	0.84120			6
2025.06.04	02:05:43.120	0.84118	0.84119			6
2025.06.04	02:05:45.526	0.84119	0.84120			6
2025.06.04	02:05:46.164	0.84120	0.84121			6
2025.06.04	02:05:53.415	0.84118	0.84119			6
2025.06.04	02:06:01.061	0.84118				2
2025.06.04	02:06:02.294		0.84120			4
2025.06.04	02:06:15.997	0.84119				2
2025.06.04	02:06:16.344	0.84120	0.84121			6
2025.06.04	02:06:18.288	0.84118	0.84120			6
2025.06.04	02:06:34.349	0.84117	0.84119			6
2025.06.04	02:06:38.430	0.84118				2
2025.06.04	02:06:41.131		0.84120			4
2025.06.04	02:06:46.422	0.84117	0.84119			6
2025.06.04	02:06:47.563		0.84120			4
2025.06.04	02:06:57.292		0.84119			4
2025.06.04	02:07:00.154	0.84117				2
2025.06.04	02:07:04.564	0.84118				2
2025.06.04	02:07:35.823	0.84117				2
2025.06.04	02:07:45.841		0.84118			4
2025.06.04	02:08:00.089	0.84117				2
2025.06.04	02:08:02.178	0.84116				2
2025.06.04	02:08:25.241	0.84117				2
2025.06.04	02:08:36.737	0.84116				2
2025.06.04	02:08:37.040	0.84117				2
2025.06.04	02:08:37.453	0.84116	0.84117			6
2025.06.04	02:08:40.217	0.84117	0.84118			6
2025.06.04	02:08:47.294		0.84119			4
2025.06.04	02:08:48.879	0.84115	0.84118			6
2025.06.04	02:08:52.948		0.84117			4
2025.06.04	02:08:57.807		0.84116			4
2025.06.04	02:09:06.813	0.84115				2
2025.06.04	02:09:07.547	0.84116	0.84118			6
2025.06.04	02:09:07.971	0.84115				2
2025.06.04	02:09:17.384	0.84116				2
2025.06.04	02:09:18.288	0.84115				2
2025.06.04	02:09:25.877	0.84116				2
2025.06.04	02:09:31.431	0.84115				2
2025.06.04	02:09:42.159	0.84117	0.84119			6
2025.06.04	02:09:57.291	0.84116	0.84118			6
2025.06.04	02:09:58.316	0.84118	0.84120			6
2025.06.04	02:10:00.653	0.84119				2
2025.06.04	02:10:01.500	0.84118				2
2025.06.04	02:10:29.561	0.84117	0.84119			6
2025.06.04	02:10:34.593	0.84115	0.84116			6
2025.06.04	02:10:36.701		0.84118			4
2025.06.04	02:11:00.815	0.84115				2
2025.06.04	02:11:29.054	0.84116				2
2025.06.04	02:11:37.056		0.84118			4
2025.06.04	02:11:43.627	0.84115				2
2025.06.04	02:12:00.559	0.84115				2
2025.06.04	02:12:17.768	0.84117				2
2025.06.04	02:12:19.165		0.84119			4
2025.06.04	02:12:38.983	0.84116	0.84117			6
2025.06.04	02:12:39.306		0.84119			4
2025.06.04	02:12:47.843		0.84118			4
2025.06.04	02:12:49.108		0.84117			4
2025.06.04	02:12:51.980		0.84119			4
2025.06.04	02:12:54.663	0.84115	0.84117			6
2025.06.04	02:12:56.812	0.84116	0.84118			6
2025.06.04	02:13:00.208	0.84116				2
2025.06.04	02:13:00.562		0.84117			4
2025.06.04	02:13:00.887		0.84119			4
2025.06.04	02:13:05.245		0.84117			4
2025.06.04	02:13:05.559		0.84118			4
2025.06.04	02:13:07.408	0.84115	0.84117			6
2025.06.04	02:13:08.740		0.84118			4
2025.06.04	02:13:09.652		0.84117			4
2025.06.04	02:13:10.173	0.84116	0.84118			6
2025.06.04	02:13:11.551		0.84117			4
2025.06.04	02:13:17.061	0.84115				2
2025.06.04	02:13:44.369		0.84118			4
2025.06.04	02:13:47.505	0.84116				2
2025.06.04	02:13:52.444	0.84111	0.84112			6
2025.06.04	02:13:52.889	0.84112	0.84113			6
2025.06.04	02:13:55.757	0.84113	0.84114			6
2025.06.04	02:14:00.102	0.84113				2
2025.06.04	02:14:07.367	0.84112	0.84113			6
2025.06.04	02:14:31.323	0.84113	0.84114			6
2025.06.04	02:14:44.706	0.84111	0.84112			6
2025.06.04	02:14:52.511		0.84113			4
2025.06.04	02:14:54.709		0.84114			4
2025.06.04	02:14:59.268	0.84112				2
2025.06.04	02:15:00.721	0.84112				2
2025.06.04	02:15:01.552		0.84113			4
2025.06.04	02:15:01.861	0.84113	0.84114			6
2025.06.04	02:15:11.989	0.84112	0.84113			6
2025.06.04	02:15:23.328		0.84114			4
2025.06.04	02:15:42.214	0.84113	0.84115			6
2025.06.04	02:15:42.987		0.84114			4
2025.06.04	02:15:46.368	0.84112				2
2025.06.04	02:15:49.516		0.84115			4
2025.06.04	02:15:59.316	0.84113				2
2025.06.04	02:16:01.374	0.84113				2
2025.06.04	02:16:02.573		0.84114			4
2025.06.04	02:16:05.572	0.84114	0.84116			6
2025.06.04	02:16:07.307		0.84117			4
2025.06.04	02:16:07.640		0.84116			4
2025.06.04	02:16:24.325	0.84113	0.84115			6
2025.06.04	02:16:29.691		0.84114			4
2025.06.04	02:16:31.468		0.84115			4
2025.06.04	02:16:33.143	0.84115	0.84117			6
2025.06.04	02:16:33.825	0.84114				2
2025.06.04	02:16:44.809		0.84116			4
2025.06.04	02:16:57.369	0.84115	0.84118			6
2025.06.04	02:17:01.781	0.84116	0.84117			6
2025.06.04	02:17:02.345	0.84117	0.84120			6
2025.06.04	02:17:05.412	0.84116				2
2025.06.04	02:17:06.625		0.84119			4
2025.06.04	02:17:14.234	0.84115	0.84118			6
2025.06.04	02:17:19.260		0.84119			4
2025.06.04	02:17:26.560	0.84116				2
2025.06.04	02:17:40.051	0.84115	0.84117			6
2025.06.04	02:17:40.420		0.84118			4
2025.06.04	02:17:43.997		0.84119			4
2025.06.04	02:18:00.119	0.84115				2
2025.06.04	02:18:00.933		0.84117			4
2025.06.04	02:18:01.240		0.84118			4
2025.06.04	02:18:11.152	0.84116				2
2025.06.04	02:18:18.106	0.84114				2
2025.06.04	02:18:27.796	0.84116				2
2025.06.04	02:18:28.100		0.84119			4
2025.06.04	02:18:28.834	0.84114	0.84118			6
2025.06.04	02:18:29.687		0.84117			4
2025.06.04	02:18:30.385		0.84118			4
2025.06.04	02:18:34.710	0.84113	0.84116			6
2025.06.04	02:18:35.082		0.84115			4
2025.06.04	02:18:39.672		0.84116			4
2025.06.04	02:19:00.874	0.84113				2
2025.06.04	02:19:08.951	0.84112	0.84115			6
2025.06.04	02:19:11.699		0.84116			4
2025.06.04	02:19:13.325		0.84115			4
2025.06.04	02:19:23.448	0.84113				2
2025.06.04	02:19:57.264	0.84112				2
2025.06.04	02:20:00.058	0.84112				2
2025.06.04	02:20:00.378	0.84113				2
2025.06.04	02:20:06.843	0.84114	0.84116			6
2025.06.04	02:20:14.818	0.84115	0.84117			6
2025.06.04	02:20:23.118		0.84118			4
2025.06.04	02:20:24.386		0.84117			4
2025.06.04	02:20:41.872	0.84114				2
2025.06.04	02:20:42.432	0.84115				2
2025.06.04	02:20:45.669	0.84114	0.84116			6
2025.06.04	02:20:47.554		0.84117			4
2025.06.04	02:20:50.420		0.84116			4
2025.06.04	02:21:03.146	0.84114				2
2025.06.04	02:21:13.401	0.84115				2
2025.06.04	02:21:13.896	0.84114				2
2025.06.04	02:21:14.969	0.84115	0.84117			6
2025.06.04	02:21:37.164	0.84114	0.84116			6
2025.06.04	02:22:00.457	0.84113	0.84115			6
2025.06.04	02:22:24.928	0.84115	0.84116			6
2025.06.04	02:22:28.030	0.84114				2
2025.06.04	02:22:29.631	0.84113				2
2025.06.04	02:22:40.662	0.84114				2
2025.06.04	02:22:54.544	0.84113	0.84115			6
2025.06.04	02:23:00.183	0.84113				2
2025.06.04	02:23:03.302	0.84112	0.84114			6
2025.06.04	02:23:15.077		0.84115			4
2025.06.04	02:23:30.865	0.84113				2
2025.06.04	02:23:31.184	0.84112	0.84114			6
2025.06.04	02:23:31.757	0.84111	0.84112			6
2025.06.04	02:23:36.949	0.84113	0.84114			6
2025.06.04	02:23:38.839		0.84115			4
2025.06.04	02:23:40.587	0.84114				2
2025.06.04	02:24:00.630	0.84114				2
2025.06.04	02:24:39.436		0.84115			4
2025.06.04	02:24:55.548	0.84112	0.84114			6
2025.06.04	02:25:00.168	0.84112				2
2025.06.04	02:25:36.727	0.84113				2
2025.06.04	02:25:38.972	0.84114	0.84115			6
2025.06.04	02:25:43.619	0.84113	0.84114			6
2025.06.04	02:25:45.456		0.84115			4
2025.06.04	02:26:00.593	0.84113				2
2025.06.04	02:26:01.399	0.84112	0.84114			6
2025.06.04	02:26:09.749	0.84111	0.84113			6
2025.06.04	02:26:42.378	0.84112				2
2025.06.04	02:27:00.063	0.84112				2
2025.06.04	02:27:06.009		0.84114			4
2025.06.04	02:27:06.349		0.84115			4
2025.06.04	02:27:07.913		0.84114			4
2025.06.04	02:27:15.517	0.84113	0.84115			6
2025.06.04	02:27:24.744	0.84112	0.84114			6
2025.06.04	02:27:30.146	0.84113	0.84115			6
2025.06.04	02:27:34.696	0.84112				2
2025.06.04	02:27:35.300		0.84114			4
2025.06.04	02:28:01.322	0.84112				2
2025.06.04	02:28:02.447		0.84113			4
2025.06.04	02:28:50.074	0.84111				2
2025.06.04	02:28:56.956	0.84113	0.84115			6
2025.06.04	02:29:01.964	0.84113				2
2025.06.04	02:29:11.447	0.84114				2
2025.06.04	02:29:27.426		0.84116			4
2025.06.04	02:29:32.726	0.84113				2
2025.06.04	02:29:34.368	0.84114				2
2025.06.04	02:29:39.098	0.84113	0.84115			6
2025.06.04	02:29:50.727		0.84116			4
2025.06.04	02:30:00.629	0.84113				2
2025.06.04	02:30:06.368	0.84114				2
2025.06.04	02:30:18.232	0.84115				2
2025.06.04	02:30:28.038		0.84117			4
2025.06.04	02:31:01.962	0.84115				2
2025.06.04	02:31:21.272	0.84116	0.84118			6
2025.06.04	02:31:21.581	0.84117				2
2025.06.04	02:31:48.905	0.84116				2
2025.06.04	02:32:01.364	0.84116				2
2025.06.04	02:32:09.023	0.84117				2
2025.06.04	02:32:21.221	0.84115				2
2025.06.04	02:32:22.348		0.84118			4
2025.06.04	02:32:27.184	0.84116				2
2025.06.04	02:32:57.197		0.84117			4
2025.06.04	02:33:10.761	0.84116				2
2025.06.04	02:33:20.977		0.84118			4
2025.06.04	02:33:38.256	0.84117				2
2025.06.04	02:33:43.991		0.84121			4
2025.06.04	02:34:00.615	0.84119				2
2025.06.04	02:34:11.040	0.84117	0.84122			6
2025.06.04	02:34:14.263	0.84119				2
2025.06.04	02:34:20.833	0.84118				2
2025.06.04	02:34:21.444	0.84119				2
2025.06.04	02:34:22.977	0.84118				2
2025.06.04	02:34:25.110	0.84120				2
2025.06.04	02:34:40.653	0.84117	0.84120			6
2025.06.04	02:34:40.960	0.84119				2
2025.06.04	02:34:45.915	0.84117				2
2025.06.04	02:34:47.061	0.84116	0.84119			6
2025.06.04	02:34:49.822	0.84117				2
2025.06.04	02:34:59.563	0.84116				2
2025.06.04	02:35:00.297	0.84116				2
2025.06.04	02:35:07.951	0.84117				2
2025.06.04	02:35:10.196	0.84116				2
2025.06.04	02:35:14.348	0.84119	0.84120			6
2025.06.04	02:35:50.459	0.84116	0.84119			6
2025.06.04	02:35:56.470	0.84117				2
2025.06.04	02:35:56.853	0.84116				2
2025.06.04	02:36:02.767	0.84115	0.84118			6
2025.06.04	02:36:14.026	0.84116				2
2025.06.04	02:36:16.182	0.84115				2
2025.06.04	02:36:31.749	0.84116				2
2025.06.04	02:36:32.263	0.84115				2
2025.06.04	02:36:35.940	0.84116				2
2025.06.04	02:36:43.104	0.84117				2
2025.06.04	02:36:53.507		0.84119			4
2025.06.04	02:36:58.554	0.84119	0.84120			6
2025.06.04	02:37:03.017	0.84119				2
2025.06.04	02:37:17.111		0.84121			4
2025.06.04	02:37:17.419	0.84120				2
2025.06.04	02:37:31.812	0.84119				2
2025.06.04	02:37:32.442	0.84120				2
2025.06.04	02:37:34.958	0.84121	0.84122			6
2025.06.04	02:37:44.940	0.84120				2
2025.06.04	02:37:56.199	0.84117	0.84121			6
2025.06.04	02:38:01.810	0.84117				2
2025.06.04	02:38:28.428		0.84120			4
2025.06.04	02:39:00.832	0.84116				2
2025.06.04	02:39:30.805	0.84117	0.84120			6
2025.06.04	02:39:44.504	0.84116				2
2025.06.04	02:39:45.465	0.84117				2
2025.06.04	02:39:59.521	0.84119	0.84121			6
2025.06.04	02:40:00.133	0.84119				2
2025.06.04	02:40:02.869	0.84117				2
2025.06.04	02:40:03.193		0.84120			4
2025.06.04	02:41:00.116	0.84117				2
2025.06.04	02:41:01.569		0.84121			4
2025.06.04	02:41:09.419	0.84119				2
2025.06.04	02:41:14.870		0.84122			4
2025.06.04	02:41:15.373	0.84120				2
2025.06.04	02:41:15.681	0.84117				2
2025.06.04	02:41:31.007		0.84121			4
2025.06.04	02:41:48.199	0.84119				2
2025.06.04	02:41:49.393	0.84118				2
2025.06.04	02:41:50.388	0.84119				2
2025.06.04	02:41:55.169		0.84122			4
2025.06.04	02:42:00.262	0.84120				2
2025.06.04	02:42:05.023	0.84119				2
2025.06.04	02:42:11.322	0.84120				2
2025.06.04	02:42:26.761	0.84121				2
2025.06.04	02:42:31.043	0.84120				2
2025.06.04	02:42:32.763	0.84122	0.84123			6
2025.06.04	02:42:34.486	0.84121				2
2025.06.04	02:42:35.749	0.84122				2
2025.06.04	02:42:37.375	0.84121	0.84122			6
2025.06.04	02:42:38.348	0.84120	0.84121			6
2025.06.04	02:42:42.557	0.84121	0.84122			6
2025.06.04	02:43:00.823	0.84121				2
2025.06.04	02:43:04.695	0.84120	0.84121			6
2025.06.04	02:43:05.732	0.84122	0.84123			6
2025.06.04	02:43:17.983	0.84124	0.84125			6
2025.06.04	02:43:22.316	0.84126	0.84127			6
2025.06.04	02:43:32.503	0.84125				2
2025.06.04	02:43:32.824		0.84126			4
2025.06.04	02:43:35.410	0.84126	0.84127			6
2025.06.04	02:43:41.085	0.84128	0.84129			6
2025.06.04	02:43:41.740	0.84129	0.84130			6
2025.06.04	02:43:44.920	0.84130	0.84131			6
2025.06.04	02:43:50.522	0.84129	0.84130			6
2025.06.04	02:43:54.419	0.84130	0.84131			6
2025.06.04	02:43:55.442	0.84131	0.84132			6
2025.06.04	02:43:59.307	0.84129	0.84131			6
2025.06.04	02:44:00.908	0.84129				2
2025.06.04	02:44:01.376		0.84130			4
2025.06.04	02:44:06.821	0.84131	0.84132			6
2025.06.04	02:44:07.154	0.84132	0.84133			6
2025.06.04	02:44:14.543	0.84133	0.84135			6
2025.06.04	02:44:16.059		0.84134			4
2025.06.04	02:44:17.471	0.84132	0.84133			6
2025.06.04	02:44:43.962	0.84133	0.84134			6
2025.06.04	02:44:59.875	0.84134	0.84135			6
2025.06.04	02:45:00.284	0.84135	0.84136			6
2025.06.04	02:45:01.666	0.84136	0.84137			6
2025.06.04	02:45:03.278	0.84133	0.84136			6
2025.06.04	02:45:03.588	0.84134				2
2025.06.04	02:45:06.077	0.84135	0.84137			6
2025.06.04	02:45:06.424	0.84136	0.84138			6
2025.06.04	02:45:09.466	0.84135				2
2025.06.04	02:45:10.276		0.84137			4
2025.06.04	02:45:10.983	0.84136				2
2025.06.04	02:45:14.975	0.84135				2
2025.06.04	02:45:16.483	0.84136				2
2025.06.04	02:45:20.555	0.84137	0.84138			6
2025.06.04	02:45:20.859	0.84138	0.84139			6
2025.06.04	02:45:23.702		0.84140			4
2025.06.04	02:45:24.066	0.84139				2
2025.06.04	02:45:25.303	0.84138				2
2025.06.04	02:45:29.176	0.84139				2
2025.06.04	02:45:29.487	0.84142	0.84143			6
2025.06.04	02:45:32.163	0.84140	0.84142			6
2025.06.04	02:45:39.961		0.84143			4
2025.06.04	02:45:41.236		0.84142			4
2025.06.04	02:45:44.154		0.84141			4
2025.06.04	02:45:44.811	0.84139	0.84142			6
2025.06.04	02:45:46.007	0.84140				2
2025.06.04	02:45:49.277	0.84139				2
2025.06.04	02:45:50.286	0.84141				2
2025.06.04	02:45:53.457	0.84140	0.84141			6
2025.06.04	02:45:58.629	0.84141	0.84142			6
2025.06.04	02:45:59.374	0.84138	0.84140			6
2025.06.04	02:46:00.647	0.84139				2
2025.06.04	02:46:01.532	0.84140	0.84142			6
2025.06.04	02:46:01.880	0.84137	0.84139			6
2025.06.04	02:46:10.902	0.84138				2
2025.06.04	02:46:12.376	0.84137	0.84138			6
2025.06.04	02:46:26.759	0.84139	0.84140			6
2025.06.04	02:46:27.078	0.84138	0.84141			6
2025.06.04	02:46:28.972	0.84139				2
2025.06.04	02:46:38.665	0.84141	0.84143			6
2025.06.04	02:46:39.077		0.84142			4
2025.06.04	02:46:42.031	0.84140				2
2025.06.04	02:46:48.711	0.84139				2
2025.06.04	02:46:50.401	0.84141				2
2025.06.04	02:47:00.725	0.84140				2
2025.06.04	02:47:01.623	0.84141				2
2025.06.04	02:47:02.028	0.84142	0.84143			6
2025.06.04	02:47:03.333	0.84141				2
2025.06.04	02:47:06.410		0.84142			4
2025.06.04	02:47:08.444	0.84142	0.84143			6
2025.06.04	02:47:08.760	0.84141	0.84142			6
2025.06.04	02:47:13.140	0.84140				2
2025.06.04	02:47:13.581	0.84139	0.84141			6
2025.06.04	02:47:14.273	0.84140				2
2025.06.04	02:47:14.940	0.84141	0.84142			6
2025.06.04	02:47:21.223	0.84140	0.84141			6
2025.06.04	02:47:22.761		0.84142			4
2025.06.04	02:47:23.896		0.84141			4
2025.06.04	02:47:25.147	0.84139				2
2025.06.04	02:47:25.872	0.84140				2
2025.06.04	02:47:27.719	0.84141	0.84142			6
2025.06.04	02:47:40.110	0.84139	0.84141			6
2025.06.04	02:47:41.150		0.84142			4
2025.06.04	02:47:41.453	0.84140	0.84141			6
2025.06.04	02:47:43.012	0.84141	0.84142			6
2025.06.04	02:48:00.856	0.84141				2
2025.06.04	02:48:01.842	0.84140	0.84141			6
2025.06.04	02:48:05.950		0.84142			4
2025.06.04	02:48:13.563		0.84141			4
2025.06.04	02:48:17.652		0.84142			4
2025.06.04	02:48:17.963	0.84141				2
2025.06.04	02:48:20.613	0.84140	0.84141			6
2025.06.04	02:48:22.470	0.84141	0.84142			6
2025.06.04	02:48:42.303	0.84142	0.84143			6
2025.06.04	02:48:42.724	0.84143	0.84144			6
2025.06.04	02:49:00.856	0.84143				2
2025.06.04	02:49:01.731	0.84142				2
2025.06.04	02:49:02.033		0.84143			4
2025.06.04	02:49:03.255	0.84143	0.84144			6
2025.06.04	02:49:05.225	0.84142	0.84143			6
2025.06.04	02:49:07.818		0.84144			4
2025.06.04	02:49:15.857	0.84144	0.84146			6
2025.06.04	02:49:16.412		0.84145			4
2025.06.04	02:49:19.886	0.84143				2
2025.06.04	02:49:20.941	0.84144				2
2025.06.04	02:49:23.822	0.84143				2
2025.06.04	02:49:32.537		0.84144			4
2025.06.04	02:49:32.851	0.84144	0.84145			6
2025.06.04	02:49:38.162		0.84146			4
2025.06.04	02:49:47.657	0.84143	0.84144			6
2025.06.04	02:49:47.971	0.84142				2
2025.06.04	02:49:56.780	0.84138	0.84140			6
2025.06.04	02:49:58.344	0.84140	0.84141			6
2025.06.04	02:50:00.318	0.84140				2
2025.06.04	02:50:02.738	0.84139				2
2025.06.04	02:50:07.495	0.84140				2
2025.06.04	02:50:14.730	0.84139	0.84140			6
2025.06.04	02:50:15.229	0.84140	0.84141			6
2025.06.04	02:50:22.256	0.84142	0.84143			6
2025.06.04	02:50:24.162	0.84141	0.84142			6
2025.06.04	02:50:28.784	0.84140				2
2025.06.04	02:50:30.950	0.84141				2
2025.06.04	02:50:33.102	0.84140				2
2025.06.04	02:50:41.517	0.84141				2
2025.06.04	02:50:50.372		0.84143			4
2025.06.04	02:50:50.681	0.84142				2
2025.06.04	02:50:53.950	0.84143	0.84144			6
2025.06.04	02:50:58.759	0.84142	0.84143			6
2025.06.04	02:50:59.917	0.84141	0.84142			6
2025.06.04	02:51:00.496	0.84141				2
2025.06.04	02:51:00.868	0.84142	0.84143			6
2025.06.04	02:51:01.180		0.84144			4
2025.06.04	02:51:01.485	0.84143				2
2025.06.04	02:51:01.878	0.84142	0.84143			6
2025.06.04	02:51:02.277	0.84143	0.84144			6
2025.06.04	02:51:03.409	0.84142	0.84143			6
2025.06.04	02:51:07.439	0.84143	0.84144			6
2025.06.04	02:51:07.749	0.84142	0.84143			6
2025.06.04	02:51:10.429	0.84141	0.84142			6
2025.06.04	02:51:11.132	0.84142	0.84143			6
2025.06.04	02:51:13.052	0.84143	0.84144			6
2025.06.04	02:51:18.909	0.84140	0.84142			6
2025.06.04	02:51:19.330	0.84139	0.84141			6
2025.06.04	02:51:22.405	0.84137	0.84139			6
2025.06.04	02:51:24.948	0.84139	0.84140			6
2025.06.04	02:51:25.257	0.84137	0.84139			6
2025.06.04	02:51:27.457	0.84138	0.84140			6
2025.06.04	02:51:30.180	0.84140	0.84141			6
2025.06.04	02:51:30.887	0.84139	0.84140			6
2025.06.04	02:51:41.942	0.84140	0.84141			6
2025.06.04	02:51:46.961	0.84139	0.84140			6
2025.06.04	02:52:00.633	0.84135	0.84136			6
2025.06.04	02:52:04.610	0.84136	0.84137			6
2025.06.04	02:52:07.052	0.84135				2
2025.06.04	02:52:10.319	0.84136				2
2025.06.04	02:52:12.226	0.84135	0.84136			6
2025.06.04	02:52:14.109	0.84134				2
2025.06.04	02:52:17.346		0.84135			4
2025.06.04	02:52:18.299		0.84136			4
2025.06.04	02:52:19.102		0.84135			4
2025.06.04	02:52:22.988	0.84133				2
2025.06.04	02:52:28.454	0.84135	0.84136			6
2025.06.04	02:52:29.567	0.84133	0.84135			6
2025.06.04	02:52:39.910	0.84130	0.84132			6
2025.06.04	02:52:41.905	0.84129				2
2025.06.04	02:53:00.710	0.84132	0.84133			6
2025.06.04	02:53:01.965	0.84131	0.84132			6
2025.06.04	02:53:17.050	0.84130				2
2025.06.04	02:53:23.033	0.84129	0.84131			6
2025.06.04	02:53:23.816	0.84128	0.84130			6
2025.06.04	02:53:26.621	0.84124	0.84126			6
2025.06.04	02:53:27.129		0.84125			4
2025.06.04	02:53:37.307	0.84122	0.84124			6
2025.06.04	02:53:41.248	0.84123	0.84125			6
2025.06.04	02:53:43.257		0.84126			4
2025.06.04	02:53:43.630		0.84125			4
2025.06.04	02:54:00.349	0.84123				2
2025.06.04	02:54:04.697	0.84122	0.84123			6
2025.06.04	02:54:05.066	0.84123	0.84125			6
2025.06.04	02:54:05.710	0.84124				2
2025.06.04	02:54:07.387	0.84123				2
2025.06.04	02:54:10.264	0.84124	0.84126			6
2025.06.04	02:54:12.885		0.84125			4
2025.06.04	02:54:13.632		0.84126			4
2025.06.04	02:54:23.883	0.84123				2
2025.06.04	02:54:27.651		0.84125			4
2025.06.04	02:54:28.594		0.84126			4
2025.06.04	02:54:33.366	0.84122	0.84124			6
2025.06.04	02:54:33.928	0.84123	0.84125			6
2025.06.04	02:54:40.841		0.84124			4
2025.06.04	02:54:44.164		0.84125			4
2025.06.04	02:54:45.074	0.84124				2
2025.06.04	02:54:49.206		0.84126			4
2025.06.04	02:54:49.841	0.84123				2
2025.06.04	02:54:50.303	0.84124				2
2025.06.04	02:54:51.133	0.84123				2
2025.06.04	02:54:52.513	0.84124				2
2025.06.04	02:54:54.825	0.84125	0.84127			6
2025.06.04	02:54:55.161	0.84126				2
2025.06.04	02:54:57.702	0.84125				2
2025.06.04	02:54:58.012	0.84126	0.84128			6
2025.06.04	02:54:58.344	0.84129	0.84130			6
2025.06.04	02:55:00.397	0.84129				2
2025.06.04	02:55:01.404	0.84130	0.84132			6
2025.06.04	02:55:02.349	0.84129				2
2025.06.04	02:55:09.931	0.84130				2
2025.06.04	02:55:12.061		0.84131			4
2025.06.04	02:55:13.803	0.84128	0.84130			6
2025.06.04	02:55:32.800	0.84129				2
2025.06.04	02:55:33.138	0.84128				2
2025.06.04	02:55:34.731	0.84127	0.84129			6
2025.06.04	02:55:35.039	0.84126	0.84128			6
2025.06.04	02:55:37.646		0.84129			4
2025.06.04	02:55:39.669		0.84128			4
2025.06.04	02:55:40.073	0.84127	0.84129			6
2025.06.04	02:55:41.868	0.84128				2
2025.06.04	02:55:46.473	0.84129	0.84130			6
2025.06.04	02:55:46.791	0.84128				2
2025.06.04	02:55:47.201	0.84130	0.84132			6
2025.06.04	02:55:49.338	0.84129	0.84131			6
2025.06.04	02:55:52.890	0.84130				2
2025.06.04	02:55:53.303	0.84129				2
2025.06.04	02:56:00.000	0.84129				2
2025.06.04	02:56:04.164	0.84130	0.84132			6
2025.06.04	02:56:04.474	0.84129				2
2025.06.04	02:56:04.885	0.84130	0.84131			6
2025.06.04	02:56:08.418	0.84129				2
2025.06.04	02:56:11.389	0.84130	0.84132			6
2025.06.04	02:56:11.698		0.84131			4
2025.06.04	02:56:17.484		0.84132			4
2025.06.04	02:56:25.743	0.84129				2
2025.06.04	02:56:30.817		0.84131			4
2025.06.04	02:56:31.846	0.84130				2
2025.06.04	02:56:39.659	0.84129				2
2025.06.04	02:56:39.984	0.84128				2
2025.06.04	02:56:40.349	0.84129				2
2025.06.04	02:56:47.566	0.84130				2
2025.06.04	02:56:54.619		0.84132			4
2025.06.04	02:56:54.938	0.84131				2
2025.06.04	02:56:59.475	0.84129				2
2025.06.04	02:56:59.780	0.84131				2
2025.06.04	02:57:00.455	0.84132	0.84133			6
2025.06.04	02:57:06.671	0.84131	0.84132			6
2025.06.04	02:57:06.982	0.84130				2
2025.06.04	02:57:09.694	0.84132	0.84133			6
2025.06.04	02:57:15.667	0.84131				2
2025.06.04	02:57:16.382		0.84132			4
2025.06.04	02:57:20.609	0.84132	0.84133			6
2025.06.04	02:57:24.796	0.84131				2
2025.06.04	02:57:25.102		0.84132			4
2025.06.04	02:57:25.640	0.84133	0.84134			6
2025.06.04	02:57:26.655	0.84130	0.84132			6
2025.06.04	02:57:31.954	0.84131				2
2025.06.04	02:57:46.634	0.84132	0.84133			6
2025.06.04	02:57:56.604	0.84131	0.84132			6
2025.06.04	02:57:58.137	0.84132	0.84133			6
2025.06.04	02:58:00.254	0.84131	0.84132			6
2025.06.04	02:58:02.761	0.84132	0.84133			6
2025.06.04	02:58:03.331	0.84133	0.84134			6
2025.06.04	02:58:06.139	0.84132	0.84133			6
2025.06.04	02:58:06.630		0.84134			4
2025.06.04	02:58:07.305		0.84133			4
2025.06.04	02:58:11.240	0.84133	0.84134			6
2025.06.04	02:58:18.761	0.84134	0.84135			6
2025.06.04	02:58:32.266	0.84133				2
2025.06.04	02:58:36.682	0.84134				2
2025.06.04	02:58:37.465	0.84132	0.84134			6
2025.06.04	02:58:38.726	0.84133				2
2025.06.04	02:58:40.339	0.84132				2
2025.06.04	02:58:41.629	0.84133				2
2025.06.04	02:58:42.350		0.84135			4
2025.06.04	02:58:43.133	0.84132				2
2025.06.04	02:58:47.691	0.84133				2
2025.06.04	02:58:55.308	0.84132	0.84134			6
2025.06.04	02:59:00.318	0.84132				2
2025.06.04	02:59:05.502	0.84133				2
2025.06.04	02:59:07.301		0.84135			4
2025.06.04	02:59:09.592		0.84134			4
2025.06.04	02:59:09.982		0.84135			4
2025.06.04	02:59:12.087		0.84134			4
2025.06.04	02:59:12.407		0.84135			4
2025.06.04	02:59:14.682		0.84134			4
2025.06.04	02:59:18.914	0.84132				2
2025.06.04	02:59:35.407	0.84131				2
2025.06.04	02:59:36.564	0.84132				2
2025.06.04	02:59:36.981		0.84135			4
2025.06.04	02:59:39.914	0.84133	0.84134			6
2025.06.04	02:59:43.913		0.84135			4
2025.06.04	02:59:45.856		0.84134			4
2025.06.04	02:59:51.681	0.84135	0.84136			6
2025.06.04	02:59:52.004	0.84136	0.84137			6
2025.06.04	02:59:52.345	0.84135	0.84136			6
2025.06.04	02:59:55.965	0.84134				2
2025.06.04	03:00:00.262	0.84133	0.84135			6
2025.06.04	03:00:00.571	0.84134				2
2025.06.04	03:00:01.826	0.84133				2
2025.06.04	03:00:02.219	0.84134				2
2025.06.04	03:00:03.781	0.84133				2
2025.06.04	03:00:04.135	0.84132				2
2025.06.04	03:00:04.440		0.84134			4
2025.06.04	03:00:04.750		0.84133			4
2025.06.04	03:00:06.345		0.84134			4
2025.06.04	03:00:06.660	0.84134	0.84135			6
2025.06.04	03:00:12.287	0.84133				2
2025.06.04	03:00:13.774	0.84134				2
2025.06.04	03:00:14.524	0.84135	0.84137			6
2025.06.04	03:00:15.176	0.84136				2
2025.06.04	03:00:16.468	0.84134	0.84136			6
2025.06.04	03:00:17.710	0.84135				2
2025.06.04	03:00:22.960	0.84134				2
2025.06.04	03:00:23.937	0.84133	0.84135			6
2025.06.04	03:00:25.413	0.84134	0.84136			6
2025.06.04	03:00:32.517	0.84135				2
2025.06.04	03:00:33.512	0.84134	0.84135			6
2025.06.04	03:00:34.167	0.84135	0.84136			6
2025.06.04	03:00:35.591	0.84134	0.84135			6
2025.06.04	03:00:38.948	0.84136	0.84137			6
2025.06.04	03:00:40.657	0.84135				2
2025.06.04	03:00:41.072		0.84136			4
2025.06.04	03:00:42.451	0.84136	0.84137			6
2025.06.04	03:00:43.864	0.84135				2
2025.06.04	03:00:45.810		0.84136			4
2025.06.04	03:00:46.632	0.84136	0.84137			6
2025.06.04	03:00:48.163	0.84137	0.84138			6
2025.06.04	03:00:49.320	0.84136	0.84137			6
2025.06.04	03:00:57.929	0.84139	0.84140			6
2025.06.04	03:00:59.020		0.84141			4
2025.06.04	03:01:00.013	0.84139				2
2025.06.04	03:01:01.160		0.84142			4
2025.06.04	03:01:01.524	0.84140				2
2025.06.04	03:01:04.134	0.84141				2
2025.06.04	03:01:04.458	0.84140				2
2025.06.04	03:01:06.923	0.84141				2
2025.06.04	03:01:07.363	0.84140				2
2025.06.04	03:01:07.750	0.84141	0.84143			6
2025.06.04	03:01:10.622	0.84142				2
2025.06.04	03:01:13.813	0.84144	0.84148			6
2025.06.04	03:01:14.120	0.84146				2
2025.06.04	03:01:15.163	0.84150	0.84153			6
2025.06.04	03:01:15.466		0.84152			4
2025.06.04	03:01:15.780	0.84149	0.84151			6
2025.06.04	03:01:17.695		0.84150			4
2025.06.04	03:01:18.208		0.84152			4
2025.06.04	03:01:18.523	0.84151				2
2025.06.04	03:01:18.839	0.84150				2
2025.06.04	03:01:19.382		0.84153			4
2025.06.04	03:01:21.240		0.84151			4
2025.06.04	03:01:21.571	0.84149				2
2025.06.04	03:01:23.008	0.84148				2
2025.06.04	03:01:32.116	0.84149				2
2025.06.04	03:01:34.260	0.84153	0.84154			6
2025.06.04	03:01:34.883		0.84155			4
2025.06.04	03:01:35.916		0.84156			4
2025.06.04	03:01:36.411	0.84155				2
2025.06.04	03:01:39.690		0.84157			4
2025.06.04	03:01:41.478	0.84154				2
2025.06.04	03:01:41.959	0.84155				2
2025.06.04	03:01:42.625	0.84154	0.84156			6
2025.06.04	03:01:43.070	0.84155				2
2025.06.04	03:01:43.375		0.84157			4
2025.06.04	03:01:45.693	0.84154	0.84156			6
2025.06.04	03:01:46.123	0.84155	0.84157			6
2025.06.04	03:01:48.296	0.84153	0.84156			6
2025.06.04	03:01:50.436	0.84154				2
2025.06.04	03:01:51.325	0.84153				2
2025.06.04	03:01:51.640	0.84155	0.84157			6
2025.06.04	03:01:55.277		0.84158			4
2025.06.04	03:01:55.774	0.84158	0.84159			6
2025.06.04	03:02:00.502	0.84158				2
2025.06.04	03:02:03.261	0.84157	0.84158			6
2025.06.04	03:02:05.268	0.84158	0.84159			6
2025.06.04	03:02:05.580	0.84157	0.84158			6
2025.06.04	03:02:07.446	0.84155	0.84156			6
2025.06.04	03:02:08.130	0.84156	0.84157			6
2025.06.04	03:02:11.466	0.84157	0.84158			6
2025.06.04	03:02:13.139	0.84155	0.84156			6
2025.06.04	03:02:14.983		0.84157			4
2025.06.04	03:02:15.290		0.84156			4
2025.06.04	03:02:23.711	0.84156	0.84157			6
2025.06.04	03:02:26.007	0.84155				2
2025.06.04	03:02:27.129	0.84156				2
2025.06.04	03:02:27.439	0.84155				2
2025.06.04	03:02:30.355	0.84156				2
2025.06.04	03:02:31.569	0.84155	0.84156			6
2025.06.04	03:02:34.746	0.84156	0.84157			6
2025.06.04	03:02:36.193	0.84157	0.84158			6
2025.06.04	03:02:37.266	0.84156	0.84157			6
2025.06.04	03:02:42.277	0.84157	0.84158			6
2025.06.04	03:02:50.592	0.84156	0.84157			6
2025.06.04	03:02:50.904	0.84157	0.84158			6
2025.06.04	03:02:51.273	0.84156				2
2025.06.04	03:02:52.475		0.84159			4
2025.06.04	03:02:52.788	0.84157	0.84158			6
2025.06.04	03:02:57.842	0.84156	0.84157			6
2025.06.04	03:02:58.160	0.84157	0.84158			6
2025.06.04	03:02:59.149	0.84156	0.84157			6
2025.06.04	03:03:00.369	0.84156				2
2025.06.04	03:03:01.580	0.84155	0.84156			6
2025.06.04	03:03:01.943		0.84157			4
2025.06.04	03:03:02.481	0.84156				2
2025.06.04	03:03:02.793		0.84158			4
2025.06.04	03:03:06.673		0.84157			4
2025.06.04	03:03:07.008	0.84152	0.84153			6
2025.06.04	03:03:07.629	0.84151	0.84152			6
2025.06.04	03:03:10.386	0.84152	0.84153			6
2025.06.04	03:03:12.686	0.84151	0.84152			6
2025.06.04	03:03:13.898	0.84152	0.84153			6
2025.06.04	03:03:14.717	0.84151	0.84152			6
2025.06.04	03:03:18.657	0.84150	0.84151			6
2025.06.04	03:03:22.157	0.84151	0.84152			6
2025.06.04	03:03:22.460	0.84152	0.84153			6
2025.06.04	03:03:23.799	0.84153	0.84154			6
2025.06.04	03:03:27.332	0.84152	0.84153			6
2025.06.04	03:03:28.343	0.84151	0.84152			6
2025.06.04	03:03:32.144	0.84150	0.84151			6
2025.06.04	03:03:34.670	0.84151	0.84152			6
2025.06.04	03:03:38.341	0.84150	0.84151			6
2025.06.04	03:03:38.662	0.84149				2
2025.06.04	03:03:40.227	0.84148	0.84150			6
2025.06.04	03:03:40.562	0.84149				2
2025.06.04	03:03:44.862	0.84150	0.84151			6
2025.06.04	03:03:45.692	0.84152	0.84153			6
2025.06.04	03:03:47.446	0.84151	0.84152			6
2025.06.04	03:03:47.850	0.84150	0.84151			6
2025.06.04	03:03:49.924	0.84151	0.84152			6
2025.06.04	03:03:51.040	0.84150	0.84151			6
2025.06.04	03:03:51.430	0.84151	0.84152			6
2025.06.04	03:03:56.295	0.84150	0.84151			6
2025.06.04	03:04:01.354	0.84150				2
2025.06.04	03:04:02.943	0.84148				2
2025.06.04	03:04:03.280		0.84150			4
2025.06.04	03:04:03.775	0.84150	0.84151			6
2025.06.04	03:04:04.316	0.84151	0.84152			6
2025.06.04	03:04:06.931	0.84150	0.84151			6
2025.06.04	03:04:08.859	0.84151	0.84152			6
2025.06.04	03:04:09.225	0.84150	0.84151			6
2025.06.04	03:04:11.905	0.84149				2
2025.06.04	03:04:13.938	0.84150				2
2025.06.04	03:04:15.501	0.84149				2
2025.06.04	03:04:18.759	0.84151	0.84152			6
2025.06.04	03:04:19.879	0.84152	0.84153			6
2025.06.04	03:04:20.874	0.84150	0.84151			6
2025.06.04	03:04:21.714	0.84151	0.84152			6
2025.06.04	03:04:28.381	0.84150	0.84151			6
2025.06.04	03:04:30.804	0.84149				2
2025.06.04	03:04:31.176	0.84150				2
2025.06.04	03:04:34.405	0.84151	0.84152			6
2025.06.04	03:04:35.133	0.84148	0.84153			6
2025.06.04	03:04:35.785	0.84147	0.84152			6
2025.06.04	03:04:36.694	0.84145	0.84150			6
2025.06.04	03:04:36.995	0.84146	0.84151			6
2025.06.04	03:04:37.601	0.84148	0.84150			6
2025.06.04	03:04:38.047	0.84147	0.84149			6
2025.06.04	03:04:38.356	0.84148				2
2025.06.04	03:04:41.641	0.84147	0.84148			6
2025.06.04	03:04:41.943	0.84146				2
2025.06.04	03:04:43.760	0.84145	0.84147			6
2025.06.04	03:04:46.535	0.84146				2
2025.06.04	03:04:46.861	0.84145				2
2025.06.04	03:04:47.178		0.84146			4
2025.06.04	03:04:48.345	0.84148	0.84149			6
2025.06.04	03:04:48.661	0.84147	0.84148			6
2025.06.04	03:04:49.932	0.84146	0.84147			6
2025.06.04	03:04:50.549	0.84145				2
2025.06.04	03:04:51.053	0.84147	0.84148			6
2025.06.04	03:04:51.724	0.84146				2
2025.06.04	03:04:52.045	0.84147				2
2025.06.04	03:04:53.360	0.84146	0.84147			6
2025.06.04	03:04:55.436	0.84147	0.84148			6
2025.06.04	03:04:55.905	0.84146	0.84147			6
2025.06.04	03:04:57.276	0.84147	0.84148			6
2025.06.04	03:04:57.634	0.84146	0.84147			6
2025.06.04	03:05:00.061	0.84146				2
2025.06.04	03:05:01.587	0.84147	0.84148			6
2025.06.04	03:05:01.888	0.84146	0.84147			6
2025.06.04	03:05:04.080	0.84145	0.84146			6
2025.06.04	03:05:04.507	0.84144				2
2025.06.04	03:05:05.026	0.84145				2
2025.06.04	03:05:05.528	0.84147	0.84149			6
2025.06.04	03:05:05.840	0.84148	0.84150			6
2025.06.04	03:05:07.040	0.84149				2
2025.06.04	03:05:07.974	0.84148				2
2025.06.04	03:05:09.542	0.84146	0.84148			6
2025.06.04	03:05:09.844	0.84147				2
2025.06.04	03:05:11.285	0.84146	0.84147			6
2025.06.04	03:05:11.620	0.84145				2
2025.06.04	03:05:16.912	0.84144				2
2025.06.04	03:05:18.589	0.84145				2
2025.06.04	03:05:22.867		0.84146			4
2025.06.04	03:05:25.802		0.84147			4
2025.06.04	03:05:28.535	0.84143	0.84145			6
2025.06.04	03:05:30.924	0.84144	0.84146			6
2025.06.04	03:05:31.416		0.84145			4
2025.06.04	03:05:32.348	0.84142				2
2025.06.04	03:05:34.008	0.84143				2
2025.06.04	03:05:35.419		0.84144			4
2025.06.04	03:05:36.836	0.84142				2
2025.06.04	03:05:37.292		0.84145			4
2025.06.04	03:05:37.738	0.84143				2
2025.06.04	03:05:40.082	0.84142				2
2025.06.04	03:05:40.448		0.84144			4
2025.06.04	03:05:40.890	0.84143				2
2025.06.04	03:05:41.209		0.84145			4
2025.06.04	03:05:43.562	0.84142	0.84144			6
2025.06.04	03:05:46.382	0.84143	0.84145			6
2025.06.04	03:05:46.701	0.84144				2
2025.06.04	03:05:53.104		0.84146			4
2025.06.04	03:05:55.221	0.84145				2
2025.06.04	03:05:55.559	0.84143				2
2025.06.04	03:05:56.006	0.84144	0.84147			6
2025.06.04	03:05:57.389		0.84146			4
2025.06.04	03:05:58.597		0.84147			4
2025.06.04	03:05:58.900		0.84146			4
2025.06.04	03:06:00.355	0.84144				2
2025.06.04	03:06:00.666	0.84146	0.84147			6
2025.06.04	03:06:02.355	0.84145				2
2025.06.04	03:06:06.347	0.84144	0.84145			6
2025.06.04	03:06:06.787	0.84145	0.84146			6
2025.06.04	03:06:14.731	0.84143	0.84145			6
2025.06.04	03:06:20.424		0.84144			4
2025.06.04	03:06:22.788	0.84142				2
2025.06.04	03:06:23.152	0.84144	0.84145			6
2025.06.04	03:06:24.344	0.84143				2
2025.06.04	03:06:25.244	0.84144				2
2025.06.04	03:06:26.895	0.84142				2
2025.06.04	03:06:32.343	0.84143				2
2025.06.04	03:06:33.235		0.84146			4
2025.06.04	03:06:33.736		0.84145			4
2025.06.04	03:06:35.346	0.84145	0.84146			6
2025.06.04	03:06:35.698	0.84144	0.84145			6
2025.06.04	03:06:37.737	0.84146	0.84147			6
2025.06.04	03:06:41.737	0.84145	0.84146			6
2025.06.04	03:06:42.989	0.84144				2
2025.06.04	03:06:43.531		0.84145			4
2025.06.04	03:06:46.187		0.84146			4
2025.06.04	03:06:50.535	0.84145				2
2025.06.04	03:06:52.712	0.84144				2
2025.06.04	03:06:54.035	0.84145				2
2025.06.04	03:06:55.024	0.84143				2
2025.06.04	03:06:55.756		0.84145			4
2025.06.04	03:06:57.510	0.84145	0.84146			6
2025.06.04	03:06:59.545	0.84144				2
2025.06.04	03:06:59.969	0.84145				2
2025.06.04	03:07:00.302	0.84145				2
2025.06.04	03:07:02.393	0.84143				2
2025.06.04	03:07:05.643	0.84144	0.84145			6
2025.06.04	03:07:07.337	0.84145	0.84146			6
2025.06.04	03:07:10.415	0.84144				2
2025.06.04	03:07:13.224	0.84143				2
2025.06.04	03:07:14.408	0.84144				2
2025.06.04	03:07:17.421		0.84145			4
2025.06.04	03:07:18.591	0.84145	0.84146			6
2025.06.04	03:07:19.834	0.84144	0.84145			6
2025.06.04	03:07:20.926	0.84143				2
2025.06.04	03:07:25.469	0.84145	0.84146			6
2025.06.04	03:07:31.021	0.84144	0.84145			6
2025.06.04	03:07:31.800	0.84143				2
2025.06.04	03:07:32.426		0.84144			4
2025.06.04	03:07:33.256	0.84144	0.84145			6
2025.06.04	03:07:33.614	0.84143	0.84144			6
2025.06.04	03:07:33.921	0.84142				2
2025.06.04	03:07:35.726	0.84143				2
2025.06.04	03:07:36.153	0.84142				2
2025.06.04	03:07:38.050	0.84143				2
2025.06.04	03:07:38.351	0.84142				2
2025.06.04	03:07:53.265	0.84144	0.84145			6
2025.06.04	03:07:54.089	0.84143				2
2025.06.04	03:07:54.431	0.84142				2
2025.06.04	03:08:00.420	0.84142				2
2025.06.04	03:08:02.126		0.84144			4
2025.06.04	03:08:03.495	0.84141	0.84142			6
2025.06.04	03:08:03.799	0.84140	0.84141			6
2025.06.04	03:08:06.081	0.84141	0.84142			6
2025.06.04	03:08:06.762	0.84140	0.84141			6
2025.06.04	03:08:09.394	0.84139				2
2025.06.04	03:08:10.385	0.84140				2
2025.06.04	03:08:10.706	0.84141	0.84142			6
2025.06.04	03:08:12.160	0.84142	0.84143			6
2025.06.04	03:08:14.263		0.84144			4
2025.06.04	03:08:14.594	0.84141	0.84142			6
2025.06.04	03:08:15.898	0.84142	0.84143			6
2025.06.04	03:08:17.941		0.84144			4
2025.06.04	03:08:18.261	0.84143				2
2025.06.04	03:08:18.753	0.84144	0.84145			6
2025.06.04	03:08:19.303		0.84146			4
2025.06.04	03:08:19.652		0.84145			4
2025.06.04	03:08:20.423	0.84143				2
2025.06.04	03:08:26.821	0.84144				2
2025.06.04	03:08:27.272	0.84143				2
2025.06.04	03:08:27.963	0.84144				2
2025.06.04	03:08:28.757	0.84143				2
2025.06.04	03:08:31.848		0.84144			4
2025.06.04	03:08:34.032	0.84144	0.84146			6
2025.06.04	03:08:34.612		0.84145			4
2025.06.04	03:08:42.422	0.84143	0.84144			6
2025.06.04	03:08:54.493	0.84144	0.84145			6
2025.06.04	03:08:54.904	0.84142	0.84144			6
2025.06.04	03:08:55.219	0.84143				2
2025.06.04	03:08:57.579	0.84144	0.84145			6
2025.06.04	03:08:57.881	0.84143	0.84144			6
2025.06.04	03:09:01.412	0.84143				2
2025.06.04	03:09:10.183	0.84142				2
2025.06.04	03:09:11.560		0.84143			4
2025.06.04	03:09:11.972	0.84140	0.84141			6
2025.06.04	03:09:19.793	0.84139				2
2025.06.04	03:09:23.133		0.84140			4
2025.06.04	03:09:27.816	0.84138				2
2025.06.04	03:09:31.853	0.84139				2
2025.06.04	03:09:32.871	0.84138	0.84139			6
2025.06.04	03:09:33.244	0.84137				2
2025.06.04	03:09:41.440	0.84136	0.84138			6
2025.06.04	03:09:47.333		0.84139			4
2025.06.04	03:09:53.662	0.84137				2
2025.06.04	03:09:53.988	0.84136	0.84138			6
2025.06.04	03:09:55.136	0.84137	0.84139			6
2025.06.04	03:09:59.332	0.84138				2
2025.06.04	03:09:59.639	0.84137				2
2025.06.04	03:10:00.481	0.84137	0.84140			6
2025.06.04	03:10:03.771		0.84139			4
2025.06.04	03:10:05.588	0.84138	0.84140			6
2025.06.04	03:10:10.182		0.84139			4
2025.06.04	03:10:10.771	0.84135	0.84137			6
2025.06.04	03:10:11.081	0.84134	0.84136			6
2025.06.04	03:10:12.347		0.84137			4
2025.06.04	03:10:14.196		0.84136			4
2025.06.04	03:10:14.507	0.84135	0.84137			6
2025.06.04	03:10:14.957	0.84134				2
2025.06.04	03:10:18.193	0.84135				2
2025.06.04	03:10:19.417	0.84134				2
2025.06.04	03:10:24.347	0.84135				2
2025.06.04	03:10:27.516	0.84134	0.84136			6
2025.06.04	03:10:27.823	0.84135	0.84137			6
2025.06.04	03:10:28.441	0.84134	0.84136			6
2025.06.04	03:10:32.535	0.84133	0.84135			6
2025.06.04	03:10:32.841	0.84132				2
2025.06.04	03:10:39.339	0.84133				2
2025.06.04	03:10:39.682	0.84132				2
2025.06.04	03:10:42.344	0.84133				2
2025.06.04	03:10:47.625	0.84132				2
2025.06.04	03:10:48.622	0.84134				2
2025.06.04	03:10:49.200	0.84135	0.84136			6
2025.06.04	03:10:57.416	0.84136	0.84137			6
2025.06.04	03:11:01.117	0.84136				2
2025.06.04	03:11:01.433	0.84135	0.84136			6
2025.06.04	03:11:08.203		0.84137			4
2025.06.04	03:11:10.673		0.84136			4
2025.06.04	03:11:14.674	0.84133	0.84135			6
2025.06.04	03:11:15.048		0.84136			4
2025.06.04	03:11:23.542	0.84134	0.84137			6
2025.06.04	03:11:25.598		0.84136			4
2025.06.04	03:11:30.460		0.84135			4
2025.06.04	03:11:31.371	0.84136	0.84138			6
2025.06.04	03:11:32.251	0.84135	0.84137			6
2025.06.04	03:11:33.550		0.84138			4
2025.06.04	03:11:33.861	0.84137	0.84139			6
2025.06.04	03:11:34.221	0.84136	0.84138			6
2025.06.04	03:11:34.852	0.84135	0.84137			6
2025.06.04	03:11:35.159	0.84134	0.84136			6
2025.06.04	03:11:37.059		0.84137			4
2025.06.04	03:11:37.392	0.84135				2
2025.06.04	03:11:43.938	0.84132	0.84134			6
2025.06.04	03:11:44.242		0.84135			4
2025.06.04	03:11:44.597		0.84134			4
2025.06.04	03:11:45.151		0.84135			4
2025.06.04	03:11:47.758	0.84133				2
2025.06.04	03:11:52.231	0.84132	0.84134			6
2025.06.04	03:11:52.546		0.84133			4
2025.06.04	03:11:59.288	0.84133	0.84135			6
2025.06.04	03:12:00.103	0.84133				2
2025.06.04	03:12:00.990	0.84135	0.84136			6
2025.06.04	03:12:01.301	0.84133	0.84135			6
2025.06.04	03:12:02.391	0.84132	0.84134			6
2025.06.04	03:12:03.058	0.84133	0.84135			6
2025.06.04	03:12:04.330		0.84134			4
2025.06.04	03:12:05.336	0.84132				2
2025.06.04	03:12:06.973		0.84135			4
2025.06.04	03:12:07.648	0.84131	0.84133			6
2025.06.04	03:12:07.960	0.84130	0.84132			6
2025.06.04	03:12:14.241	0.84131				2
2025.06.04	03:12:14.982	0.84130				2
2025.06.04	03:12:15.327		0.84133			4
2025.06.04	03:12:19.727	0.84129	0.84131			6
2025.06.04	03:12:20.111	0.84130				2
2025.06.04	03:12:29.347		0.84132			4
2025.06.04	03:12:38.768	0.84129	0.84131			6
2025.06.04	03:12:39.427	0.84130	0.84132			6
2025.06.04	03:12:40.178	0.84129	0.84131			6
2025.06.04	03:12:40.616		0.84132			4
2025.06.04	03:12:40.970		0.84131			4
2025.06.04	03:12:41.280		0.84132			4
2025.06.04	03:12:42.766	0.84130				2
2025.06.04	03:12:45.376	0.84129				2
2025.06.04	03:12:45.698	0.84130				2
2025.06.04	03:12:47.213		0.84133			4
2025.06.04	03:12:50.582	0.84132	0.84134			6
2025.06.04	03:12:50.890		0.84135			4
2025.06.04	03:12:51.850	0.84133				2
2025.06.04	03:12:59.837	0.84132				2
2025.06.04	03:13:00.316	0.84132	0.84134			6
2025.06.04	03:13:02.968		0.84135			4
2025.06.04	03:13:06.315	0.84133				2
2025.06.04	03:13:09.771	0.84134	0.84136			6
2025.06.04	03:13:10.713	0.84133				2
2025.06.04	03:13:11.344		0.84135			4
2025.06.04	03:13:16.973		0.84134			4
2025.06.04	03:13:20.030		0.84135			4
2025.06.04	03:13:24.624	0.84132	0.84133			6
2025.06.04	03:13:24.931		0.84134			4
2025.06.04	03:13:33.286		0.84133			4
2025.06.04	03:13:33.604		0.84134			4
2025.06.04	03:13:34.003		0.84133			4
2025.06.04	03:13:34.375		0.84135			4
2025.06.04	03:13:35.051		0.84134			4
2025.06.04	03:13:40.754		0.84135			4
2025.06.04	03:13:41.345		0.84134			4
2025.06.04	03:13:47.486	0.84133	0.84136			6
2025.06.04	03:13:51.047	0.84134				2
2025.06.04	03:14:00.119	0.84134				2
2025.06.04	03:14:01.001		0.84135			4
2025.06.04	03:14:01.352	0.84133				2
2025.06.04	03:14:02.142		0.84136			4
2025.06.04	03:14:02.469		0.84135			4
2025.06.04	03:14:03.853		0.84134			4
2025.06.04	03:14:04.518	0.84132				2
2025.06.04	03:14:07.749		0.84133			4
2025.06.04	03:14:08.185		0.84135			4
2025.06.04	03:14:09.693	0.84131	0.84134			6
2025.06.04	03:14:10.089		0.84133			4
2025.06.04	03:14:10.977	0.84132				2
2025.06.04	03:14:12.990	0.84133	0.84135			6
2025.06.04	03:14:14.052	0.84132				2
2025.06.04	03:14:18.099	0.84133				2
2025.06.04	03:14:18.719	0.84134	0.84136			6
2025.06.04	03:14:21.346	0.84133	0.84135			6
2025.06.04	03:14:22.753		0.84136			4
2025.06.04	03:14:29.442		0.84135			4
2025.06.04	03:14:29.761	0.84134	0.84136			6
2025.06.04	03:14:38.568	0.84135	0.84137			6
2025.06.04	03:14:40.281	0.84134	0.84136			6
2025.06.04	03:14:40.599	0.84135				2
2025.06.04	03:14:40.916		0.84137			4
2025.06.04	03:14:41.794	0.84136	0.84138			6
2025.06.04	03:14:45.886	0.84137	0.84139			6
2025.06.04	03:14:47.723	0.84136				2
2025.06.04	03:14:48.210		0.84138			4
2025.06.04	03:14:56.240		0.84137			4
2025.06.04	03:15:00.278	0.84136				2
2025.06.04	03:15:01.504	0.84135				2
2025.06.04	03:15:01.852		0.84136			4
2025.06.04	03:15:03.062	0.84134	0.84135			6
2025.06.04	03:15:03.720		0.84136			4
2025.06.04	03:15:04.820	0.84135	0.84137			6
2025.06.04	03:15:06.070	0.84136				2
2025.06.04	03:15:11.067	0.84135				2
2025.06.04	03:15:16.831	0.84134				2
2025.06.04	03:15:17.137		0.84136			4
2025.06.04	03:15:22.578		0.84135			4
2025.06.04	03:15:28.210	0.84135	0.84136			6
2025.06.04	03:15:39.596	0.84134				2
2025.06.04	03:15:42.377	0.84135	0.84137			6
2025.06.04	03:15:43.670	0.84137	0.84139			6
2025.06.04	03:15:43.981	0.84136	0.84137			6
2025.06.04	03:15:45.366	0.84134	0.84136			6
2025.06.04	03:15:48.073		0.84137			4
2025.06.04	03:15:52.222		0.84136			4
2025.06.04	03:15:56.283		0.84137			4
2025.06.04	03:15:57.332	0.84136				2
2025.06.04	03:15:59.372	0.84134	0.84136			6
2025.06.04	03:16:00.416	0.84134				2
2025.06.04	03:16:03.206	0.84133				2
2025.06.04	03:16:04.092		0.84135			4
2025.06.04	03:16:05.304	0.84132				2
2025.06.04	03:16:08.509		0.84134			4
2025.06.04	03:16:08.877		0.84135			4
2025.06.04	03:16:12.132	0.84133	0.84134			6
2025.06.04	03:16:12.440	0.84132				2
2025.06.04	03:16:12.978		0.84133			4
2025.06.04	03:16:14.398		0.84134			4
2025.06.04	03:16:15.143	0.84131	0.84133			6
2025.06.04	03:16:15.452	0.84130	0.84132			6
2025.06.04	03:16:17.237	0.84131	0.84134			6
2025.06.04	03:16:17.541	0.84132				2
2025.06.04	03:16:18.219	0.84129	0.84131			6
2025.06.04	03:16:18.527	0.84130	0.84133			6
2025.06.04	03:16:23.651		0.84132			4
2025.06.04	03:16:34.256		0.84133			4
2025.06.04	03:16:38.033	0.84131				2
2025.06.04	03:16:38.577	0.84132				2
2025.06.04	03:16:39.307	0.84131				2
2025.06.04	03:16:42.066	0.84132				2
2025.06.04	03:16:42.737	0.84130				2
2025.06.04	03:16:43.039		0.84132			4
2025.06.04	03:16:49.008		0.84131			4
2025.06.04	03:16:49.481	0.84129				2
2025.06.04	03:16:51.062	0.84130				2
2025.06.04	03:16:52.908	0.84132	0.84134			6
2025.06.04	03:16:55.917	0.84130	0.84132			6
2025.06.04	03:16:57.034		0.84131			4
2025.06.04	03:16:57.337		0.84132			4
2025.06.04	03:17:00.614	0.84130				2
2025.06.04	03:17:02.897		0.84131			4
2025.06.04	03:17:04.095		0.84132			4
2025.06.04	03:17:05.445	0.84131				2
2025.06.04	03:17:06.919	0.84130				2
2025.06.04	03:17:07.222	0.84132	0.84133			6
2025.06.04	03:17:12.229	0.84131	0.84132			6
2025.06.04	03:17:20.099	0.84130				2
2025.06.04	03:17:23.712	0.84129	0.84131			6
2025.06.04	03:17:35.249	0.84131	0.84132			6
2025.06.04	03:17:38.928	0.84129				2
2025.06.04	03:17:42.314		0.84131			4
2025.06.04	03:17:46.614	0.84130				2
2025.06.04	03:17:51.927	0.84129				2
2025.06.04	03:17:55.457	0.84131	0.84132			6
2025.06.04	03:17:57.496	0.84130	0.84131			6
2025.06.04	03:17:58.373		0.84132			4
2025.06.04	03:17:59.073	0.84131	0.84133			6
2025.06.04	03:17:59.380		0.84132			4
2025.06.04	03:18:00.351	0.84131	0.84133			6
2025.06.04	03:18:01.737	0.84132				2
2025.06.04	03:18:02.039	0.84135	0.84136			6
2025.06.04	03:18:02.346		0.84137			4
2025.06.04	03:18:03.030	0.84136				2
2025.06.04	03:18:03.712		0.84138			4
2025.06.04	03:18:04.293	0.84135	0.84137			6
2025.06.04	03:18:05.423	0.84136	0.84138			6
2025.06.04	03:18:05.727		0.84139			4
2025.06.04	03:18:06.725		0.84138			4
2025.06.04	03:18:07.661	0.84135				2
2025.06.04	03:18:08.544	0.84138	0.84140			6
2025.06.04	03:18:11.094		0.84139			4
2025.06.04	03:18:11.399		0.84140			4
2025.06.04	03:18:15.441	0.84135	0.84137			6
2025.06.04	03:18:16.482	0.84134				2
2025.06.04	03:18:17.887		0.84136			4
2025.06.04	03:18:22.964		0.84137			4
2025.06.04	03:18:25.545		0.84136			4
2025.06.04	03:18:26.228		0.84135			4
2025.06.04	03:18:26.529	0.84133				2
2025.06.04	03:18:28.857		0.84134			4
2025.06.04	03:18:30.144		0.84136			4
2025.06.04	03:18:31.267		0.84135			4
2025.06.04	03:18:31.718	0.84132				2
2025.06.04	03:18:32.022		0.84133			4
2025.06.04	03:18:34.350		0.84134			4
2025.06.04	03:18:35.809		0.84133			4
2025.06.04	03:18:44.422	0.84131				2
2025.06.04	03:18:49.502	0.84132	0.84134			6
2025.06.04	03:18:50.676	0.84133				2
2025.06.04	03:18:51.056	0.84132				2
2025.06.04	03:18:51.441		0.84135			4
2025.06.04	03:18:51.764		0.84134			4
2025.06.04	03:18:57.180	0.84131	0.84133			6
2025.06.04	03:18:57.500	0.84130	0.84132			6
2025.06.04	03:18:57.892	0.84129				2
2025.06.04	03:19:02.110	0.84129				2
2025.06.04	03:19:02.537		0.84131			4
2025.06.04	03:19:03.266	0.84126	0.84128			6
2025.06.04	03:19:06.314	0.84129	0.84130			6
2025.06.04	03:19:06.619	0.84128				2
2025.06.04	03:19:08.113	0.84129				2
2025.06.04	03:19:09.196	0.84128				2
2025.06.04	03:19:12.891		0.84129			4
2025.06.04	03:19:13.361		0.84130			4
2025.06.04	03:19:16.767	0.84127				2
2025.06.04	03:19:18.731	0.84126	0.84128			6
2025.06.04	03:19:20.985		0.84127			4
2025.06.04	03:19:22.544	0.84128	0.84130			6
2025.06.04	03:19:25.512		0.84131			4
2025.06.04	03:19:30.146	0.84129				2
2025.06.04	03:19:30.461		0.84132			4
2025.06.04	03:19:31.009		0.84130			4
2025.06.04	03:19:31.493	0.84128				2
2025.06.04	03:19:32.119	0.84130	0.84131			6
2025.06.04	03:19:33.095		0.84132			4
2025.06.04	03:19:38.345	0.84129				2
2025.06.04	03:19:39.256		0.84131			4
2025.06.04	03:19:42.442		0.84132			4
2025.06.04	03:19:45.020	0.84128	0.84130			6
2025.06.04	03:19:50.390	0.84130	0.84131			6
2025.06.04	03:19:58.398	0.84129				2
2025.06.04	03:19:59.136		0.84130			4
2025.06.04	03:20:00.350	0.84129				2
2025.06.04	03:20:01.416	0.84128	0.84131			6
2025.06.04	03:20:03.395	0.84129				2
2025.06.04	03:20:04.739		0.84130			4
2025.06.04	03:20:06.503	0.84127	0.84129			6
2025.06.04	03:20:06.822	0.84126				2
2025.06.04	03:20:07.255	0.84127				2
2025.06.04	03:20:08.211	0.84128	0.84130			6
2025.06.04	03:20:10.257		0.84131			4
2025.06.04	03:20:10.578	0.84129				2
2025.06.04	03:20:17.448		0.84132			4
2025.06.04	03:20:17.918		0.84131			4
2025.06.04	03:20:18.858	0.84130	0.84133			6
2025.06.04	03:20:24.949	0.84131	0.84132			6
2025.06.04	03:20:30.704		0.84133			4
2025.06.04	03:20:35.974		0.84134			4
2025.06.04	03:20:37.111	0.84132				2
2025.06.04	03:20:37.784	0.84133	0.84135			6
2025.06.04	03:20:40.650	0.84132				2
2025.06.04	03:20:44.068	0.84133				2
2025.06.04	03:20:46.798	0.84134	0.84136			6
2025.06.04	03:20:47.681	0.84137	0.84138			6
2025.06.04	03:20:47.986		0.84139			4
2025.06.04	03:20:50.721	0.84136	0.84138			6
2025.06.04	03:20:51.690	0.84135	0.84137			6
2025.06.04	03:20:52.847	0.84134	0.84136			6
2025.06.04	03:20:54.172	0.84135	0.84138			6
2025.06.04	03:20:54.481		0.84137			4
2025.06.04	03:20:54.825	0.84134	0.84136			6
2025.06.04	03:20:56.343	0.84132	0.84134			6
2025.06.04	03:20:56.737	0.84133	0.84136			6
2025.06.04	03:20:59.365		0.84135			4
2025.06.04	03:21:00.501	0.84133				2
2025.06.04	03:21:00.876		0.84134			4
2025.06.04	03:21:01.373	0.84135	0.84137			6
2025.06.04	03:21:02.344		0.84136			4
2025.06.04	03:21:02.675		0.84137			4
2025.06.04	03:21:03.405		0.84138			4
2025.06.04	03:21:04.140	0.84134	0.84137			6
2025.06.04	03:21:10.907		0.84136			4
2025.06.04	03:21:13.369	0.84133				2
2025.06.04	03:21:15.061		0.84135			4
2025.06.04	03:21:15.592	0.84134				2
2025.06.04	03:21:18.825	0.84136	0.84137			6
2025.06.04	03:21:20.300	0.84135	0.84136			6
2025.06.04	03:21:22.362	0.84134				2
2025.06.04	03:21:24.824	0.84136	0.84137			6
2025.06.04	03:21:26.228	0.84135	0.84136			6
2025.06.04	03:21:30.252	0.84134				2
2025.06.04	03:21:33.049	0.84136	0.84137			6
2025.06.04	03:21:34.736	0.84135	0.84136			6
2025.06.04	03:21:39.096	0.84139	0.84141			6
2025.06.04	03:21:39.400	0.84138				2
2025.06.04	03:21:39.820	0.84139				2
2025.06.04	03:21:45.014	0.84137	0.84140			6
2025.06.04	03:21:51.274	0.84136	0.84138			6
2025.06.04	03:21:58.410	0.84137				2
2025.06.04	03:22:00.131	0.84137				2
2025.06.04	03:22:02.910	0.84136	0.84137			6
2025.06.04	03:22:03.585		0.84138			4
2025.06.04	03:22:04.042	0.84137	0.84140			6
2025.06.04	03:22:04.401	0.84138				2
2025.06.04	03:22:07.739	0.84137				2
2025.06.04	03:22:09.179		0.84139			4
2025.06.04	03:22:14.635	0.84136	0.84138			6
2025.06.04	03:22:18.796	0.84137				2
2025.06.04	03:22:19.099	0.84136				2
2025.06.04	03:22:20.500		0.84137			4
2025.06.04	03:22:21.504	0.84135				2
2025.06.04	03:22:22.741	0.84136				2
2025.06.04	03:22:31.965	0.84134	0.84136			6
2025.06.04	03:22:36.339		0.84135			4
2025.06.04	03:22:37.298	0.84133				2
2025.06.04	03:22:37.607	0.84132	0.84134			6
2025.06.04	03:22:40.813		0.84135			4
2025.06.04	03:22:42.869	0.84133				2
2025.06.04	03:22:58.170	0.84135	0.84136			6
2025.06.04	03:22:59.986	0.84136	0.84137			6
2025.06.04	03:23:00.292	0.84135	0.84136			6
2025.06.04	03:23:02.236	0.84133				2
2025.06.04	03:23:09.304	0.84135				2
2025.06.04	03:23:10.950		0.84137			4
2025.06.04	03:23:11.260	0.84136				2
2025.06.04	03:23:11.632	0.84138	0.84139			6
2025.06.04	03:23:11.939	0.84137	0.84138			6
2025.06.04	03:23:12.312		0.84139			4
2025.06.04	03:23:13.932	0.84136				2
2025.06.04	03:23:14.303		0.84138			4
2025.06.04	03:23:14.682		0.84139			4
2025.06.04	03:23:14.994		0.84138			4
2025.06.04	03:23:15.442		0.84139			4
2025.06.04	03:23:16.627		0.84137			4
2025.06.04	03:23:23.033		0.84138			4
2025.06.04	03:23:27.022		0.84139			4
2025.06.04	03:23:30.677		0.84138			4
2025.06.04	03:23:34.121		0.84137			4
2025.06.04	03:23:36.790	0.84135				2
2025.06.04	03:23:41.928	0.84134	0.84136			6
2025.06.04	03:23:43.803		0.84137			4
2025.06.04	03:23:44.215	0.84137	0.84138			6
2025.06.04	03:23:44.519		0.84139			4
2025.06.04	03:23:48.802	0.84139	0.84141			6
2025.06.04	03:23:49.232		0.84140			4
2025.06.04	03:23:49.569		0.84141			4
2025.06.04	03:23:50.368	0.84142	0.84144			6
2025.06.04	03:23:50.683	0.84140	0.84142			6
2025.06.04	03:24:01.225	0.84139				2
2025.06.04	03:24:01.838	0.84140				2
2025.06.04	03:24:02.935	0.84139				2
