<DATE>	<TIME>	<BID>	<ASK>	<LAST>	<VOLUME>	<FLAGS>
2025.05.21	00:03:31.363	0.84246	0.84306			6
2025.05.21	00:04:00.279	0.84246				2
2025.05.21	00:04:12.767	0.84248				2
2025.05.21	00:04:55.277		0.84306			4
2025.05.21	00:04:59.263	0.84253				2
2025.05.21	00:05:06.180	0.84253				2
2025.05.21	00:05:30.681		0.84304			4
2025.05.21	00:06:00.979	0.84253				2
2025.05.21	00:06:04.315	0.84220				2
2025.05.21	00:06:30.680		0.84303			4
2025.05.21	00:06:49.533		0.84317			4
2025.05.21	00:07:01.366	0.84220				2
2025.05.21	00:07:52.563	0.84227	0.84317			6
2025.05.21	00:07:54.313	0.84225				2
2025.05.21	00:08:01.317	0.84225				2
2025.05.21	00:08:04.358	0.84227				2
2025.05.21	00:08:26.357	0.84228				2
2025.05.21	00:08:33.944	0.84241				2
2025.05.21	00:08:34.355	0.84236				2
2025.05.21	00:08:36.950	0.84237				2
2025.05.21	00:08:37.448	0.84236				2
2025.05.21	00:08:37.947	0.84237				2
2025.05.21	00:08:46.357	0.84239				2
2025.05.21	00:08:49.535		0.84319			4
2025.05.21	00:08:55.247	0.84240				2
2025.05.21	00:09:00.365	0.84240				2
2025.05.21	00:09:00.890	0.84239				2
2025.05.21	00:09:08.303	0.84238				2
2025.05.21	00:09:18.364	0.84239				2
2025.05.21	00:09:19.692	0.84245				2
2025.05.21	00:09:28.431	0.84246				2
2025.05.21	00:09:30.863	0.84245				2
2025.05.21	00:09:33.151	0.84251				2
2025.05.21	00:09:36.372	0.84252				2
2025.05.21	00:09:36.682	0.84227				2
2025.05.21	00:09:38.360	0.84224				2
2025.05.21	00:09:40.294	0.84218				2
2025.05.21	00:09:43.121	0.84212				2
2025.05.21	00:09:48.364	0.84215				2
2025.05.21	00:09:49.531		0.84322			4
2025.05.21	00:09:58.622	0.84214				2
2025.05.21	00:10:00.368	0.84232				2
2025.05.21	00:10:13.414	0.84233	0.84344			6
2025.05.21	00:10:16.478	0.84232	0.84342			6
2025.05.21	00:10:27.141	0.84233				2
2025.05.21	00:10:32.047		0.84341			4
2025.05.21	00:10:33.261	0.84234				2
2025.05.21	00:10:35.430	0.84232	0.84340			6
2025.05.21	00:10:40.584	0.84234	0.84341			6
2025.05.21	00:10:46.039	0.84233	0.84340			6
2025.05.21	00:10:53.317	0.84217	0.84323			6
2025.05.21	00:10:55.954	0.84231	0.84322			6
2025.05.21	00:10:59.353	0.84232	0.84338			6
2025.05.21	00:10:59.983	0.84231	0.84322			6
2025.05.21	00:11:00.285	0.84231				2
2025.05.21	00:11:06.731	0.84232	0.84338			6
2025.05.21	00:11:07.357	0.84231	0.84322			6
2025.05.21	00:11:13.764	0.84232	0.84338			6
2025.05.21	00:11:14.392	0.84231	0.84322			6
2025.05.21	00:11:16.352	0.84232				2
2025.05.21	00:11:20.846	0.84233	0.84337			6
2025.05.21	00:11:21.464	0.84232	0.84322			6
2025.05.21	00:11:27.784	0.84233	0.84337			6
2025.05.21	00:11:28.385	0.84232	0.84322			6
2025.05.21	00:11:40.782	0.84233				2
2025.05.21	00:12:00.855	0.84233				2
2025.05.21	00:12:10.782	0.84234				2
2025.05.21	00:12:29.096		0.84322			4
2025.05.21	00:12:44.389	0.84235				2
2025.05.21	00:12:45.106	0.84234				2
2025.05.21	00:12:48.423	0.84230				2
2025.05.21	00:12:53.382	0.84231				2
2025.05.21	00:12:55.636	0.84232				2
2025.05.21	00:13:00.359	0.84232				2
2025.05.21	00:13:08.085	0.84233				2
2025.05.21	00:13:13.276	0.84226				2
2025.05.21	00:13:15.881	0.84219				2
2025.05.21	00:13:20.858	0.84220				2
2025.05.21	00:13:24.081	0.84226				2
2025.05.21	00:13:26.986	0.84227				2
2025.05.21	00:13:27.822	0.84219				2
2025.05.21	00:13:29.352		0.84322			4
2025.05.21	00:13:31.595	0.84221				2
2025.05.21	00:13:33.765	0.84211	0.84280			6
2025.05.21	00:13:39.889	0.84212				2
2025.05.21	00:13:45.835	0.84215	0.84284			6
2025.05.21	00:13:48.532	0.84214				2
2025.05.21	00:13:53.085	0.84215				2
2025.05.21	00:14:00.694	0.84213	0.84280			6
2025.05.21	00:14:01.298	0.84215				2
2025.05.21	00:14:23.165	0.84217	0.84281			6
2025.05.21	00:14:23.992	0.84215	0.84278			6
2025.05.21	00:14:25.296		0.84283			4
2025.05.21	00:14:37.021	0.84216				2
2025.05.21	00:14:42.911	0.84215				2
2025.05.21	00:14:48.580	0.84214				2
2025.05.21	00:15:03.792	0.84214				2
2025.05.21	00:15:10.022		0.84281			4
2025.05.21	00:16:52.615	0.84250	0.84303			6
2025.05.21	00:17:00.847	0.84250				2
2025.05.21	00:17:01.919		0.84289			4
2025.05.21	00:17:19.921	0.84247	0.84300			6
2025.05.21	00:17:22.029	0.84238	0.84294			6
2025.05.21	00:17:34.844	0.84247	0.84301			6
2025.05.21	00:17:42.925	0.84250				2
2025.05.21	00:18:02.424	0.84250				2
2025.05.21	00:18:03.338	0.84253	0.84305			6
2025.05.21	00:18:11.124	0.84260				2
2025.05.21	00:18:11.458	0.84256				2
2025.05.21	00:18:21.575		0.84317			4
2025.05.21	00:18:40.573	0.84257	0.84322			6
2025.05.21	00:19:00.773	0.84257				2
2025.05.21	00:19:42.822		0.84322			4
2025.05.21	00:19:46.173	0.84256				2
2025.05.21	00:20:04.421	0.84256				2
2025.05.21	00:20:08.699		0.84316			4
2025.05.21	00:20:12.393	0.84254				2
2025.05.21	00:20:14.355	0.84253				2
2025.05.21	00:20:35.117	0.84247				2
2025.05.21	00:20:44.128		0.84308			4
2025.05.21	00:21:01.326	0.84247				2
2025.05.21	00:21:02.382	0.84246				2
2025.05.21	00:21:19.698	0.84253	0.84318			6
2025.05.21	00:21:37.480	0.84254				2
2025.05.21	00:21:40.572		0.84319			4
2025.05.21	00:21:57.822	0.84257				2
2025.05.21	00:21:59.628	0.84260	0.84324			6
2025.05.21	00:22:00.360	0.84260				2
2025.05.21	00:22:12.558	0.84261				2
2025.05.21	00:22:26.426	0.84267				2
2025.05.21	00:22:35.123	0.84263				2
2025.05.21	00:22:38.931	0.84262				2
2025.05.21	00:22:39.588	0.84265				2
2025.05.21	00:22:45.508	0.84264				2
2025.05.21	00:22:46.784	0.84262				2
2025.05.21	00:22:56.209	0.84257				2
2025.05.21	00:22:59.637		0.84326			4
2025.05.21	00:23:00.467	0.84257				2
2025.05.21	00:23:03.858	0.84256				2
2025.05.21	00:23:05.199	0.84254				2
2025.05.21	00:23:15.492	0.84255	0.84317			6
2025.05.21	00:23:46.775	0.84256				2
2025.05.21	00:23:50.617	0.84257				2
2025.05.21	00:23:51.154	0.84256				2
2025.05.21	00:24:00.620	0.84256				2
2025.05.21	00:24:15.320	0.84257				2
2025.05.21	00:24:18.378	0.84262	0.84317			6
2025.05.21	00:24:18.695	0.84257				2
2025.05.21	00:24:20.450	0.84258				2
2025.05.21	00:24:43.190	0.84259				2
2025.05.21	00:24:57.157	0.84254				2
2025.05.21	00:25:00.307	0.84254				2
2025.05.21	00:25:04.249	0.84255				2
2025.05.21	00:25:06.685	0.84254	0.84313			6
2025.05.21	00:25:16.482	0.84255				2
2025.05.21	00:25:56.983	0.84256				2
2025.05.21	00:26:00.414	0.84256				2
2025.05.21	00:26:08.360		0.84313			4
2025.05.21	00:26:43.867	0.84257				2
2025.05.21	00:27:00.381	0.84257				2
2025.05.21	00:27:11.321		0.84313			4
2025.05.21	00:27:43.435	0.84259				2
2025.05.21	00:27:54.935	0.84258				2
2025.05.21	00:28:01.423	0.84258				2
2025.05.21	00:28:12.794		0.84313			4
2025.05.21	00:29:00.580	0.84258				2
2025.05.21	00:29:06.680		0.84314			4
2025.05.21	00:29:34.436	0.84259				2
2025.05.21	00:29:49.219	0.84258				2
2025.05.21	00:30:00.311	0.84258	0.84313			6
2025.05.21	00:30:01.353	0.84259				2
2025.05.21	00:30:07.181	0.84258				2
2025.05.21	00:30:27.966	0.84259				2
2025.05.21	00:30:31.481	0.84260				2
2025.05.21	00:30:32.981	0.84259				2
2025.05.21	00:30:36.583	0.84260				2
2025.05.21	00:30:55.368		0.84315			4
2025.05.21	00:31:00.567	0.84265				2
2025.05.21	00:31:05.641	0.84264				2
2025.05.21	00:31:09.586	0.84265				2
2025.05.21	00:31:16.152	0.84260				2
2025.05.21	00:31:17.763	0.84259				2
2025.05.21	00:31:28.367	0.84264	0.84320			6
2025.05.21	00:31:59.164	0.84265	0.84311			6
2025.05.21	00:32:01.326	0.84265				2
2025.05.21	00:32:09.427	0.84262				2
2025.05.21	00:32:16.432	0.84261				2
2025.05.21	00:32:17.346	0.84257	0.84301			6
2025.05.21	00:32:31.236	0.84256	0.84298			6
2025.05.21	00:33:00.227	0.84256				2
2025.05.21	00:33:13.415	0.84258	0.84308			6
2025.05.21	00:33:14.375	0.84256	0.84301			6
2025.05.21	00:33:16.428	0.84257				2
2025.05.21	00:33:21.883		0.84303			4
2025.05.21	00:33:24.131	0.84258	0.84299			6
2025.05.21	00:33:35.982	0.84257				2
2025.05.21	00:34:01.441	0.84257				2
2025.05.21	00:34:03.588	0.84258				2
2025.05.21	00:34:19.138		0.84300			4
2025.05.21	00:35:01.424	0.84258				2
2025.05.21	00:35:07.436		0.84305			4
2025.05.21	00:35:35.085	0.84256				2
2025.05.21	00:35:35.613		0.84301			4
2025.05.21	00:36:00.747	0.84256				2
2025.05.21	00:36:06.282	0.84257	0.84305			6
2025.05.21	00:36:08.684	0.84256				2
2025.05.21	00:36:16.572	0.84257	0.84301			6
2025.05.21	00:36:57.019		0.84306			4
2025.05.21	00:37:01.323	0.84257				2
2025.05.21	00:37:05.150		0.84302			4
2025.05.21	00:37:29.557	0.84253				2
2025.05.21	00:37:41.682	0.84254				2
2025.05.21	00:37:52.425	0.84253				2
2025.05.21	00:38:00.149	0.84253	0.84301			6
2025.05.21	00:38:22.321	0.84251	0.84299			6
2025.05.21	00:38:32.687	0.84252				2
2025.05.21	00:38:33.817		0.84301			4
2025.05.21	00:38:43.226	0.84248	0.84292			6
2025.05.21	00:38:49.782	0.84249				2
2025.05.21	00:39:00.847	0.84249				2
2025.05.21	00:39:04.719	0.84255	0.84293			6
2025.05.21	00:39:16.720	0.84252	0.84288			6
2025.05.21	00:39:29.682	0.84253				2
2025.05.21	00:39:30.316		0.84291			4
2025.05.21	00:39:51.872		0.84292			4
2025.05.21	00:40:02.084	0.84239	0.84291			6
2025.05.21	00:40:02.386	0.84240				2
2025.05.21	00:40:03.097	0.84241				2
2025.05.21	00:40:03.884	0.84242				2
2025.05.21	00:40:06.277	0.84243				2
2025.05.21	00:40:07.488	0.84244				2
2025.05.21	00:40:08.683	0.84245				2
2025.05.21	00:40:12.282	0.84246				2
2025.05.21	00:40:12.600	0.84245				2
2025.05.21	00:40:14.094	0.84246				2
2025.05.21	00:40:17.381	0.84247				2
2025.05.21	00:40:20.383	0.84248				2
2025.05.21	00:40:25.786	0.84249				2
2025.05.21	00:40:26.454		0.84292			4
2025.05.21	00:40:30.952	0.84251				2
2025.05.21	00:40:43.592	0.84250	0.84288			6
2025.05.21	00:40:50.440	0.84249	0.84286			6
2025.05.21	00:40:52.580	0.84264	0.84303			6
2025.05.21	00:40:58.484	0.84265				2
2025.05.21	00:40:59.289	0.84266	0.84307			6
2025.05.21	00:41:00.842	0.84265				2
2025.05.21	00:41:07.859	0.84266	0.84317			6
2025.05.21	00:41:09.587	0.84267				2
2025.05.21	00:41:12.734	0.84268				2
2025.05.21	00:41:21.904	0.84266	0.84313			6
2025.05.21	00:41:25.936	0.84264	0.84308			6
2025.05.21	00:41:29.511	0.84267	0.84313			6
2025.05.21	00:41:32.254	0.84265				2
2025.05.21	00:41:57.709	0.84262	0.84308			6
2025.05.21	00:42:00.448	0.84260	0.84302			6
2025.05.21	00:42:21.332	0.84258				2
2025.05.21	00:42:55.381	0.84254	0.84299			6
2025.05.21	00:42:57.409	0.84253	0.84292			6
2025.05.21	00:43:00.993	0.84253				2
2025.05.21	00:43:07.846	0.84251	0.84290			6
2025.05.21	00:43:40.182	0.84252				2
2025.05.21	00:43:51.922	0.84253				2
2025.05.21	00:43:52.927	0.84261	0.84305			6
2025.05.21	00:43:57.585	0.84260				2
2025.05.21	00:44:00.195	0.84261				2
2025.05.21	00:44:02.072	0.84262				2
2025.05.21	00:44:09.978	0.84261				2
2025.05.21	00:44:19.738	0.84260				2
2025.05.21	00:44:22.027	0.84261				2
2025.05.21	00:44:44.986	0.84262				2
2025.05.21	00:44:47.918		0.84307			4
2025.05.21	00:45:00.399	0.84262				2
2025.05.21	00:45:02.193	0.84253	0.84310			6
2025.05.21	00:45:04.645	0.84262	0.84307			6
2025.05.21	00:45:08.501	0.84273	0.84295			6
2025.05.21	00:46:00.966	0.84273				2
2025.05.21	00:46:02.003	0.84278	0.84301			6
2025.05.21	00:46:14.175		0.84305			4
2025.05.21	00:46:19.595		0.84302			4
2025.05.21	00:46:25.245		0.84305			4
2025.05.21	00:46:30.405	0.84275	0.84308			6
2025.05.21	00:46:30.901		0.84299			4
2025.05.21	00:46:43.075	0.84276				2
2025.05.21	00:47:00.404	0.84275				2
2025.05.21	00:47:02.201	0.84267	0.84300			6
2025.05.21	00:47:02.522	0.84268	0.84301			6
2025.05.21	00:47:04.645	0.84277	0.84299			6
2025.05.21	00:48:02.619	0.84277				2
2025.05.21	00:48:07.546		0.84299			4
2025.05.21	00:48:20.907		0.84298			4
2025.05.21	00:48:42.427	0.84278				2
2025.05.21	00:48:44.458	0.84277				2
2025.05.21	00:48:58.144	0.84276				2
2025.05.21	00:48:59.520	0.84278	0.84305			6
2025.05.21	00:48:59.832	0.84276				2
2025.05.21	00:49:00.269	0.84276	0.84299			6
2025.05.21	00:49:07.306		0.84309			4
2025.05.21	00:49:16.770		0.84304			4
2025.05.21	00:49:23.093		0.84307			4
2025.05.21	00:49:25.061	0.84249	0.84304			6
2025.05.21	00:49:25.386	0.84248	0.84302			6
2025.05.21	00:49:26.352	0.84249	0.84301			6
2025.05.21	00:49:27.349	0.84251				2
2025.05.21	00:49:32.536	0.84252				2
2025.05.21	00:49:40.486	0.84253				2
2025.05.21	00:49:47.891		0.84292			4
2025.05.21	00:49:54.389		0.84301			4
2025.05.21	00:50:00.850	0.84253				2
2025.05.21	00:50:01.486	0.84254				2
2025.05.21	00:50:14.965	0.84255				2
2025.05.21	00:50:17.495		0.84292			4
2025.05.21	00:50:23.920		0.84301			4
2025.05.21	00:50:41.806	0.84256				2
2025.05.21	00:50:47.361		0.84292			4
2025.05.21	00:50:54.165		0.84301			4
2025.05.21	00:51:00.847	0.84256				2
2025.05.21	00:51:10.851		0.84300			4
2025.05.21	00:51:18.055		0.84292			4
2025.05.21	00:51:21.640	0.84257				2
2025.05.21	00:51:22.436	0.84256				2
2025.05.21	00:51:22.832	0.84257				2
2025.05.21	00:51:23.700		0.84300			4
2025.05.21	00:51:36.582	0.84258				2
2025.05.21	00:51:37.812	0.84254	0.84313			6
2025.05.21	00:51:41.648	0.84255				2
2025.05.21	00:51:41.986		0.84311			4
2025.05.21	00:51:44.986		0.84312			4
2025.05.21	00:51:46.783		0.84311			4
2025.05.21	00:51:47.608		0.84298			4
2025.05.21	00:51:53.339	0.84256	0.84292			6
2025.05.21	00:51:54.115		0.84303			4
2025.05.21	00:51:57.285	0.84257				2
2025.05.21	00:52:00.360	0.84257				2
2025.05.21	00:52:00.850		0.84302			4
2025.05.21	00:52:04.114	0.84259	0.84303			6
2025.05.21	00:52:10.496	0.84260	0.84304			6
2025.05.21	00:52:15.434		0.84292			4
2025.05.21	00:52:17.084	0.84264				2
2025.05.21	00:52:20.854		0.84304			4
2025.05.21	00:52:29.952	0.84265				2
2025.05.21	00:52:31.638	0.84264				2
2025.05.21	00:52:35.959	0.84265				2
2025.05.21	00:52:38.005		0.84303			4
2025.05.21	00:52:40.183		0.84304			4
2025.05.21	00:52:40.859		0.84292			4
2025.05.21	00:52:47.161		0.84304			4
2025.05.21	00:52:50.851	0.84264	0.84303			6
2025.05.21	00:53:00.360	0.84264				2
2025.05.21	00:53:07.517		0.84292			4
2025.05.21	00:53:13.260		0.84303			4
2025.05.21	00:53:30.036	0.84269	0.84309			6
2025.05.21	00:53:32.685	0.84267	0.84306			6
2025.05.21	00:53:34.865	0.84271	0.84311			6
2025.05.21	00:53:36.518		0.84303			4
2025.05.21	00:53:36.944	0.84268				2
2025.05.21	00:53:42.582		0.84313			4
2025.05.21	00:53:46.237	0.84276	0.84317			6
2025.05.21	00:53:50.058	0.84275				2
2025.05.21	00:54:00.849	0.84275				2
2025.05.21	00:54:03.650		0.84309			4
2025.05.21	00:54:04.344	0.84279				2
2025.05.21	00:54:09.512	0.84277	0.84314			6
2025.05.21	00:54:11.547	0.84278	0.84313			6
2025.05.21	00:54:14.947	0.84284	0.84322			6
2025.05.21	00:54:20.848		0.84324			4
2025.05.21	00:54:29.960	0.84278	0.84313			6
2025.05.21	00:54:30.368	0.84281	0.84319			6
2025.05.21	00:54:32.050		0.84312			4
2025.05.21	00:54:37.474		0.84319			4
2025.05.21	00:54:38.834	0.84283	0.84320			6
2025.05.21	00:54:45.883	0.84284				2
2025.05.21	00:55:00.382	0.84284				2
2025.05.21	00:55:01.272		0.84316			4
2025.05.21	00:55:08.192		0.84319			4
2025.05.21	00:55:14.082	0.84285	0.84318			6
2025.05.21	00:55:20.685		0.84319			4
2025.05.21	00:55:25.373	0.84273	0.84306			6
2025.05.21	00:55:25.891	0.84277	0.84310			6
2025.05.21	00:55:31.664		0.84306			4
2025.05.21	00:55:36.962		0.84310			4
2025.05.21	00:55:37.954		0.84309			4
2025.05.21	00:55:47.235	0.84283	0.84314			6
2025.05.21	00:55:47.534	0.84284	0.84316			6
2025.05.21	00:55:49.784	0.84283	0.84315			6
2025.05.21	00:55:51.640		0.84314			4
2025.05.21	00:56:00.850	0.84283				2
2025.05.21	00:56:03.795		0.84312			4
2025.05.21	00:56:08.950		0.84314			4
2025.05.21	00:56:24.582	0.84284	0.84315			6
2025.05.21	00:56:32.218		0.84312			4
2025.05.21	00:56:34.787	0.84283				2
2025.05.21	00:56:38.714		0.84314			4
2025.05.21	00:56:44.622	0.84282				2
2025.05.21	00:56:48.718	0.84281	0.84312			6
2025.05.21	00:56:53.230	0.84280	0.84311			6
2025.05.21	00:56:56.469	0.84282	0.84313			6
2025.05.21	00:56:57.267	0.84284	0.84314			6
2025.05.21	00:56:58.251	0.84285	0.84315			6
2025.05.21	00:57:00.357	0.84285				2
2025.05.21	00:57:04.540		0.84311			4
2025.05.21	00:57:09.904		0.84315			4
2025.05.21	00:57:12.584		0.84316			4
2025.05.21	00:57:35.773		0.84311			4
2025.05.21	00:57:42.203		0.84316			4
2025.05.21	00:57:55.015	0.84289	0.84319			6
2025.05.21	00:57:55.487	0.84285	0.84316			6
2025.05.21	00:58:00.774	0.84285				2
2025.05.21	00:58:08.589		0.84313			4
2025.05.21	00:58:13.740		0.84316			4
2025.05.21	00:58:28.782		0.84315			4
2025.05.21	00:58:34.073		0.84313			4
2025.05.21	00:58:39.356		0.84315			4
2025.05.21	00:58:50.185	0.84276	0.84311			6
2025.05.21	00:58:52.649	0.84278	0.84310			6
2025.05.21	00:58:53.771	0.84281	0.84312			6
2025.05.21	00:59:00.930	0.84281				2
2025.05.21	00:59:28.936	0.84282	0.84313			6
2025.05.21	00:59:31.184	0.84280	0.84312			6
2025.05.21	00:59:35.019	0.84279				2
2025.05.21	00:59:47.006		0.84313			4
2025.05.21	00:59:50.383	0.84251	0.84312			6
2025.05.21	00:59:51.055	0.84252	0.84313			6
2025.05.21	00:59:51.581	0.84254				2
2025.05.21	00:59:52.458	0.84257				2
2025.05.21	00:59:56.687	0.84258				2
2025.05.21	00:59:59.237	0.84259	0.84302			6
2025.05.21	01:00:00.315	0.84263				2
2025.05.21	01:00:01.000	0.84264				2
2025.05.21	01:00:01.397	0.84269	0.84307			6
2025.05.21	01:00:01.758	0.84268				2
2025.05.21	01:00:02.166	0.84269				2
2025.05.21	01:00:02.502	0.84270	0.84309			6
2025.05.21	01:00:02.808		0.84310			4
2025.05.21	01:00:03.111	0.84267	0.84305			6
2025.05.21	01:00:03.420	0.84265	0.84307			6
2025.05.21	01:00:03.772	0.84266	0.84308			6
2025.05.21	01:00:04.380	0.84263				2
2025.05.21	01:00:04.688	0.84264				2
2025.05.21	01:00:04.989	0.84266	0.84293			6
2025.05.21	01:00:08.470	0.84250	0.84282			6
2025.05.21	01:00:08.874		0.84285			4
2025.05.21	01:00:09.220		0.84276			4
2025.05.21	01:00:09.525	0.84262	0.84284			6
2025.05.21	01:00:10.378	0.84259				2
2025.05.21	01:00:14.794	0.84260				2
2025.05.21	01:00:15.639	0.84259				2
2025.05.21	01:00:17.146	0.84260				2
2025.05.21	01:00:18.220	0.84258				2
2025.05.21	01:00:21.538		0.84285			4
2025.05.21	01:00:21.887	0.84259				2
2025.05.21	01:00:22.831	0.84254				2
2025.05.21	01:00:23.144		0.84273			4
2025.05.21	01:00:23.536	0.84256	0.84274			6
2025.05.21	01:00:24.186	0.84255	0.84275			6
2025.05.21	01:00:24.525		0.84276			4
2025.05.21	01:00:27.378	0.84250				2
2025.05.21	01:00:28.238	0.84251				2
2025.05.21	01:00:30.053		0.84279			4
2025.05.21	01:00:34.118	0.84252	0.84278			6
2025.05.21	01:00:34.450	0.84253	0.84279			6
2025.05.21	01:00:34.781	0.84250	0.84272			6
2025.05.21	01:00:36.360		0.84271			4
2025.05.21	01:00:38.360		0.84272			4
2025.05.21	01:00:38.665		0.84273			4
2025.05.21	01:00:39.075		0.84274			4
2025.05.21	01:00:44.446		0.84273			4
2025.05.21	01:00:45.837		0.84276			4
2025.05.21	01:00:46.286	0.84252	0.84275			6
2025.05.21	01:00:46.704	0.84254	0.84278			6
2025.05.21	01:00:47.042		0.84277			4
2025.05.21	01:00:47.449	0.84255	0.84278			6
2025.05.21	01:00:48.502	0.84253				2
2025.05.21	01:00:49.129		0.84276			4
2025.05.21	01:00:50.446		0.84277			4
2025.05.21	01:00:52.012		0.84278			4
2025.05.21	01:00:53.938	0.84252	0.84277			6
2025.05.21	01:00:54.239	0.84255	0.84280			6
2025.05.21	01:00:55.570	0.84254	0.84279			6
2025.05.21	01:00:55.993	0.84255	0.84280			6
2025.05.21	01:00:57.832	0.84252	0.84276			6
2025.05.21	01:00:58.141	0.84253	0.84278			6
2025.05.21	01:00:58.952	0.84255	0.84279			6
2025.05.21	01:00:59.404	0.84256	0.84280			6
2025.05.21	01:00:59.943	0.84255				2
2025.05.21	01:01:00.251	0.84262	0.84282			6
2025.05.21	01:01:00.567	0.84261				2
2025.05.21	01:01:00.876	0.84263	0.84287			6
2025.05.21	01:01:02.646	0.84262				2
2025.05.21	01:01:02.983		0.84285			4
2025.05.21	01:01:03.427	0.84264	0.84287			6
2025.05.21	01:01:03.886	0.84262	0.84285			6
2025.05.21	01:01:04.193	0.84263				2
2025.05.21	01:01:04.784	0.84265				2
2025.05.21	01:01:05.175	0.84263				2
2025.05.21	01:01:05.491	0.84265				2
2025.05.21	01:01:06.274	0.84257	0.84281			6
2025.05.21	01:01:06.578	0.84258	0.84275			6
2025.05.21	01:01:06.998		0.84274			4
2025.05.21	01:01:10.042		0.84275			4
2025.05.21	01:01:13.249	0.84261	0.84277			6
2025.05.21	01:01:13.915	0.84262	0.84280			6
2025.05.21	01:01:15.557	0.84261	0.84277			6
2025.05.21	01:01:16.354	0.84262	0.84280			6
2025.05.21	01:01:17.537	0.84261	0.84277			6
2025.05.21	01:01:19.483	0.84259				2
2025.05.21	01:01:21.153	0.84263	0.84279			6
2025.05.21	01:01:23.082	0.84262				2
2025.05.21	01:01:24.335	0.84261	0.84277			6
2025.05.21	01:01:24.663	0.84260				2
2025.05.21	01:01:26.227	0.84263	0.84279			6
2025.05.21	01:01:26.631		0.84278			4
2025.05.21	01:01:28.156	0.84262				2
2025.05.21	01:01:29.155	0.84261				2
2025.05.21	01:01:32.334	0.84260	0.84277			6
2025.05.21	01:01:34.384	0.84264	0.84278			6
2025.05.21	01:01:36.320	0.84262				2
2025.05.21	01:01:37.053	0.84261				2
2025.05.21	01:01:37.373	0.84266	0.84279			6
2025.05.21	01:01:38.314	0.84267				2
2025.05.21	01:01:41.234	0.84266				2
2025.05.21	01:01:42.153	0.84267				2
2025.05.21	01:01:43.376	0.84268				2
2025.05.21	01:01:43.946	0.84267				2
2025.05.21	01:01:44.373	0.84266				2
2025.05.21	01:01:47.164	0.84267				2
2025.05.21	01:01:50.313	0.84268				2
2025.05.21	01:02:00.585	0.84268				2
2025.05.21	01:02:01.607	0.84270				2
2025.05.21	01:02:16.475	0.84266	0.84275			6
2025.05.21	01:02:19.484		0.84276			4
2025.05.21	01:02:20.188		0.84275			4
2025.05.21	01:02:34.869		0.84272			4
2025.05.21	01:02:35.616	0.84267	0.84275			6
2025.05.21	01:02:40.487	0.84264				2
2025.05.21	01:02:44.685	0.84265				2
2025.05.21	01:02:45.285	0.84268	0.84277			6
2025.05.21	01:02:45.667	0.84265	0.84274			6
2025.05.21	01:02:47.457	0.84267	0.84276			6
2025.05.21	01:02:53.832	0.84268				2
2025.05.21	01:02:54.882	0.84270				2
2025.05.21	01:03:00.458	0.84270				2
2025.05.21	01:03:15.978	0.84268				2
2025.05.21	01:03:18.596	0.84269				2
2025.05.21	01:03:19.157	0.84271				2
2025.05.21	01:03:19.458	0.84270				2
2025.05.21	01:03:30.410		0.84277			4
2025.05.21	01:03:38.955	0.84268				2
2025.05.21	01:03:39.517		0.84276			4
2025.05.21	01:03:39.884		0.84277			4
2025.05.21	01:03:49.185	0.84265	0.84274			6
2025.05.21	01:03:50.271	0.84266				2
2025.05.21	01:03:54.545	0.84265				2
2025.05.21	01:03:55.552	0.84267				2
2025.05.21	01:03:55.852	0.84266				2
2025.05.21	01:03:56.195	0.84265	0.84273			6
2025.05.21	01:04:00.155	0.84265				2
2025.05.21	01:04:09.693	0.84266	0.84276			6
2025.05.21	01:04:59.715	0.84270	0.84279			6
2025.05.21	01:05:00.285	0.84270				2
2025.05.21	01:05:00.790	0.84273	0.84280			6
2025.05.21	01:05:01.404	0.84277	0.84282			6
2025.05.21	01:05:01.754	0.84276	0.84280			6
2025.05.21	01:05:06.600	0.84275				2
2025.05.21	01:05:17.084	0.84270	0.84276			6
2025.05.21	01:05:28.986	0.84272	0.84277			6
2025.05.21	01:05:29.619	0.84273				2
2025.05.21	01:05:31.901		0.84278			4
2025.05.21	01:05:32.200		0.84277			4
2025.05.21	01:05:56.386		0.84276			4
2025.05.21	01:05:59.762		0.84275			4
2025.05.21	01:06:00.141	0.84273				2
2025.05.21	01:06:01.860	0.84274				2
2025.05.21	01:06:03.060	0.84273				2
2025.05.21	01:06:03.424	0.84268				2
2025.05.21	01:06:13.028	0.84267				2
2025.05.21	01:06:16.715	0.84269				2
2025.05.21	01:06:20.807		0.84274			4
2025.05.21	01:06:26.467	0.84268				2
2025.05.21	01:06:29.498	0.84269				2
2025.05.21	01:06:30.419	0.84270				2
2025.05.21	01:07:01.183	0.84270				2
2025.05.21	01:07:01.997		0.84275			4
2025.05.21	01:07:03.879	0.84269				2
2025.05.21	01:07:05.382	0.84270				2
2025.05.21	01:07:23.418		0.84273			4
2025.05.21	01:07:24.465	0.84266	0.84271			6
2025.05.21	01:07:24.775		0.84270			4
2025.05.21	01:07:27.201	0.84265				2
2025.05.21	01:07:32.080	0.84264	0.84271			6
2025.05.21	01:07:33.018		0.84270			4
2025.05.21	01:07:35.464	0.84265	0.84272			6
2025.05.21	01:07:48.567	0.84262	0.84268			6
2025.05.21	01:08:00.356	0.84262				2
2025.05.21	01:08:00.664	0.84267	0.84270			6
2025.05.21	01:08:02.286	0.84268				2
2025.05.21	01:08:24.527	0.84264				2
2025.05.21	01:08:25.605	0.84266				2
2025.05.21	01:08:29.112	0.84265				2
2025.05.21	01:08:33.508	0.84267	0.84268			6
2025.05.21	01:08:33.811	0.84270	0.84271			6
2025.05.21	01:08:36.381	0.84272	0.84274			6
2025.05.21	01:08:38.189		0.84275			4
2025.05.21	01:08:41.837	0.84269	0.84272			6
2025.05.21	01:08:43.301		0.84271			4
2025.05.21	01:08:45.241	0.84268				2
2025.05.21	01:08:56.142	0.84264	0.84269			6
2025.05.21	01:08:58.184		0.84268			4
2025.05.21	01:09:00.379	0.84266				2
2025.05.21	01:09:00.883		0.84270			4
2025.05.21	01:09:05.654	0.84264				2
2025.05.21	01:09:07.027	0.84265	0.84271			6
2025.05.21	01:09:07.472	0.84270	0.84276			6
2025.05.21	01:09:09.623	0.84269	0.84272			6
2025.05.21	01:09:10.360	0.84268				2
2025.05.21	01:09:12.113		0.84271			4
2025.05.21	01:09:13.164		0.84272			4
2025.05.21	01:09:15.175	0.84269				2
2025.05.21	01:09:29.742	0.84267				2
2025.05.21	01:09:30.283	0.84269	0.84271			6
2025.05.21	01:09:30.609		0.84272			4
2025.05.21	01:09:32.033	0.84267	0.84271			6
2025.05.21	01:09:37.341	0.84266	0.84270			6
2025.05.21	01:09:39.014	0.84265				2
2025.05.21	01:09:39.398	0.84266				2
2025.05.21	01:09:49.185		0.84269			4
2025.05.21	01:09:49.668	0.84264	0.84268			6
2025.05.21	01:09:49.989	0.84265	0.84269			6
2025.05.21	01:09:50.355	0.84267	0.84268			6
2025.05.21	01:09:50.682		0.84271			4
2025.05.21	01:09:51.430	0.84266	0.84270			6
2025.05.21	01:09:53.516	0.84267	0.84271			6
2025.05.21	01:09:58.081	0.84268				2
2025.05.21	01:10:00.382	0.84269	0.84272			6
2025.05.21	01:10:00.743		0.84271			4
2025.05.21	01:10:01.540		0.84273			4
2025.05.21	01:10:02.351		0.84271			4
2025.05.21	01:10:03.122	0.84268				2
2025.05.21	01:10:04.048	0.84266	0.84269			6
2025.05.21	01:10:04.360		0.84268			4
2025.05.21	01:10:07.178	0.84267				2
2025.05.21	01:10:07.838		0.84269			4
2025.05.21	01:10:08.834	0.84265	0.84268			6
2025.05.21	01:10:16.397	0.84266	0.84269			6
2025.05.21	01:10:22.596	0.84265	0.84268			6
2025.05.21	01:10:23.100	0.84264	0.84267			6
2025.05.21	01:10:28.660	0.84265	0.84268			6
2025.05.21	01:10:29.191	0.84264	0.84267			6
2025.05.21	01:10:29.934	0.84265				2
2025.05.21	01:10:31.455	0.84264				2
2025.05.21	01:10:32.347	0.84265				2
2025.05.21	01:10:37.321	0.84266	0.84268			6
2025.05.21	01:10:37.656		0.84269			4
2025.05.21	01:10:41.985	0.84265	0.84267			6
2025.05.21	01:10:42.403	0.84266	0.84269			6
2025.05.21	01:10:44.756	0.84267				2
2025.05.21	01:10:59.712		0.84270			4
2025.05.21	01:11:00.848	0.84267				2
2025.05.21	01:11:01.414	0.84266	0.84268			6
2025.05.21	01:11:01.717		0.84267			4
2025.05.21	01:11:02.036	0.84265				2
2025.05.21	01:11:03.885		0.84268			4
2025.05.21	01:11:04.398	0.84268	0.84271			6
2025.05.21	01:11:09.212	0.84269	0.84272			6
2025.05.21	01:11:10.427		0.84273			4
2025.05.21	01:11:11.729	0.84272	0.84275			6
2025.05.21	01:11:12.041	0.84273	0.84276			6
2025.05.21	01:11:16.146	0.84275	0.84278			6
2025.05.21	01:11:26.701	0.84276	0.84279			6
2025.05.21	01:11:29.090		0.84278			4
2025.05.21	01:11:31.646		0.84279			4
2025.05.21	01:11:33.315	0.84274	0.84276			6
2025.05.21	01:11:34.058	0.84273				2
2025.05.21	01:11:46.131	0.84274				2
2025.05.21	01:11:49.448	0.84271	0.84274			6
2025.05.21	01:11:50.092	0.84272				2
2025.05.21	01:11:53.294	0.84268	0.84272			6
2025.05.21	01:11:53.599		0.84271			4
2025.05.21	01:11:59.273	0.84270	0.84272			6
2025.05.21	01:11:59.878	0.84269				2
2025.05.21	01:12:00.376	0.84268	0.84270			6
2025.05.21	01:12:01.163	0.84266	0.84268			6
2025.05.21	01:12:06.123		0.84269			4
2025.05.21	01:12:15.398	0.84267	0.84270			6
2025.05.21	01:12:15.753		0.84269			4
2025.05.21	01:12:18.584	0.84265	0.84268			6
2025.05.21	01:12:18.913		0.84267			4
2025.05.21	01:12:21.294	0.84264				2
2025.05.21	01:12:27.643	0.84265				2
2025.05.21	01:12:30.351	0.84266	0.84268			6
2025.05.21	01:12:36.189	0.84265				2
2025.05.21	01:12:36.685		0.84267			4
2025.05.21	01:12:37.047	0.84266	0.84268			6
2025.05.21	01:12:38.885		0.84269			4
2025.05.21	01:12:48.417	0.84267				2
2025.05.21	01:12:48.942	0.84266	0.84267			6
2025.05.21	01:12:49.260	0.84261	0.84263			6
2025.05.21	01:12:49.567	0.84264	0.84266			6
2025.05.21	01:12:49.884		0.84267			4
2025.05.21	01:12:50.613	0.84265				2
2025.05.21	01:12:51.446	0.84262	0.84265			6
2025.05.21	01:12:52.186	0.84263				2
2025.05.21	01:12:52.774		0.84266			4
2025.05.21	01:12:54.114	0.84264				2
2025.05.21	01:12:55.243	0.84265	0.84268			6
2025.05.21	01:12:55.565		0.84267			4
2025.05.21	01:12:56.578	0.84264				2
2025.05.21	01:12:56.923	0.84265				2
2025.05.21	01:12:57.239	0.84264				2
2025.05.21	01:13:00.050	0.84264	0.84266			6
2025.05.21	01:13:03.613	0.84265	0.84267			6
2025.05.21	01:13:03.920	0.84264				2
2025.05.21	01:13:04.237	0.84265				2
2025.05.21	01:13:05.676		0.84268			4
2025.05.21	01:13:06.083		0.84267			4
2025.05.21	01:13:06.406		0.84268			4
2025.05.21	01:13:09.680	0.84261	0.84264			6
2025.05.21	01:13:09.997		0.84263			4
2025.05.21	01:13:10.316	0.84262	0.84264			6
2025.05.21	01:13:13.904		0.84263			4
2025.05.21	01:13:15.943	0.84264	0.84266			6
2025.05.21	01:13:16.396		0.84267			4
2025.05.21	01:13:17.905	0.84263	0.84265			6
2025.05.21	01:13:18.353	0.84262				2
2025.05.21	01:13:23.568	0.84263				2
2025.05.21	01:13:25.244	0.84262				2
2025.05.21	01:13:26.999	0.84261	0.84264			6
2025.05.21	01:13:27.303	0.84259	0.84263			6
2025.05.21	01:13:27.609	0.84261				2
2025.05.21	01:13:31.656	0.84262	0.84264			6
2025.05.21	01:13:37.792		0.84265			4
2025.05.21	01:13:38.327	0.84263				2
2025.05.21	01:13:39.949		0.84266			4
2025.05.21	01:13:41.043	0.84264				2
2025.05.21	01:13:45.368	0.84263	0.84265			6
2025.05.21	01:13:51.004	0.84261	0.84264			6
2025.05.21	01:13:53.861		0.84263			4
2025.05.21	01:13:55.957	0.84260	0.84261			6
2025.05.21	01:14:00.379	0.84260	0.84263			6
2025.05.21	01:14:00.696	0.84261				2
2025.05.21	01:14:02.909		0.84264			4
2025.05.21	01:14:03.973		0.84263			4
2025.05.21	01:14:05.124	0.84260	0.84262			6
2025.05.21	01:14:11.644	0.84258	0.84261			6
2025.05.21	01:14:12.001	0.84257	0.84259			6
2025.05.21	01:14:12.319	0.84256				2
2025.05.21	01:14:12.665	0.84257				2
2025.05.21	01:14:13.370	0.84259	0.84261			6
2025.05.21	01:14:17.332	0.84260	0.84262			6
2025.05.21	01:14:17.914	0.84259				2
2025.05.21	01:14:20.098	0.84260				2
2025.05.21	01:14:20.527	0.84259				2
2025.05.21	01:14:29.427	0.84260				2
2025.05.21	01:14:29.870	0.84259				2
2025.05.21	01:14:39.780	0.84260				2
2025.05.21	01:14:40.497	0.84259				2
2025.05.21	01:14:42.071	0.84260	0.84263			6
2025.05.21	01:14:42.454	0.84259	0.84261			6
2025.05.21	01:14:43.222		0.84262			4
2025.05.21	01:14:43.548	0.84260				2
2025.05.21	01:14:44.383	0.84259				2
2025.05.21	01:14:48.313	0.84260				2
2025.05.21	01:14:51.617		0.84263			4
2025.05.21	01:14:58.307	0.84262	0.84264			6
2025.05.21	01:14:58.921	0.84261				2
2025.05.21	01:15:00.380	0.84262				2
2025.05.21	01:15:02.915		0.84265			4
2025.05.21	01:15:03.219	0.84263				2
2025.05.21	01:15:03.663	0.84262				2
2025.05.21	01:15:04.364		0.84264			4
2025.05.21	01:15:11.821		0.84265			4
2025.05.21	01:15:12.629		0.84264			4
2025.05.21	01:15:22.484	0.84263	0.84265			6
2025.05.21	01:15:23.365	0.84262				2
2025.05.21	01:15:23.670	0.84263				2
2025.05.21	01:15:24.032	0.84262				2
2025.05.21	01:15:36.900		0.84264			4
2025.05.21	01:15:37.808		0.84265			4
2025.05.21	01:15:38.481		0.84264			4
2025.05.21	01:15:40.569		0.84265			4
2025.05.21	01:15:51.380		0.84264			4
2025.05.21	01:15:51.704	0.84261				2
2025.05.21	01:15:52.854	0.84262				2
2025.05.21	01:15:58.244		0.84265			4
2025.05.21	01:16:00.474	0.84262				2
2025.05.21	01:16:03.305		0.84264			4
2025.05.21	01:16:04.078	0.84261	0.84263			6
2025.05.21	01:16:05.656	0.84258	0.84261			6
2025.05.21	01:16:11.428		0.84260			4
2025.05.21	01:16:18.983	0.84259				2
2025.05.21	01:16:45.842	0.84258				2
2025.05.21	01:16:46.465	0.84257	0.84259			6
2025.05.21	01:16:47.407	0.84256				2
2025.05.21	01:16:49.398		0.84258			4
2025.05.21	01:16:51.420	0.84257	0.84259			6
2025.05.21	01:17:00.173	0.84257				2
2025.05.21	01:17:00.483	0.84258	0.84260			6
2025.05.21	01:17:02.083	0.84259				2
2025.05.21	01:17:02.384	0.84257				2
2025.05.21	01:17:03.892	0.84260	0.84263			6
2025.05.21	01:17:05.346		0.84262			4
2025.05.21	01:17:05.741		0.84263			4
2025.05.21	01:17:07.057	0.84259	0.84262			6
2025.05.21	01:17:09.911	0.84258	0.84260			6
2025.05.21	01:17:19.043		0.84261			4
2025.05.21	01:17:23.341	0.84256	0.84259			6
2025.05.21	01:17:28.850	0.84258				2
2025.05.21	01:17:31.071		0.84260			4
2025.05.21	01:17:32.033	0.84256	0.84259			6
2025.05.21	01:17:38.857		0.84258			4
2025.05.21	01:17:39.972		0.84259			4
2025.05.21	01:17:48.414	0.84257				2
2025.05.21	01:17:48.951	0.84256				2
2025.05.21	01:17:51.285		0.84258			4
2025.05.21	01:17:52.597	0.84255	0.84257			6
2025.05.21	01:17:54.463	0.84254	0.84256			6
2025.05.21	01:18:00.394	0.84254				2
2025.05.21	01:18:02.839	0.84256	0.84259			6
2025.05.21	01:18:08.076	0.84260	0.84262			6
2025.05.21	01:18:08.380	0.84261	0.84263			6
2025.05.21	01:18:11.916	0.84262	0.84264			6
2025.05.21	01:18:13.714		0.84263			4
2025.05.21	01:18:14.363	0.84261				2
2025.05.21	01:18:16.537	0.84262	0.84264			6
2025.05.21	01:18:16.879		0.84265			4
2025.05.21	01:18:21.169	0.84263				2
2025.05.21	01:18:26.567	0.84264	0.84266			6
2025.05.21	01:18:30.291	0.84263	0.84265			6
2025.05.21	01:18:30.687		0.84266			4
2025.05.21	01:18:31.303	0.84262	0.84264			6
2025.05.21	01:18:43.165	0.84260	0.84263			6
2025.05.21	01:18:44.418		0.84262			4
2025.05.21	01:18:48.372		0.84263			4
2025.05.21	01:18:51.403	0.84259	0.84262			6
2025.05.21	01:18:52.536	0.84260				2
2025.05.21	01:18:53.800		0.84263			4
2025.05.21	01:19:00.291	0.84260				2
2025.05.21	01:19:01.081	0.84261				2
2025.05.21	01:19:02.107	0.84259	0.84262			6
2025.05.21	01:19:05.095		0.84261			4
2025.05.21	01:19:13.148	0.84258				2
2025.05.21	01:19:18.036	0.84259				2
2025.05.21	01:19:18.647	0.84258				2
2025.05.21	01:19:28.307		0.84260			4
2025.05.21	01:19:29.287		0.84261			4
2025.05.21	01:19:46.940	0.84257	0.84259			6
2025.05.21	01:19:49.250	0.84256				2
2025.05.21	01:19:49.975	0.84258	0.84260			6
2025.05.21	01:19:51.109	0.84257				2
2025.05.21	01:19:51.436	0.84258				2
2025.05.21	01:19:53.983		0.84261			4
2025.05.21	01:19:54.300	0.84259	0.84262			6
2025.05.21	01:19:54.817	0.84260				2
2025.05.21	01:19:55.274		0.84263			4
2025.05.21	01:19:59.496		0.84262			4
2025.05.21	01:20:00.009	0.84260				2
2025.05.21	01:20:01.501	0.84259				2
2025.05.21	01:20:03.374		0.84261			4
2025.05.21	01:20:05.633	0.84258	0.84260			6
2025.05.21	01:20:25.861	0.84259				2
2025.05.21	01:20:26.323	0.84258				2
2025.05.21	01:20:31.248	0.84259				2
2025.05.21	01:20:31.809		0.84261			4
2025.05.21	01:20:32.296	0.84260	0.84262			6
2025.05.21	01:20:36.486		0.84263			4
2025.05.21	01:20:46.409		0.84262			4
2025.05.21	01:20:46.720	0.84259				2
2025.05.21	01:20:53.500	0.84260				2
2025.05.21	01:20:54.848	0.84257	0.84260			6
2025.05.21	01:20:55.154		0.84259			4
2025.05.21	01:20:55.572	0.84258	0.84260			6
2025.05.21	01:21:00.097	0.84258				2
2025.05.21	01:21:04.484	0.84255	0.84256			6
2025.05.21	01:21:07.376	0.84253				2
2025.05.21	01:21:08.001	0.84254				2
2025.05.21	01:21:08.799	0.84253				2
2025.05.21	01:21:11.080	0.84251	0.84255			6
2025.05.21	01:21:12.201	0.84250	0.84252			6
2025.05.21	01:21:12.612		0.84253			4
2025.05.21	01:21:13.122		0.84252			4
2025.05.21	01:21:14.940	0.84247	0.84250			6
2025.05.21	01:21:19.160	0.84246	0.84249			6
2025.05.21	01:21:28.491	0.84247				2
2025.05.21	01:21:31.563	0.84245	0.84248			6
2025.05.21	01:21:35.389		0.84247			4
2025.05.21	01:21:42.141		0.84248			4
2025.05.21	01:21:45.960	0.84248	0.84250			6
2025.05.21	01:21:56.639	0.84249	0.84252			6
2025.05.21	01:21:57.743		0.84251			4
2025.05.21	01:22:00.026	0.84249				2
2025.05.21	01:22:02.194		0.84250			4
2025.05.21	01:22:09.747		0.84251			4
2025.05.21	01:22:13.916		0.84250			4
2025.05.21	01:22:20.808		0.84251			4
2025.05.21	01:22:21.636	0.84250	0.84252			6
2025.05.21	01:22:23.351		0.84253			4
2025.05.21	01:22:26.267		0.84252			4
2025.05.21	01:22:40.982		0.84253			4
2025.05.21	01:22:51.403	0.84254	0.84256			6
2025.05.21	01:22:51.731	0.84255	0.84258			6
2025.05.21	01:22:53.218	0.84256	0.84259			6
2025.05.21	01:22:55.334	0.84259	0.84262			6
2025.05.21	01:22:55.647		0.84261			4
2025.05.21	01:22:55.962		0.84262			4
2025.05.21	01:22:58.884	0.84260				2
2025.05.21	01:22:59.801	0.84259	0.84260			6
2025.05.21	01:23:00.321	0.84259				2
2025.05.21	01:23:03.495	0.84260	0.84262			6
2025.05.21	01:23:05.648	0.84259				2
2025.05.21	01:23:06.155	0.84260				2
2025.05.21	01:23:09.781		0.84263			4
2025.05.21	01:23:11.931	0.84259	0.84262			6
2025.05.21	01:23:29.509		0.84261			4
2025.05.21	01:23:30.090		0.84262			4
2025.05.21	01:23:37.358	0.84258	0.84259			6
2025.05.21	01:23:54.928	0.84257	0.84260			6
2025.05.21	01:23:56.611	0.84256	0.84259			6
2025.05.21	01:23:57.286		0.84258			4
2025.05.21	01:24:00.198	0.84256				2
2025.05.21	01:24:02.786	0.84252	0.84254			6
2025.05.21	01:24:03.391		0.84255			4
2025.05.21	01:24:05.541	0.84253				2
2025.05.21	01:24:09.142	0.84254				2
2025.05.21	01:24:23.259		0.84256			4
2025.05.21	01:24:23.664	0.84255	0.84258			6
2025.05.21	01:24:27.362	0.84256				2
2025.05.21	01:24:30.802	0.84255				2
2025.05.21	01:24:38.681	0.84256				2
2025.05.21	01:25:00.578	0.84256				2
2025.05.21	01:25:13.359	0.84254	0.84257			6
2025.05.21	01:25:16.198		0.84256			4
2025.05.21	01:25:19.082	0.84256	0.84257			6
2025.05.21	01:25:22.482	0.84253	0.84256			6
2025.05.21	01:25:22.804		0.84255			4
2025.05.21	01:25:26.586		0.84254			4
2025.05.21	01:25:27.019	0.84252	0.84255			6
2025.05.21	01:25:27.332	0.84251	0.84254			6
2025.05.21	01:25:32.133	0.84252	0.84255			6
2025.05.21	01:25:35.096		0.84254			4
2025.05.21	01:25:49.356	0.84253	0.84256			6
2025.05.21	01:25:49.675	0.84252	0.84255			6
2025.05.21	01:25:50.530	0.84253				2
2025.05.21	01:25:50.866	0.84252				2
2025.05.21	01:25:53.014	0.84253				2
2025.05.21	01:25:53.881	0.84252	0.84254			6
2025.05.21	01:26:01.581	0.84252				2
2025.05.21	01:26:13.610	0.84253	0.84255			6
2025.05.21	01:26:19.078	0.84252	0.84254			6
2025.05.21	01:26:31.133	0.84253	0.84255			6
2025.05.21	01:26:56.253	0.84251	0.84253			6
2025.05.21	01:27:00.319	0.84251				2
2025.05.21	01:27:03.325	0.84252	0.84254			6
2025.05.21	01:27:03.889	0.84251	0.84253			6
2025.05.21	01:27:04.581		0.84254			4
2025.05.21	01:27:05.779		0.84253			4
2025.05.21	01:27:07.238	0.84250				2
2025.05.21	01:27:14.405	0.84251				2
2025.05.21	01:27:21.107	0.84250				2
2025.05.21	01:27:28.576		0.84252			4
2025.05.21	01:27:33.221	0.84251	0.84253			6
2025.05.21	01:27:38.071	0.84252	0.84254			6
2025.05.21	01:27:38.621		0.84255			4
2025.05.21	01:28:00.359	0.84252				2
2025.05.21	01:28:06.982	0.84250	0.84253			6
2025.05.21	01:28:07.651	0.84251				2
2025.05.21	01:28:15.538		0.84254			4
2025.05.21	01:28:16.266	0.84252				2
2025.05.21	01:28:24.673	0.84253	0.84255			6
2025.05.21	01:28:30.189	0.84254	0.84257			6
2025.05.21	01:28:57.176	0.84253	0.84256			6
2025.05.21	01:29:00.493	0.84253	0.84255			6
2025.05.21	01:29:23.994		0.84254			4
2025.05.21	01:29:29.832	0.84251	0.84253			6
2025.05.21	01:29:30.779	0.84250				2
2025.05.21	01:29:34.877		0.84252			4
2025.05.21	01:29:37.108	0.84252	0.84254			6
2025.05.21	01:29:46.888		0.84255			4
2025.05.21	01:29:48.351		0.84254			4
2025.05.21	01:29:57.903	0.84251	0.84253			6
2025.05.21	01:30:00.316	0.84251				2
2025.05.21	01:30:02.234	0.84250	0.84252			6
2025.05.21	01:30:04.380		0.84251			4
2025.05.21	01:30:04.680	0.84251	0.84253			6
2025.05.21	01:30:06.098	0.84250				2
2025.05.21	01:30:10.850		0.84252			4
2025.05.21	01:30:21.067	0.84249				2
2025.05.21	01:30:33.176	0.84248	0.84250			6
2025.05.21	01:30:45.648		0.84249			4
2025.05.21	01:30:50.886		0.84250			4
2025.05.21	01:31:00.170	0.84248				2
2025.05.21	01:31:04.985	0.84247	0.84249			6
2025.05.21	01:31:07.796	0.84246	0.84248			6
2025.05.21	01:31:09.406	0.84248	0.84249			6
2025.05.21	01:31:09.713	0.84246	0.84248			6
2025.05.21	01:31:11.126		0.84249			4
2025.05.21	01:31:23.068		0.84248			4
2025.05.21	01:31:28.804	0.84247	0.84249			6
2025.05.21	01:31:29.120		0.84250			4
2025.05.21	01:31:29.766		0.84249			4
2025.05.21	01:31:32.022		0.84250			4
2025.05.21	01:31:32.841		0.84249			4
2025.05.21	01:31:37.787		0.84250			4
2025.05.21	01:31:38.506		0.84249			4
2025.05.21	01:31:42.732	0.84246				2
2025.05.21	01:31:43.058		0.84248			4
2025.05.21	01:31:45.506	0.84247	0.84250			6
2025.05.21	01:31:50.123	0.84248				2
2025.05.21	01:32:00.267	0.84248				2
2025.05.21	01:32:12.474	0.84247				2
2025.05.21	01:32:32.650	0.84248				2
2025.05.21	01:32:38.391	0.84247				2
2025.05.21	01:32:45.807		0.84250			4
2025.05.21	01:32:46.429	0.84250	0.84252			6
2025.05.21	01:32:47.017		0.84253			4
2025.05.21	01:32:48.124	0.84251				2
2025.05.21	01:32:54.648		0.84254			4
2025.05.21	01:33:00.008	0.84251				2
2025.05.21	01:33:00.842	0.84254	0.84256			6
2025.05.21	01:33:01.374	0.84255	0.84257			6
2025.05.21	01:33:07.415	0.84254	0.84256			6
2025.05.21	01:33:07.716		0.84257			4
2025.05.21	01:33:09.328	0.84253	0.84256			6
2025.05.21	01:33:11.338		0.84255			4
2025.05.21	01:33:11.867		0.84256			4
2025.05.21	01:33:12.355		0.84255			4
2025.05.21	01:33:22.272	0.84252	0.84254			6
2025.05.21	01:33:23.224		0.84255			4
2025.05.21	01:33:25.779		0.84254			4
2025.05.21	01:33:32.040	0.84250	0.84253			6
2025.05.21	01:33:33.155		0.84252			4
2025.05.21	01:33:43.274		0.84253			4
2025.05.21	01:33:45.517		0.84252			4
2025.05.21	01:33:47.423		0.84253			4
2025.05.21	01:33:55.740		0.84252			4
2025.05.21	01:34:01.322	0.84250				2
2025.05.21	01:34:02.730		0.84253			4
2025.05.21	01:34:13.132	0.84252	0.84255			6
2025.05.21	01:34:19.489		0.84254			4
2025.05.21	01:34:25.259	0.84253	0.84255			6
2025.05.21	01:34:28.125	0.84252				2
2025.05.21	01:34:32.191		0.84254			4
2025.05.21	01:34:34.756		0.84255			4
2025.05.21	01:34:38.886		0.84254			4
2025.05.21	01:34:39.200		0.84255			4
2025.05.21	01:34:39.522		0.84254			4
2025.05.21	01:34:40.198	0.84251	0.84253			6
2025.05.21	01:34:43.029	0.84250				2
2025.05.21	01:34:48.977	0.84251				2
2025.05.21	01:34:55.201	0.84250				2
2025.05.21	01:35:01.158	0.84251				2
2025.05.21	01:35:06.968	0.84250				2
2025.05.21	01:35:13.696		0.84252			4
2025.05.21	01:35:20.184	0.84249				2
2025.05.21	01:35:25.857	0.84250				2
2025.05.21	01:35:27.591	0.84249				2
2025.05.21	01:35:30.472	0.84250				2
2025.05.21	01:35:32.009		0.84253			4
2025.05.21	01:35:37.876		0.84252			4
2025.05.21	01:35:50.557	0.84249				2
2025.05.21	01:35:52.470	0.84250	0.84253			6
2025.05.21	01:35:57.794	0.84251				2
2025.05.21	01:36:00.340	0.84251				2
2025.05.21	01:36:01.389	0.84250				2
2025.05.21	01:36:12.660		0.84252			4
2025.05.21	01:36:19.452	0.84251	0.84253			6
2025.05.21	01:36:29.816	0.84250	0.84252			6
2025.05.21	01:36:35.388	0.84251	0.84253			6
2025.05.21	01:36:58.606	0.84253	0.84255			6
2025.05.21	01:37:00.356	0.84253				2
2025.05.21	01:37:02.882		0.84254			4
2025.05.21	01:37:10.853	0.84252				2
2025.05.21	01:37:14.272	0.84251				2
2025.05.21	01:37:14.990	0.84252				2
2025.05.21	01:37:15.380	0.84253	0.84255			6
2025.05.21	01:37:21.903		0.84256			4
2025.05.21	01:37:26.284	0.84254				2
2025.05.21	01:37:39.380		0.84257			4
2025.05.21	01:37:39.705		0.84256			4
2025.05.21	01:37:42.535		0.84257			4
2025.05.21	01:37:58.757	0.84255				2
2025.05.21	01:38:00.370	0.84255				2
2025.05.21	01:38:02.379	0.84254				2
2025.05.21	01:38:05.171	0.84255				2
2025.05.21	01:38:09.841		0.84258			4
2025.05.21	01:38:12.419	0.84254	0.84257			6
2025.05.21	01:38:37.581	0.84256				2
2025.05.21	01:38:52.685	0.84255				2
2025.05.21	01:38:55.783	0.84254				2
2025.05.21	01:38:56.706	0.84255				2
2025.05.21	01:39:00.031	0.84255	0.84258			6
2025.05.21	01:39:00.433	0.84258	0.84260			6
2025.05.21	01:39:01.822		0.84261			4
2025.05.21	01:39:02.195		0.84262			4
2025.05.21	01:39:07.750		0.84259			4
2025.05.21	01:39:11.035		0.84260			4
2025.05.21	01:39:16.709	0.84259				2
2025.05.21	01:39:22.214	0.84258				2
2025.05.21	01:39:57.033	0.84259				2
2025.05.21	01:39:57.570		0.84261			4
2025.05.21	01:39:57.931		0.84262			4
2025.05.21	01:40:00.451	0.84259				2
2025.05.21	01:40:13.159	0.84258	0.84260			6
2025.05.21	01:40:17.474	0.84256	0.84258			6
2025.05.21	01:40:20.592		0.84259			4
2025.05.21	01:40:27.876		0.84258			4
2025.05.21	01:40:32.277		0.84259			4
2025.05.21	01:40:41.816	0.84257				2
2025.05.21	01:40:44.509		0.84258			4
2025.05.21	01:41:00.082	0.84259	0.84261			6
2025.05.21	01:41:01.896	0.84258	0.84260			6
2025.05.21	01:41:02.355	0.84257				2
2025.05.21	01:41:04.028	0.84255	0.84257			6
2025.05.21	01:41:37.091	0.84254				2
2025.05.21	01:41:44.257		0.84256			4
2025.05.21	01:41:57.822	0.84255	0.84257			6
2025.05.21	01:41:58.188	0.84254				2
2025.05.21	01:41:58.558		0.84256			4
2025.05.21	01:42:00.325	0.84254				2
2025.05.21	01:42:11.994		0.84255			4
2025.05.21	01:42:13.136		0.84256			4
2025.05.21	01:42:13.507		0.84257			4
2025.05.21	01:42:47.220	0.84247	0.84252			6
2025.05.21	01:42:47.537	0.84249				2
2025.05.21	01:42:53.772		0.84251			4
2025.05.21	01:43:00.625	0.84247				2
2025.05.21	01:43:01.117	0.84246	0.84252			6
2025.05.21	01:43:01.420		0.84250			4
2025.05.21	01:43:01.911	0.84249	0.84251			6
2025.05.21	01:43:46.664		0.84252			4
2025.05.21	01:43:46.979		0.84251			4
2025.05.21	01:44:01.932	0.84249				2
2025.05.21	01:44:31.432		0.84250			4
2025.05.21	01:44:36.394		0.84251			4
2025.05.21	01:44:39.021		0.84252			4
2025.05.21	01:45:01.482	0.84249				2
2025.05.21	01:45:04.887		0.84251			4
2025.05.21	01:45:22.586		0.84252			4
2025.05.21	01:46:01.327	0.84249				2
2025.05.21	01:46:01.632	0.84248	0.84251			6
2025.05.21	01:46:06.694		0.84250			4
2025.05.21	01:46:13.122	0.84249	0.84252			6
2025.05.21	01:46:24.802	0.84250				2
2025.05.21	01:46:29.097	0.84249				2
2025.05.21	01:46:33.619	0.84250				2
2025.05.21	01:47:00.285	0.84250				2
2025.05.21	01:47:00.592	0.84249				2
2025.05.21	01:47:02.788		0.84251			4
2025.05.21	01:47:17.312		0.84252			4
2025.05.21	01:47:28.257		0.84251			4
2025.05.21	01:47:41.322		0.84252			4
2025.05.21	01:47:52.445		0.84251			4
2025.05.21	01:47:56.477	0.84246	0.84249			6
2025.05.21	01:47:57.387		0.84248			4
2025.05.21	01:48:00.318	0.84246				2
2025.05.21	01:48:01.814	0.84247	0.84249			6
2025.05.21	01:48:13.723		0.84250			4
2025.05.21	01:48:20.997	0.84246	0.84249			6
2025.05.21	01:48:21.310		0.84248			4
2025.05.21	01:48:24.599	0.84245	0.84247			6
2025.05.21	01:48:30.495	0.84244				2
2025.05.21	01:48:45.732		0.84246			4
2025.05.21	01:48:47.706	0.84243				2
2025.05.21	01:48:48.202	0.84244				2
2025.05.21	01:49:00.848	0.84244				2
2025.05.21	01:49:10.381		0.84247			4
2025.05.21	01:49:10.693	0.84246	0.84248			6
2025.05.21	01:49:11.036	0.84244	0.84246			6
2025.05.21	01:49:22.358		0.84247			4
2025.05.21	01:49:29.260	0.84245				2
2025.05.21	01:49:40.433	0.84244				2
2025.05.21	01:49:48.875		0.84246			4
2025.05.21	01:49:55.783	0.84245				2
2025.05.21	01:49:56.271	0.84244				2
2025.05.21	01:49:58.280	0.84245	0.84248			6
2025.05.21	01:50:00.382	0.84246				2
2025.05.21	01:50:04.482		0.84247			4
2025.05.21	01:50:08.203	0.84245				2
2025.05.21	01:51:00.599	0.84244				2
2025.05.21	01:51:01.438	0.84245				2
2025.05.21	01:51:04.484		0.84247			4
2025.05.21	01:51:10.831	0.84246	0.84248			6
2025.05.21	01:51:11.510	0.84247	0.84249			6
2025.05.21	01:51:14.525	0.84246	0.84247			6
2025.05.21	01:51:17.905	0.84247	0.84249			6
2025.05.21	01:51:28.842		0.84248			4
2025.05.21	01:51:31.451	0.84248	0.84250			6
2025.05.21	01:51:32.670		0.84249			4
2025.05.21	01:51:37.473	0.84249	0.84250			6
2025.05.21	01:52:00.471	0.84249				2
2025.05.21	01:52:16.995		0.84252			4
2025.05.21	01:52:18.172	0.84250				2
2025.05.21	01:52:21.848		0.84253			4
2025.05.21	01:52:22.483		0.84252			4
2025.05.21	01:52:22.796		0.84251			4
2025.05.21	01:52:52.812	0.84249	0.84250			6
2025.05.21	01:53:00.597	0.84249				2
2025.05.21	01:53:29.776	0.84250	0.84251			6
2025.05.21	01:53:59.705	0.84249	0.84250			6
2025.05.21	01:54:00.457	0.84249				2
2025.05.21	01:54:01.606		0.84251			4
2025.05.21	01:54:06.341		0.84250			4
2025.05.21	01:54:09.752	0.84248	0.84249			6
2025.05.21	01:54:39.787	0.84249	0.84250			6
2025.05.21	01:55:00.658	0.84249				2
2025.05.21	01:55:01.375	0.84248	0.84249			6
2025.05.21	01:55:11.395		0.84250			4
2025.05.21	01:55:11.812		0.84249			4
2025.05.21	01:55:18.962	0.84247	0.84248			6
2025.05.21	01:55:49.021	0.84248	0.84249			6
2025.05.21	01:55:49.999	0.84247	0.84250			6
2025.05.21	01:55:56.499	0.84248	0.84249			6
2025.05.21	01:56:01.635	0.84248				2
2025.05.21	01:56:12.371	0.84247				2
2025.05.21	01:56:30.850		0.84248			4
2025.05.21	01:56:32.310	0.84248	0.84249			6
2025.05.21	01:57:00.485	0.84248				2
2025.05.21	01:57:01.366	0.84247	0.84248			6
2025.05.21	01:57:10.956	0.84248	0.84249			6
2025.05.21	01:57:15.118	0.84247	0.84248			6
2025.05.21	01:57:16.600	0.84248	0.84249			6
2025.05.21	01:57:18.467	0.84249	0.84250			6
2025.05.21	01:57:25.051	0.84248				2
2025.05.21	01:57:26.959	0.84247	0.84248			6
2025.05.21	01:57:28.110	0.84246				2
2025.05.21	01:57:28.818	0.84247				2
2025.05.21	01:57:41.983	0.84246	0.84247			6
2025.05.21	01:57:42.778	0.84247	0.84248			6
2025.05.21	01:57:54.712	0.84248	0.84249			6
2025.05.21	01:58:00.376	0.84247	0.84248			6
2025.05.21	01:58:31.195	0.84246	0.84247			6
2025.05.21	01:58:43.530	0.84245	0.84246			6
2025.05.21	01:58:47.781	0.84244	0.84245			6
2025.05.21	01:59:00.455	0.84244				2
2025.05.21	01:59:53.396	0.84243	0.84244			6
2025.05.21	02:00:00.278	0.84243				2
2025.05.21	02:00:06.686	0.84244	0.84247			6
2025.05.21	02:00:07.487	0.84246				2
2025.05.21	02:00:11.574	0.84245	0.84246			6
2025.05.21	02:00:15.381	0.84246	0.84247			6
2025.05.21	02:00:16.521	0.84244	0.84245			6
2025.05.21	02:00:54.174	0.84246	0.84247			6
2025.05.21	02:01:00.520	0.84246				2
2025.05.21	02:01:08.248	0.84248	0.84249			6
2025.05.21	02:01:14.149	0.84247	0.84248			6
2025.05.21	02:01:33.149	0.84244	0.84245			6
2025.05.21	02:01:39.115	0.84245	0.84246			6
2025.05.21	02:01:39.516	0.84246	0.84247			6
2025.05.21	02:01:44.654	0.84245	0.84246			6
2025.05.21	02:01:54.053	0.84246	0.84247			6
2025.05.21	02:02:00.645	0.84246				2
2025.05.21	02:02:26.711	0.84245	0.84246			6
2025.05.21	02:02:29.142	0.84246	0.84247			6
2025.05.21	02:02:45.869	0.84245				2
2025.05.21	02:02:46.206	0.84244	0.84245			6
2025.05.21	02:03:00.392	0.84244				2
2025.05.21	02:03:34.928	0.84245	0.84246			6
2025.05.21	02:03:37.061	0.84244	0.84245			6
2025.05.21	02:03:54.482	0.84245	0.84246			6
2025.05.21	02:04:01.019	0.84245				2
2025.05.21	02:04:24.089	0.84244	0.84245			6
2025.05.21	02:04:26.901		0.84247			4
2025.05.21	02:04:27.243		0.84246			4
2025.05.21	02:04:27.546	0.84245	0.84247			6
2025.05.21	02:04:27.849	0.84246	0.84248			6
2025.05.21	02:04:28.153	0.84244	0.84249			6
2025.05.21	02:04:28.760	0.84243	0.84248			6
2025.05.21	02:04:29.367	0.84246	0.84247			6
2025.05.21	02:04:33.585	0.84245	0.84246			6
2025.05.21	02:05:00.668	0.84245				2
2025.05.21	02:05:02.413	0.84244	0.84245			6
2025.05.21	02:05:03.234	0.84245	0.84246			6
2025.05.21	02:05:24.640	0.84246	0.84247			6
2025.05.21	02:05:25.571	0.84245	0.84246			6
2025.05.21	02:05:29.041	0.84248	0.84249			6
2025.05.21	02:05:29.361	0.84249	0.84250			6
2025.05.21	02:05:30.434	0.84247	0.84248			6
2025.05.21	02:05:30.741	0.84246	0.84247			6
2025.05.21	02:05:33.363	0.84249	0.84250			6
2025.05.21	02:05:34.349	0.84248	0.84249			6
2025.05.21	02:05:36.762	0.84249	0.84250			6
2025.05.21	02:05:38.812	0.84248	0.84249			6
2025.05.21	02:05:39.592	0.84250	0.84251			6
2025.05.21	02:05:58.404	0.84249	0.84250			6
2025.05.21	02:06:01.250	0.84249				2
2025.05.21	02:06:02.334	0.84244	0.84245			6
2025.05.21	02:06:02.640	0.84245	0.84246			6
2025.05.21	02:06:03.030		0.84247			4
2025.05.21	02:06:12.479	0.84246				2
2025.05.21	02:06:20.454	0.84249	0.84251			6
2025.05.21	02:06:20.970	0.84250				2
2025.05.21	02:06:24.549	0.84249	0.84250			6
2025.05.21	02:06:30.267	0.84248	0.84249			6
2025.05.21	02:06:40.141	0.84250	0.84251			6
2025.05.21	02:06:41.523	0.84249	0.84250			6
2025.05.21	02:06:41.830	0.84248	0.84249			6
2025.05.21	02:07:01.748	0.84248				2
2025.05.21	02:07:09.397	0.84245	0.84246			6
2025.05.21	02:07:38.925	0.84247	0.84249			6
2025.05.21	02:07:40.405	0.84246				2
2025.05.21	02:07:50.755		0.84248			4
2025.05.21	02:07:51.480		0.84247			4
2025.05.21	02:08:04.413	0.84246				2
2025.05.21	02:08:05.057		0.84248			4
2025.05.21	02:08:06.566	0.84245	0.84246			6
2025.05.21	02:08:18.094	0.84244				2
2025.05.21	02:08:34.453	0.84243				2
2025.05.21	02:08:36.005	0.84244				2
2025.05.21	02:08:39.031	0.84243				2
2025.05.21	02:08:42.464	0.84244				2
2025.05.21	02:08:46.937		0.84245			4
2025.05.21	02:08:47.278	0.84245	0.84247			6
2025.05.21	02:08:59.480	0.84244	0.84245			6
2025.05.21	02:09:00.274	0.84244				2
2025.05.21	02:09:08.823	0.84245	0.84246			6
2025.05.21	02:09:17.704	0.84244	0.84245			6
2025.05.21	02:09:22.898		0.84246			4
2025.05.21	02:09:23.200	0.84245				2
2025.05.21	02:09:24.170	0.84244	0.84245			6
2025.05.21	02:09:26.165	0.84245	0.84246			6
2025.05.21	02:09:26.555	0.84244	0.84245			6
2025.05.21	02:09:27.315	0.84243	0.84244			6
2025.05.21	02:09:54.527	0.84242	0.84243			6
2025.05.21	02:10:00.598	0.84241	0.84242			6
2025.05.21	02:10:06.546	0.84243	0.84244			6
2025.05.21	02:10:06.867	0.84242	0.84243			6
2025.05.21	02:10:12.597	0.84243	0.84244			6
2025.05.21	02:10:15.756		0.84246			4
2025.05.21	02:10:21.677	0.84244				2
2025.05.21	02:10:26.474	0.84243	0.84245			6
2025.05.21	02:10:41.618		0.84246			4
2025.05.21	02:10:42.256	0.84244	0.84247			6
2025.05.21	02:10:48.751	0.84245				2
2025.05.21	02:11:01.140	0.84245	0.84246			6
2025.05.21	02:11:17.480		0.84247			4
2025.05.21	02:11:39.256		0.84248			4
2025.05.21	02:11:40.349		0.84247			4
2025.05.21	02:12:01.321	0.84245				2
2025.05.21	02:12:17.467		0.84248			4
2025.05.21	02:12:31.792	0.84247	0.84250			6
2025.05.21	02:12:32.118		0.84249			4
2025.05.21	02:12:32.419	0.84246	0.84248			6
2025.05.21	02:12:32.763	0.84247	0.84249			6
2025.05.21	02:12:54.303		0.84250			4
2025.05.21	02:12:56.575	0.84246	0.84249			6
2025.05.21	02:13:02.397	0.84245	0.84248			6
2025.05.21	02:13:18.100		0.84247			4
2025.05.21	02:13:26.425	0.84246	0.84248			6
2025.05.21	02:13:26.897	0.84247	0.84250			6
2025.05.21	02:13:28.182	0.84246	0.84248			6
2025.05.21	02:13:34.002	0.84245				2
2025.05.21	02:13:34.483		0.84246			4
2025.05.21	02:13:39.413		0.84247			4
2025.05.21	02:13:44.849	0.84247	0.84249			6
2025.05.21	02:13:50.911	0.84248				2
2025.05.21	02:13:54.839		0.84250			4
2025.05.21	02:13:55.740	0.84247				2
2025.05.21	02:14:00.880	0.84247				2
2025.05.21	02:14:08.081	0.84249				2
2025.05.21	02:14:14.167		0.84251			4
2025.05.21	02:14:14.879	0.84248				2
2025.05.21	02:14:22.298	0.84250	0.84252			6
2025.05.21	02:14:27.560	0.84247	0.84248			6
2025.05.21	02:14:28.239	0.84246				2
2025.05.21	02:14:34.141	0.84245				2
2025.05.21	02:15:00.776	0.84245				2
2025.05.21	02:15:01.187		0.84247			4
2025.05.21	02:15:07.660	0.84249	0.84251			6
2025.05.21	02:15:07.971		0.84250			4
2025.05.21	02:15:12.083	0.84248				2
2025.05.21	02:15:21.710	0.84249	0.84252			6
2025.05.21	02:15:26.424		0.84251			4
2025.05.21	02:15:27.361	0.84250				2
2025.05.21	02:15:28.951	0.84249				2
2025.05.21	02:15:35.270	0.84247	0.84250			6
2025.05.21	02:15:36.018		0.84249			4
2025.05.21	02:15:36.355		0.84250			4
2025.05.21	02:15:37.366	0.84248				2
2025.05.21	02:15:50.837	0.84250	0.84251			6
2025.05.21	02:15:51.139		0.84252			4
2025.05.21	02:15:51.441		0.84251			4
2025.05.21	02:15:58.215		0.84252			4
2025.05.21	02:16:00.427	0.84250				2
2025.05.21	02:16:13.278		0.84251			4
2025.05.21	02:16:16.449	0.84249				2
2025.05.21	02:16:21.584		0.84250			4
2025.05.21	02:16:30.456	0.84248	0.84251			6
2025.05.21	02:16:37.008	0.84249				2
2025.05.21	02:16:37.719	0.84250				2
2025.05.21	02:17:00.352	0.84250				2
2025.05.21	02:17:11.577	0.84249				2
2025.05.21	02:17:18.676		0.84250			4
2025.05.21	02:17:31.335		0.84252			4
2025.05.21	02:17:33.065	0.84250				2
2025.05.21	02:17:44.337		0.84251			4
2025.05.21	02:17:45.368		0.84252			4
2025.05.21	02:17:48.465	0.84249	0.84251			6
2025.05.21	02:17:50.741		0.84250			4
2025.05.21	02:17:51.687	0.84248	0.84249			6
2025.05.21	02:18:00.578	0.84248				2
2025.05.21	02:18:02.669	0.84247				2
2025.05.21	02:18:18.496	0.84248	0.84250			6
2025.05.21	02:18:23.739	0.84247				2
2025.05.21	02:18:26.833	0.84248				2
2025.05.21	02:18:29.709	0.84246	0.84247			6
2025.05.21	02:18:39.040	0.84247	0.84250			6
2025.05.21	02:18:40.418		0.84248			4
2025.05.21	02:18:40.790	0.84246				2
2025.05.21	02:18:50.849		0.84249			4
2025.05.21	02:18:52.125		0.84248			4
2025.05.21	02:18:57.359	0.84248	0.84250			6
2025.05.21	02:18:59.245	0.84247				2
2025.05.21	02:19:00.313	0.84247				2
2025.05.21	02:19:06.681	0.84248				2
2025.05.21	02:19:07.884	0.84247				2
2025.05.21	02:19:35.068		0.84249			4
2025.05.21	02:19:50.025	0.84248	0.84250			6
2025.05.21	02:19:53.421	0.84247				2
2025.05.21	02:20:00.177	0.84247				2
2025.05.21	02:20:01.084		0.84248			4
2025.05.21	02:20:28.564	0.84248	0.84249			6
2025.05.21	02:20:29.767	0.84246	0.84247			6
2025.05.21	02:20:39.361	0.84247	0.84248			6
2025.05.21	02:20:51.817	0.84246	0.84247			6
2025.05.21	02:20:57.471	0.84245	0.84246			6
2025.05.21	02:21:03.023	0.84245				2
2025.05.21	02:21:26.565	0.84243	0.84245			6
2025.05.21	02:21:26.882	0.84244				2
2025.05.21	02:21:29.704	0.84243	0.84244			6
2025.05.21	02:21:30.008	0.84244	0.84245			6
2025.05.21	02:21:34.911	0.84245	0.84246			6
2025.05.21	02:21:59.972	0.84244	0.84245			6
2025.05.21	02:22:00.283	0.84244				2
2025.05.21	02:22:07.051	0.84243	0.84244			6
2025.05.21	02:22:16.372	0.84244	0.84245			6
2025.05.21	02:22:16.821	0.84245	0.84246			6
2025.05.21	02:22:18.884		0.84247			4
2025.05.21	02:22:58.194	0.84246				2
2025.05.21	02:22:59.936	0.84245	0.84246			6
2025.05.21	02:23:00.294	0.84245				2
2025.05.21	02:23:34.568	0.84247	0.84249			6
2025.05.21	02:23:44.510	0.84248				2
2025.05.21	02:23:48.362	0.84250	0.84251			6
2025.05.21	02:23:50.418	0.84249	0.84250			6
2025.05.21	02:23:51.484	0.84250	0.84251			6
2025.05.21	02:24:00.726	0.84250				2
2025.05.21	02:24:27.246	0.84253	0.84254			6
2025.05.21	02:24:27.549	0.84254	0.84255			6
2025.05.21	02:24:27.876	0.84255	0.84256			6
2025.05.21	02:25:00.451	0.84255				2
2025.05.21	02:25:00.958	0.84254	0.84255			6
2025.05.21	02:25:12.524	0.84255	0.84256			6
2025.05.21	02:25:21.336	0.84252	0.84254			6
2025.05.21	02:25:26.593	0.84241	0.84242			6
2025.05.21	02:25:26.898	0.84242	0.84243			6
2025.05.21	02:25:28.302	0.84246	0.84248			6
2025.05.21	02:25:29.031	0.84244	0.84246			6
2025.05.21	02:25:30.902	0.84242	0.84244			6
2025.05.21	02:25:32.070	0.84243	0.84245			6
2025.05.21	02:25:35.311	0.84244				2
2025.05.21	02:25:37.085	0.84243	0.84244			6
2025.05.21	02:25:38.346	0.84244	0.84245			6
2025.05.21	02:25:38.673		0.84246			4
2025.05.21	02:25:44.074	0.84245				2
2025.05.21	02:25:45.832	0.84246	0.84248			6
2025.05.21	02:25:46.190		0.84247			4
2025.05.21	02:25:52.106	0.84247	0.84248			6
2025.05.21	02:25:52.752	0.84243	0.84245			6
2025.05.21	02:25:53.082		0.84244			4
2025.05.21	02:25:54.591	0.84244	0.84245			6
2025.05.21	02:25:58.355		0.84246			4
2025.05.21	02:26:02.474	0.84244				2
2025.05.21	02:26:06.337	0.84246	0.84247			6
2025.05.21	02:26:09.692	0.84249	0.84250			6
2025.05.21	02:26:12.394		0.84251			4
2025.05.21	02:26:14.345	0.84251	0.84253			6
2025.05.21	02:26:18.268	0.84252	0.84254			6
2025.05.21	02:26:21.808		0.84253			4
2025.05.21	02:26:25.044		0.84254			4
2025.05.21	02:26:27.544	0.84253	0.84255			6
2025.05.21	02:26:33.792	0.84254	0.84256			6
2025.05.21	02:26:34.963		0.84255			4
2025.05.21	02:26:36.086	0.84253				2
2025.05.21	02:26:36.417		0.84254			4
2025.05.21	02:26:41.058	0.84250	0.84251			6
2025.05.21	02:26:42.348	0.84251	0.84252			6
2025.05.21	02:26:50.228		0.84253			4
2025.05.21	02:26:58.276		0.84252			4
2025.05.21	02:27:02.374	0.84251				2
2025.05.21	02:27:02.878	0.84250	0.84251			6
2025.05.21	02:27:09.374	0.84251	0.84253			6
2025.05.21	02:27:16.407	0.84252	0.84254			6
2025.05.21	02:27:16.851	0.84251				2
2025.05.21	02:27:17.514	0.84252				2
2025.05.21	02:27:18.670		0.84255			4
2025.05.21	02:27:19.657	0.84253				2
2025.05.21	02:27:27.053	0.84254				2
2025.05.21	02:27:32.866	0.84255	0.84257			6
2025.05.21	02:27:35.840	0.84257	0.84259			6
2025.05.21	02:27:36.163	0.84258	0.84260			6
2025.05.21	02:27:36.479	0.84255	0.84256			6
2025.05.21	02:27:37.540		0.84257			4
2025.05.21	02:27:47.641	0.84254				2
2025.05.21	02:27:51.300	0.84255	0.84256			6
2025.05.21	02:27:53.868	0.84256	0.84257			6
2025.05.21	02:27:56.322	0.84255	0.84256			6
2025.05.21	02:27:59.574	0.84256	0.84257			6
2025.05.21	02:28:00.325	0.84256				2
2025.05.21	02:28:06.545	0.84255	0.84256			6
2025.05.21	02:28:08.467	0.84256	0.84257			6
2025.05.21	02:28:12.818	0.84257	0.84259			6
2025.05.21	02:28:14.127	0.84256				2
2025.05.21	02:28:19.182		0.84258			4
2025.05.21	02:28:19.518	0.84258	0.84260			6
2025.05.21	02:28:20.296	0.84257				2
2025.05.21	02:28:21.728	0.84254	0.84257			6
2025.05.21	02:28:22.347	0.84255				2
2025.05.21	02:28:54.487	0.84256				2
2025.05.21	02:29:00.319	0.84255				2
2025.05.21	02:29:03.495	0.84256	0.84258			6
2025.05.21	02:29:04.487	0.84257	0.84259			6
2025.05.21	02:29:06.835	0.84258	0.84260			6
2025.05.21	02:29:09.159	0.84256	0.84258			6
2025.05.21	02:29:15.336		0.84257			4
2025.05.21	02:29:19.557	0.84255				2
2025.05.21	02:29:20.627	0.84256	0.84258			6
2025.05.21	02:29:21.677	0.84255				2
2025.05.21	02:29:25.484	0.84256				2
2025.05.21	02:29:26.062	0.84255	0.84257			6
2025.05.21	02:29:26.390		0.84256			4
2025.05.21	02:29:44.771		0.84257			4
2025.05.21	02:29:48.453	0.84254				2
2025.05.21	02:29:48.764		0.84256			4
2025.05.21	02:30:00.612	0.84254				2
2025.05.21	02:30:19.718	0.84253	0.84255			6
2025.05.21	02:30:24.714	0.84252	0.84253			6
2025.05.21	02:30:26.345		0.84254			4
2025.05.21	02:30:26.660	0.84253	0.84255			6
2025.05.21	02:30:27.121	0.84254				2
2025.05.21	02:30:27.557	0.84253				2
2025.05.21	02:30:28.349	0.84254				2
2025.05.21	02:30:29.722	0.84253				2
2025.05.21	02:30:30.086	0.84254				2
2025.05.21	02:30:33.956	0.84253	0.84254			6
2025.05.21	02:30:44.005	0.84251	0.84252			6
2025.05.21	02:30:44.363	0.84252	0.84254			6
2025.05.21	02:30:45.719		0.84255			4
2025.05.21	02:30:46.661	0.84253				2
2025.05.21	02:30:52.889	0.84252	0.84254			6
2025.05.21	02:30:54.010		0.84253			4
2025.05.21	02:31:00.711	0.84252	0.84254			6
2025.05.21	02:31:02.914		0.84253			4
2025.05.21	02:31:06.514	0.84251				2
2025.05.21	02:31:11.345	0.84252				2
2025.05.21	02:31:12.486	0.84251				2
2025.05.21	02:31:17.623	0.84253	0.84254			6
2025.05.21	02:31:29.361	0.84254	0.84255			6
2025.05.21	02:31:30.539		0.84256			4
2025.05.21	02:31:32.203		0.84255			4
2025.05.21	02:31:34.524		0.84256			4
2025.05.21	02:31:37.259		0.84255			4
2025.05.21	02:31:37.595	0.84253				2
2025.05.21	02:31:48.311	0.84252				2
2025.05.21	02:31:48.748	0.84253				2
2025.05.21	02:32:00.475	0.84254	0.84256			6
2025.05.21	02:32:05.661	0.84255				2
2025.05.21	02:32:10.915	0.84254	0.84255			6
2025.05.21	02:32:11.326	0.84253				2
2025.05.21	02:32:14.096	0.84254				2
2025.05.21	02:32:22.420	0.84253				2
2025.05.21	02:32:36.529	0.84252	0.84254			6
2025.05.21	02:32:52.202	0.84251				2
2025.05.21	02:32:53.442	0.84252				2
2025.05.21	02:32:54.046	0.84251				2
2025.05.21	02:32:54.627	0.84252				2
2025.05.21	02:32:59.267	0.84253	0.84255			6
2025.05.21	02:32:59.574	0.84254				2
2025.05.21	02:33:00.133	0.84254				2
2025.05.21	02:33:04.085	0.84253				2
2025.05.21	02:33:04.487		0.84254			4
2025.05.21	02:33:06.749	0.84255	0.84256			6
2025.05.21	02:33:07.185		0.84257			4
2025.05.21	02:33:08.344	0.84254	0.84255			6
2025.05.21	02:33:09.095	0.84253				2
2025.05.21	02:33:24.049	0.84254				2
2025.05.21	02:33:36.775	0.84253				2
2025.05.21	02:33:41.272	0.84252				2
2025.05.21	02:33:41.976	0.84251	0.84254			6
2025.05.21	02:33:53.453	0.84252				2
2025.05.21	02:33:55.286	0.84251				2
2025.05.21	02:33:59.102	0.84252				2
2025.05.21	02:33:59.758	0.84254	0.84255			6
2025.05.21	02:34:00.106	0.84254				2
2025.05.21	02:34:10.483		0.84256			4
2025.05.21	02:34:43.121		0.84255			4
2025.05.21	02:34:53.561		0.84256			4
2025.05.21	02:35:00.315	0.84254				2
2025.05.21	02:35:08.105		0.84255			4
2025.05.21	02:35:08.683	0.84253				2
2025.05.21	02:35:16.012	0.84254				2
2025.05.21	02:35:21.590	0.84253				2
2025.05.21	02:35:45.078	0.84252				2
2025.05.21	02:35:59.281	0.84253				2
2025.05.21	02:36:00.001	0.84253				2
2025.05.21	02:36:01.692	0.84255	0.84257			6
2025.05.21	02:36:02.000		0.84258			4
2025.05.21	02:36:02.314	0.84256				2
2025.05.21	02:36:03.337	0.84254	0.84256			6
2025.05.21	02:36:08.810	0.84255	0.84258			6
2025.05.21	02:36:10.701	0.84256				2
2025.05.21	02:36:23.779	0.84255				2
2025.05.21	02:36:25.268	0.84258	0.84260			6
2025.05.21	02:36:40.694	0.84259	0.84261			6
2025.05.21	02:36:42.696		0.84262			4
2025.05.21	02:36:43.851	0.84260				2
2025.05.21	02:36:53.972	0.84259				2
2025.05.21	02:36:54.502	0.84260				2
2025.05.21	02:36:58.029	0.84259				2
2025.05.21	02:36:59.305		0.84261			4
2025.05.21	02:37:01.397	0.84261	0.84262			6
2025.05.21	02:37:05.934	0.84262	0.84264			6
2025.05.21	02:37:08.052	0.84263				2
2025.05.21	02:37:09.118		0.84265			4
2025.05.21	02:37:18.186	0.84259	0.84262			6
2025.05.21	02:37:18.538		0.84261			4
2025.05.21	02:37:33.447	0.84260	0.84262			6
2025.05.21	02:37:41.876	0.84259	0.84261			6
2025.05.21	02:38:00.255	0.84259				2
2025.05.21	02:38:04.605	0.84260				2
2025.05.21	02:38:04.920	0.84259	0.84262			6
2025.05.21	02:38:05.532		0.84261			4
2025.05.21	02:38:25.344		0.84260			4
2025.05.21	02:38:28.485		0.84261			4
2025.05.21	02:38:34.786	0.84255	0.84256			6
2025.05.21	02:38:35.104	0.84254	0.84255			6
2025.05.21	02:38:37.139		0.84256			4
2025.05.21	02:38:48.719	0.84256	0.84257			6
2025.05.21	02:39:02.347	0.84256				2
2025.05.21	02:39:06.617	0.84257	0.84258			6
2025.05.21	02:39:10.484		0.84259			4
2025.05.21	02:39:15.314	0.84256	0.84257			6
2025.05.21	02:39:34.371	0.84254	0.84256			6
2025.05.21	02:39:36.360		0.84257			4
2025.05.21	02:39:52.075		0.84256			4
2025.05.21	02:40:00.358	0.84254				2
2025.05.21	02:40:16.307		0.84257			4
2025.05.21	02:41:00.554	0.84254				2
2025.05.21	02:41:14.709	0.84256	0.84258			6
2025.05.21	02:41:16.391		0.84257			4
2025.05.21	02:41:20.163		0.84258			4
2025.05.21	02:41:33.904		0.84259			4
2025.05.21	02:41:43.611	0.84257				2
2025.05.21	02:41:52.540	0.84258	0.84260			6
2025.05.21	02:42:00.237	0.84260	0.84262			6
2025.05.21	02:42:10.484		0.84261			4
2025.05.21	02:43:00.118	0.84258	0.84260			6
2025.05.21	02:43:04.091		0.84259			4
2025.05.21	02:43:07.440		0.84260			4
2025.05.21	02:43:17.376	0.84259				2
2025.05.21	02:43:22.490		0.84261			4
2025.05.21	02:44:01.473	0.84259				2
2025.05.21	02:44:04.886	0.84258	0.84259			6
2025.05.21	02:44:05.749		0.84260			4
2025.05.21	02:44:08.233	0.84259				2
2025.05.21	02:44:09.082	0.84258	0.84259			6
2025.05.21	02:44:09.592	0.84257				2
2025.05.21	02:44:10.216	0.84256	0.84257			6
2025.05.21	02:44:14.448	0.84255	0.84256			6
2025.05.21	02:44:20.491	0.84253	0.84254			6
2025.05.21	02:44:20.828	0.84249	0.84250			6
2025.05.21	02:44:21.921	0.84251	0.84252			6
2025.05.21	02:44:22.349	0.84250	0.84251			6
2025.05.21	02:44:22.715	0.84251	0.84252			6
2025.05.21	02:44:23.225	0.84250	0.84251			6
2025.05.21	02:44:28.183	0.84249	0.84250			6
2025.05.21	02:44:32.146	0.84247	0.84249			6
2025.05.21	02:44:33.222	0.84248				2
2025.05.21	02:44:39.627	0.84246	0.84247			6
2025.05.21	02:44:51.424	0.84244	0.84245			6
2025.05.21	02:44:54.735	0.84243	0.84244			6
2025.05.21	02:44:55.423	0.84242				2
2025.05.21	02:45:00.119	0.84242				2
2025.05.21	02:45:04.190	0.84243				2
2025.05.21	02:45:04.918	0.84242	0.84243			6
2025.05.21	02:45:06.031	0.84243	0.84244			6
2025.05.21	02:45:07.773	0.84244	0.84245			6
2025.05.21	02:45:08.675	0.84245	0.84246			6
2025.05.21	02:45:09.111	0.84242	0.84243			6
2025.05.21	02:45:13.334	0.84243	0.84244			6
2025.05.21	02:45:24.213	0.84240	0.84241			6
2025.05.21	02:45:24.520	0.84242	0.84243			6
2025.05.21	02:45:28.983	0.84243	0.84244			6
2025.05.21	02:45:37.460	0.84240	0.84241			6
2025.05.21	02:45:39.210	0.84241	0.84242			6
2025.05.21	02:45:43.895	0.84242	0.84243			6
2025.05.21	02:45:47.190	0.84244	0.84245			6
2025.05.21	02:45:47.618	0.84243	0.84244			6
2025.05.21	02:45:51.235	0.84244	0.84245			6
2025.05.21	02:45:51.955	0.84243	0.84244			6
2025.05.21	02:45:52.529	0.84244	0.84245			6
2025.05.21	02:46:00.222	0.84245	0.84246			6
2025.05.21	02:46:24.333	0.84246	0.84247			6
2025.05.21	02:46:43.561		0.84248			4
2025.05.21	02:46:50.937	0.84245	0.84247			6
2025.05.21	02:46:58.401		0.84248			4
2025.05.21	02:46:58.911	0.84246				2
2025.05.21	02:47:00.227	0.84250	0.84251			6
2025.05.21	02:47:02.276	0.84249	0.84250			6
2025.05.21	02:47:13.557	0.84247	0.84249			6
2025.05.21	02:47:14.687		0.84248			4
2025.05.21	02:47:15.298	0.84246				2
2025.05.21	02:47:23.267	0.84248	0.84249			6
2025.05.21	02:47:34.708	0.84249	0.84250			6
2025.05.21	02:47:53.832	0.84250	0.84251			6
2025.05.21	02:47:58.498	0.84249				2
2025.05.21	02:47:58.820		0.84250			4
2025.05.21	02:48:00.705	0.84249	0.84251			6
2025.05.21	02:48:07.607	0.84250				2
2025.05.21	02:48:08.291	0.84249				2
2025.05.21	02:48:10.274	0.84251	0.84252			6
2025.05.21	02:48:11.046	0.84252	0.84253			6
2025.05.21	02:48:21.682	0.84253	0.84254			6
2025.05.21	02:49:01.319	0.84253				2
2025.05.21	02:49:20.314	0.84254	0.84255			6
2025.05.21	02:49:24.292		0.84256			4
2025.05.21	02:49:29.366		0.84255			4
2025.05.21	02:49:32.252		0.84256			4
2025.05.21	02:49:37.485	0.84255				2
2025.05.21	02:49:42.270	0.84254	0.84255			6
2025.05.21	02:49:49.810	0.84256	0.84257			6
2025.05.21	02:49:50.244	0.84257	0.84258			6
2025.05.21	02:49:54.524	0.84256	0.84257			6
2025.05.21	02:49:57.826	0.84259	0.84260			6
2025.05.21	02:49:58.291	0.84258	0.84259			6
2025.05.21	02:49:59.431		0.84260			4
2025.05.21	02:50:00.327	0.84258				2
2025.05.21	02:50:04.337	0.84259				2
2025.05.21	02:50:06.792	0.84258				2
2025.05.21	02:50:08.400	0.84259				2
2025.05.21	02:50:14.015		0.84261			4
2025.05.21	02:50:14.763	0.84260	0.84262			6
2025.05.21	02:50:17.594	0.84261				2
2025.05.21	02:50:18.314		0.84263			4
2025.05.21	02:50:21.606	0.84263	0.84264			6
2025.05.21	02:50:26.185	0.84260	0.84261			6
2025.05.21	02:50:36.312	0.84259	0.84260			6
2025.05.21	02:50:36.881	0.84258	0.84259			6
2025.05.21	02:50:37.728	0.84259	0.84260			6
2025.05.21	02:50:38.040	0.84260	0.84261			6
2025.05.21	02:50:45.438	0.84259				2
2025.05.21	02:50:52.415		0.84260			4
2025.05.21	02:50:56.183	0.84258				2
2025.05.21	02:51:00.592	0.84259				2
2025.05.21	02:51:01.214		0.84261			4
2025.05.21	02:51:02.410		0.84260			4
2025.05.21	02:51:07.402	0.84258	0.84259			6
2025.05.21	02:51:34.191	0.84256	0.84258			6
2025.05.21	02:51:36.965	0.84258	0.84260			6
2025.05.21	02:51:37.682	0.84259				2
2025.05.21	02:51:39.243	0.84260	0.84261			6
2025.05.21	02:51:40.518	0.84261	0.84262			6
2025.05.21	02:51:41.344		0.84263			4
2025.05.21	02:51:42.533	0.84265	0.84266			6
2025.05.21	02:51:42.841	0.84268	0.84269			6
2025.05.21	02:51:43.170	0.84267	0.84268			6
2025.05.21	02:51:43.479	0.84269	0.84270			6
2025.05.21	02:51:43.854	0.84267	0.84268			6
2025.05.21	02:51:44.232	0.84264	0.84267			6
2025.05.21	02:51:44.539	0.84263	0.84264			6
2025.05.21	02:51:44.920	0.84262				2
2025.05.21	02:51:45.358	0.84261	0.84263			6
2025.05.21	02:51:45.771	0.84259	0.84261			6
2025.05.21	02:51:46.081		0.84260			4
2025.05.21	02:51:46.798	0.84261	0.84263			6
2025.05.21	02:51:54.696	0.84259	0.84261			6
2025.05.21	02:52:00.482	0.84259				2
2025.05.21	02:52:01.156	0.84261	0.84262			6
2025.05.21	02:52:11.325		0.84263			4
2025.05.21	02:52:13.865	0.84259	0.84260			6
2025.05.21	02:52:14.257		0.84261			4
2025.05.21	02:52:14.972		0.84260			4
2025.05.21	02:52:15.392	0.84258				2
2025.05.21	02:52:15.968		0.84261			4
2025.05.21	02:52:19.016		0.84260			4
2025.05.21	02:52:21.064		0.84261			4
2025.05.21	02:52:29.428		0.84259			4
2025.05.21	02:52:36.406		0.84260			4
2025.05.21	02:52:40.062		0.84259			4
2025.05.21	02:52:41.574		0.84260			4
2025.05.21	02:52:47.015		0.84259			4
2025.05.21	02:52:48.432	0.84259	0.84260			6
2025.05.21	02:53:00.989	0.84259				2
2025.05.21	02:53:06.189	0.84258	0.84259			6
2025.05.21	02:53:06.750	0.84259	0.84260			6
2025.05.21	02:53:11.677	0.84258	0.84259			6
2025.05.21	02:53:18.954	0.84259	0.84260			6
2025.05.21	02:53:28.259	0.84255	0.84256			6
2025.05.21	02:53:38.687	0.84254				2
2025.05.21	02:53:39.450	0.84255	0.84257			6
2025.05.21	02:53:42.183	0.84254				2
2025.05.21	02:53:42.531	0.84255				2
2025.05.21	02:53:46.322		0.84258			4
2025.05.21	02:53:47.968		0.84257			4
2025.05.21	02:53:48.823	0.84256				2
2025.05.21	02:53:49.127		0.84258			4
2025.05.21	02:53:50.322	0.84257	0.84259			6
2025.05.21	02:53:52.054		0.84260			4
2025.05.21	02:54:00.630	0.84258				2
2025.05.21	02:54:11.850	0.84256	0.84258			6
2025.05.21	02:54:12.194	0.84255	0.84257			6
2025.05.21	02:54:13.504		0.84258			4
2025.05.21	02:54:18.469		0.84257			4
2025.05.21	02:54:18.936		0.84258			4
2025.05.21	02:54:21.473	0.84256				2
2025.05.21	02:54:24.623	0.84255				2
2025.05.21	02:54:29.125	0.84254	0.84256			6
2025.05.21	02:54:29.487	0.84253				2
2025.05.21	02:54:30.247	0.84254				2
2025.05.21	02:54:35.450	0.84253				2
2025.05.21	02:54:36.113	0.84254				2
2025.05.21	02:54:37.993	0.84253				2
2025.05.21	02:54:46.397	0.84254				2
2025.05.21	02:54:48.351		0.84257			4
2025.05.21	02:55:00.434	0.84254				2
2025.05.21	02:55:02.327	0.84255				2
2025.05.21	02:55:03.821	0.84254	0.84256			6
2025.05.21	02:55:05.266		0.84255			4
2025.05.21	02:55:28.832		0.84256			4
2025.05.21	02:55:35.766		0.84257			4
2025.05.21	02:55:44.218	0.84255				2
2025.05.21	02:55:45.797		0.84256			4
2025.05.21	02:56:01.493	0.84255				2
2025.05.21	02:56:04.437	0.84254	0.84255			6
2025.05.21	02:56:05.204	0.84255	0.84256			6
2025.05.21	02:56:06.580	0.84254				2
2025.05.21	02:56:13.932	0.84255				2
2025.05.21	02:56:16.182	0.84254				2
2025.05.21	02:56:34.485	0.84253	0.84255			6
2025.05.21	02:56:38.653	0.84254	0.84256			6
2025.05.21	02:56:52.562	0.84255	0.84257			6
2025.05.21	02:56:54.822		0.84258			4
2025.05.21	02:57:01.446	0.84256				2
2025.05.21	02:57:05.746	0.84255				2
2025.05.21	02:57:08.335	0.84254	0.84256			6
2025.05.21	02:57:09.182	0.84255	0.84257			6
2025.05.21	02:57:19.482	0.84256	0.84258			6
2025.05.21	02:57:20.016	0.84255				2
2025.05.21	02:57:20.393	0.84257	0.84259			6
2025.05.21	02:57:21.557		0.84258			4
2025.05.21	02:57:27.388	0.84256				2
2025.05.21	02:57:31.469		0.84257			4
2025.05.21	02:57:32.930	0.84255	0.84256			6
2025.05.21	02:57:34.442	0.84254				2
2025.05.21	02:57:36.358		0.84255			4
2025.05.21	02:57:44.402		0.84256			4
2025.05.21	02:57:58.529	0.84255	0.84257			6
2025.05.21	02:58:00.185	0.84255				2
2025.05.21	02:58:17.282		0.84256			4
2025.05.21	02:58:18.507		0.84257			4
2025.05.21	02:58:26.191	0.84257	0.84258			6
2025.05.21	02:58:26.968	0.84258	0.84259			6
2025.05.21	02:58:27.281	0.84259	0.84260			6
2025.05.21	02:58:38.731		0.84261			4
2025.05.21	02:58:41.212	0.84258	0.84260			6
2025.05.21	02:58:49.978	0.84259	0.84261			6
2025.05.21	02:59:00.696	0.84259	0.84260			6
2025.05.21	02:59:03.548	0.84258				2
2025.05.21	02:59:04.017		0.84259			4
2025.05.21	02:59:09.482	0.84259	0.84260			6
2025.05.21	02:59:11.354	0.84257	0.84259			6
2025.05.21	02:59:14.996	0.84258	0.84260			6
2025.05.21	02:59:16.985	0.84257				2
2025.05.21	02:59:17.308	0.84258				2
2025.05.21	02:59:21.228	0.84257	0.84259			6
2025.05.21	02:59:21.917	0.84258	0.84260			6
2025.05.21	02:59:26.751		0.84261			4
2025.05.21	02:59:27.100	0.84259				2
2025.05.21	02:59:27.737	0.84258				2
2025.05.21	02:59:30.907		0.84260			4
2025.05.21	02:59:40.952	0.84259	0.84261			6
2025.05.21	02:59:47.615	0.84258	0.84259			6
2025.05.21	02:59:49.814		0.84260			4
2025.05.21	03:00:00.340	0.84261	0.84263			6
2025.05.21	03:00:00.645	0.84262	0.84264			6
2025.05.21	03:00:01.657	0.84264	0.84266			6
2025.05.21	03:00:03.096		0.84265			4
2025.05.21	03:00:05.301		0.84266			4
2025.05.21	03:00:06.362	0.84265				2
2025.05.21	03:00:06.701	0.84263	0.84265			6
2025.05.21	03:00:07.442	0.84264	0.84266			6
2025.05.21	03:00:08.361	0.84263				2
2025.05.21	03:00:11.734	0.84264				2
2025.05.21	03:00:12.117	0.84263				2
2025.05.21	03:00:12.532	0.84261	0.84263			6
2025.05.21	03:00:12.841	0.84260	0.84262			6
2025.05.21	03:00:15.391		0.84263			4
2025.05.21	03:00:15.884	0.84261				2
2025.05.21	03:00:16.203	0.84260				2
2025.05.21	03:00:16.519		0.84262			4
2025.05.21	03:00:16.839	0.84261	0.84263			6
2025.05.21	03:00:17.952	0.84260				2
2025.05.21	03:00:18.263	0.84261				2
2025.05.21	03:00:19.559	0.84262	0.84264			6
2025.05.21	03:00:20.637	0.84261				2
2025.05.21	03:00:20.938	0.84262				2
2025.05.21	03:00:22.071		0.84263			4
2025.05.21	03:00:22.537	0.84263	0.84264			6
2025.05.21	03:00:22.839		0.84265			4
2025.05.21	03:00:34.113	0.84264				2
2025.05.21	03:00:34.821		0.84266			4
2025.05.21	03:00:35.494		0.84267			4
2025.05.21	03:00:35.906		0.84266			4
2025.05.21	03:00:36.969	0.84263				2
2025.05.21	03:00:37.353	0.84264				2
2025.05.21	03:00:39.569	0.84263	0.84265			6
2025.05.21	03:00:42.100	0.84264	0.84266			6
2025.05.21	03:00:42.403	0.84263	0.84265			6
2025.05.21	03:00:43.797	0.84264	0.84266			6
2025.05.21	03:00:45.618	0.84263				2
2025.05.21	03:00:49.987	0.84264				2
2025.05.21	03:00:56.375	0.84265				2
2025.05.21	03:00:59.651	0.84263				2
2025.05.21	03:01:00.577	0.84264				2
2025.05.21	03:01:01.571	0.84263				2
2025.05.21	03:01:02.197		0.84265			4
2025.05.21	03:01:02.563	0.84265	0.84266			6
2025.05.21	03:01:05.007	0.84264				2
2025.05.21	03:01:06.500	0.84265				2
2025.05.21	03:01:08.391	0.84264				2
2025.05.21	03:01:12.791	0.84263				2
2025.05.21	03:01:13.749	0.84265				2
2025.05.21	03:01:21.001	0.84266	0.84268			6
2025.05.21	03:01:21.733	0.84265	0.84267			6
2025.05.21	03:01:26.046	0.84267	0.84269			6
2025.05.21	03:01:29.374	0.84268	0.84270			6
2025.05.21	03:01:29.674	0.84267	0.84269			6
2025.05.21	03:01:32.982	0.84268				2
2025.05.21	03:01:34.949	0.84264	0.84266			6
2025.05.21	03:01:36.298		0.84265			4
2025.05.21	03:01:37.513	0.84263				2
2025.05.21	03:01:52.592	0.84264				2
2025.05.21	03:01:53.662		0.84266			4
2025.05.21	03:02:00.324	0.84264				2
2025.05.21	03:02:02.094	0.84267	0.84268			6
2025.05.21	03:02:02.401	0.84268	0.84270			6
2025.05.21	03:02:03.336		0.84271			4
2025.05.21	03:02:05.259	0.84266	0.84267			6
2025.05.21	03:02:05.578	0.84264				2
2025.05.21	03:02:07.051	0.84267	0.84269			6
2025.05.21	03:02:07.359	0.84265	0.84267			6
2025.05.21	03:02:08.661	0.84264	0.84266			6
2025.05.21	03:02:09.033	0.84265	0.84267			6
2025.05.21	03:02:09.807		0.84268			4
2025.05.21	03:02:10.682	0.84266				2
2025.05.21	03:02:12.905	0.84267				2
2025.05.21	03:02:15.361	0.84264	0.84266			6
2025.05.21	03:02:16.123	0.84265	0.84267			6
2025.05.21	03:02:18.884	0.84266	0.84268			6
2025.05.21	03:02:19.526	0.84265				2
2025.05.21	03:02:19.855	0.84266				2
2025.05.21	03:02:22.283	0.84269	0.84271			6
2025.05.21	03:02:22.937	0.84270	0.84272			6
2025.05.21	03:02:25.330	0.84271	0.84273			6
2025.05.21	03:02:40.307	0.84269	0.84271			6
2025.05.21	03:02:43.588	0.84274	0.84275			6
2025.05.21	03:02:46.702	0.84275	0.84276			6
2025.05.21	03:02:50.701	0.84274	0.84275			6
2025.05.21	03:02:59.580	0.84272	0.84274			6
2025.05.21	03:03:00.134	0.84272				2
2025.05.21	03:03:01.995	0.84273	0.84275			6
2025.05.21	03:03:04.363	0.84271	0.84273			6
2025.05.21	03:03:04.772		0.84272			4
2025.05.21	03:03:05.724	0.84270				2
2025.05.21	03:03:07.889		0.84271			4
2025.05.21	03:03:11.506	0.84271	0.84272			6
2025.05.21	03:03:11.832	0.84270				2
2025.05.21	03:03:14.668		0.84273			4
2025.05.21	03:03:15.056		0.84272			4
2025.05.21	03:03:16.722	0.84271	0.84273			6
2025.05.21	03:03:17.533	0.84270				2
2025.05.21	03:03:20.368		0.84272			4
2025.05.21	03:03:21.644		0.84271			4
2025.05.21	03:03:23.284	0.84271	0.84273			6
2025.05.21	03:03:27.183		0.84272			4
2025.05.21	03:03:27.817	0.84270				2
2025.05.21	03:03:28.708	0.84269	0.84271			6
2025.05.21	03:03:29.036		0.84270			4
2025.05.21	03:03:34.299		0.84271			4
2025.05.21	03:03:34.706	0.84268				2
2025.05.21	03:03:35.080		0.84270			4
2025.05.21	03:03:36.095	0.84269	0.84271			6
2025.05.21	03:03:39.318	0.84268				2
2025.05.21	03:03:41.353	0.84269				2
2025.05.21	03:03:42.801	0.84268	0.84270			6
2025.05.21	03:04:00.403	0.84268				2
2025.05.21	03:04:04.566		0.84269			4
2025.05.21	03:04:05.035		0.84270			4
2025.05.21	03:04:06.378	0.84266	0.84269			6
2025.05.21	03:04:06.679		0.84268			4
2025.05.21	03:04:11.133		0.84269			4
2025.05.21	03:04:12.259	0.84265	0.84268			6
2025.05.21	03:04:12.562	0.84266				2
2025.05.21	03:04:16.483	0.84267	0.84269			6
2025.05.21	03:04:24.739	0.84268				2
2025.05.21	03:04:25.369		0.84270			4
2025.05.21	03:04:27.336	0.84269				2
2025.05.21	03:04:27.667	0.84268	0.84271			6
2025.05.21	03:04:29.218	0.84269				2
2025.05.21	03:04:32.608	0.84268	0.84270			6
2025.05.21	03:04:43.930		0.84269			4
2025.05.21	03:04:46.391		0.84270			4
2025.05.21	03:04:48.880	0.84269				2
2025.05.21	03:04:50.153		0.84271			4
2025.05.21	03:04:58.192	0.84268	0.84269			6
2025.05.21	03:04:58.818	0.84267				2
2025.05.21	03:05:00.223	0.84268				2
2025.05.21	03:05:01.207		0.84270			4
2025.05.21	03:05:12.866		0.84269			4
2025.05.21	03:05:29.568	0.84269	0.84271			6
2025.05.21	03:05:29.883	0.84268				2
2025.05.21	03:05:30.332	0.84269				2
2025.05.21	03:05:34.346	0.84270				2
2025.05.21	03:05:35.604	0.84269				2
2025.05.21	03:05:38.666	0.84268				2
2025.05.21	03:05:41.136	0.84269				2
2025.05.21	03:05:42.177	0.84271	0.84272			6
2025.05.21	03:05:44.506	0.84270				2
2025.05.21	03:05:47.974	0.84269	0.84271			6
2025.05.21	03:06:00.257	0.84269				2
2025.05.21	03:06:02.351	0.84270				2
2025.05.21	03:06:02.661	0.84269	0.84272			6
2025.05.21	03:06:04.299		0.84271			4
2025.05.21	03:06:07.960		0.84272			4
2025.05.21	03:06:09.084	0.84268	0.84269			6
2025.05.21	03:06:10.350	0.84267				2
2025.05.21	03:06:11.605		0.84268			4
2025.05.21	03:06:12.013	0.84268	0.84269			6
2025.05.21	03:06:19.553	0.84270	0.84272			6
2025.05.21	03:06:20.404	0.84271	0.84273			6
2025.05.21	03:06:20.716	0.84272				2
2025.05.21	03:06:22.351	0.84271				2
2025.05.21	03:06:22.659		0.84274			4
2025.05.21	03:06:22.970	0.84273	0.84275			6
2025.05.21	03:06:23.279	0.84272	0.84274			6
2025.05.21	03:06:25.385	0.84273				2
2025.05.21	03:06:27.202	0.84272				2
2025.05.21	03:06:28.415	0.84273				2
2025.05.21	03:06:29.534	0.84272				2
2025.05.21	03:06:29.840	0.84273				2
2025.05.21	03:06:30.619	0.84272	0.84273			6
2025.05.21	03:06:31.695	0.84273	0.84274			6
2025.05.21	03:06:34.099		0.84275			4
2025.05.21	03:06:34.437		0.84274			4
2025.05.21	03:06:34.740		0.84275			4
2025.05.21	03:06:35.433	0.84272				2
2025.05.21	03:06:35.742		0.84274			4
2025.05.21	03:06:36.238	0.84271	0.84273			6
2025.05.21	03:06:38.640	0.84269	0.84272			6
2025.05.21	03:06:42.735	0.84270				2
2025.05.21	03:06:45.386	0.84271	0.84273			6
2025.05.21	03:06:46.365	0.84270				2
2025.05.21	03:06:46.706		0.84271			4
2025.05.21	03:06:48.123		0.84272			4
2025.05.21	03:06:48.450	0.84272	0.84273			6
2025.05.21	03:06:48.976		0.84274			4
2025.05.21	03:06:49.776	0.84271	0.84273			6
2025.05.21	03:06:50.097	0.84272	0.84274			6
2025.05.21	03:06:52.491		0.84273			4
2025.05.21	03:06:53.818	0.84271				2
2025.05.21	03:06:54.189		0.84272			4
2025.05.21	03:06:54.498	0.84270				2
2025.05.21	03:06:58.501		0.84273			4
2025.05.21	03:06:58.819		0.84272			4
2025.05.21	03:06:59.125	0.84273	0.84275			6
2025.05.21	03:06:59.427	0.84274				2
2025.05.21	03:06:59.732	0.84273				2
2025.05.21	03:07:00.189	0.84273				2
2025.05.21	03:07:01.348		0.84274			4
2025.05.21	03:07:02.474		0.84275			4
2025.05.21	03:07:03.725		0.84274			4
2025.05.21	03:07:04.038		0.84275			4
2025.05.21	03:07:15.065	0.84272	0.84274			6
2025.05.21	03:07:22.563		0.84273			4
2025.05.21	03:07:24.342		0.84274			4
2025.05.21	03:07:28.096	0.84271	0.84273			6
2025.05.21	03:07:28.408	0.84270	0.84271			6
2025.05.21	03:07:28.718		0.84272			4
2025.05.21	03:07:30.397		0.84271			4
2025.05.21	03:07:30.727	0.84269	0.84270			6
2025.05.21	03:07:31.257	0.84268				2
2025.05.21	03:07:33.102	0.84269				2
2025.05.21	03:07:35.179		0.84271			4
2025.05.21	03:07:40.393		0.84270			4
2025.05.21	03:07:40.717	0.84268				2
2025.05.21	03:07:41.870	0.84269				2
2025.05.21	03:07:43.352	0.84268				2
2025.05.21	03:07:43.655	0.84269				2
2025.05.21	03:07:46.280		0.84271			4
2025.05.21	03:07:47.223	0.84270				2
2025.05.21	03:07:48.801	0.84269				2
2025.05.21	03:07:51.078		0.84270			4
2025.05.21	03:08:00.074	0.84268				2
2025.05.21	03:08:13.241		0.84269			4
2025.05.21	03:08:21.715	0.84264	0.84265			6
2025.05.21	03:08:22.033	0.84263				2
2025.05.21	03:08:22.370	0.84264				2
2025.05.21	03:08:30.232	0.84263				2
2025.05.21	03:08:40.486		0.84264			4
2025.05.21	03:08:49.123		0.84265			4
2025.05.21	03:09:00.373	0.84264				2
2025.05.21	03:09:02.672	0.84263				2
2025.05.21	03:09:04.216	0.84264				2
2025.05.21	03:09:05.967	0.84263				2
2025.05.21	03:09:06.502		0.84264			4
2025.05.21	03:09:07.265		0.84265			4
2025.05.21	03:09:07.993		0.84264			4
2025.05.21	03:09:10.525	0.84262	0.84263			6
2025.05.21	03:09:17.264	0.84263	0.84264			6
2025.05.21	03:09:17.726	0.84262				2
2025.05.21	03:09:18.426	0.84263				2
2025.05.21	03:09:22.991	0.84262				2
2025.05.21	03:09:27.008	0.84263				2
2025.05.21	03:09:30.591	0.84262				2
2025.05.21	03:09:31.456	0.84263				2
2025.05.21	03:09:40.781	0.84262	0.84263			6
2025.05.21	03:09:46.554	0.84263	0.84264			6
2025.05.21	03:09:50.318	0.84262	0.84263			6
2025.05.21	03:09:58.663	0.84263	0.84265			6
2025.05.21	03:09:59.083	0.84264				2
2025.05.21	03:09:59.503		0.84266			4
2025.05.21	03:10:00.187	0.84265				2
2025.05.21	03:10:07.583		0.84267			4
2025.05.21	03:10:14.990	0.84264	0.84266			6
2025.05.21	03:10:17.459	0.84263	0.84265			6
2025.05.21	03:10:17.993	0.84264	0.84266			6
2025.05.21	03:10:18.423	0.84263				2
2025.05.21	03:10:18.928	0.84264				2
2025.05.21	03:10:19.370	0.84263				2
2025.05.21	03:10:20.200		0.84265			4
2025.05.21	03:10:20.503		0.84264			4
2025.05.21	03:10:24.827		0.84265			4
2025.05.21	03:10:25.184		0.84264			4
2025.05.21	03:10:32.151		0.84265			4
2025.05.21	03:10:34.445	0.84262				2
2025.05.21	03:10:35.026	0.84263				2
2025.05.21	03:10:37.108		0.84264			4
2025.05.21	03:10:39.620	0.84262				2
2025.05.21	03:10:40.784		0.84263			4
2025.05.21	03:10:41.733	0.84263	0.84264			6
2025.05.21	03:10:47.934	0.84262	0.84263			6
2025.05.21	03:10:53.735		0.84264			4
2025.05.21	03:10:54.266	0.84263				2
2025.05.21	03:10:56.107	0.84265	0.84267			6
2025.05.21	03:10:58.104	0.84266				2
2025.05.21	03:10:59.976		0.84268			4
2025.05.21	03:11:00.280	0.84266				2
2025.05.21	03:11:01.871	0.84265	0.84267			6
2025.05.21	03:11:02.171		0.84268			4
2025.05.21	03:11:02.947		0.84267			4
2025.05.21	03:11:03.264	0.84264	0.84266			6
2025.05.21	03:11:04.376	0.84265	0.84267			6
2025.05.21	03:11:04.856	0.84264				2
2025.05.21	03:11:05.490		0.84266			4
2025.05.21	03:11:06.053		0.84267			4
2025.05.21	03:11:06.883	0.84265				2
2025.05.21	03:11:07.599	0.84266				2
2025.05.21	03:11:07.900	0.84265	0.84266			6
2025.05.21	03:11:08.433	0.84264				2
2025.05.21	03:11:11.003		0.84265			4
2025.05.21	03:11:12.938		0.84266			4
2025.05.21	03:11:16.873		0.84265			4
2025.05.21	03:11:19.766		0.84266			4
2025.05.21	03:11:23.728		0.84265			4
2025.05.21	03:11:24.236		0.84266			4
2025.05.21	03:11:24.838	0.84263	0.84265			6
2025.05.21	03:11:26.193	0.84264				2
2025.05.21	03:11:26.862	0.84263				2
2025.05.21	03:11:35.473		0.84264			4
2025.05.21	03:11:36.718	0.84264	0.84265			6
2025.05.21	03:11:45.390	0.84265	0.84266			6
2025.05.21	03:11:46.043		0.84267			4
2025.05.21	03:11:46.445		0.84266			4
2025.05.21	03:11:48.225	0.84264	0.84265			6
2025.05.21	03:11:50.527		0.84266			4
2025.05.21	03:11:59.613	0.84263	0.84264			6
2025.05.21	03:12:00.426	0.84263				2
2025.05.21	03:12:01.518		0.84265			4
2025.05.21	03:12:06.099	0.84264	0.84266			6
2025.05.21	03:12:09.532	0.84265				2
2025.05.21	03:12:12.099	0.84264				2
2025.05.21	03:12:13.591		0.84267			4
2025.05.21	03:12:21.497		0.84265			4
2025.05.21	03:12:23.109		0.84266			4
2025.05.21	03:12:26.349	0.84265	0.84267			6
2025.05.21	03:12:27.812		0.84266			4
2025.05.21	03:12:28.131	0.84264				2
2025.05.21	03:12:32.027		0.84265			4
2025.05.21	03:12:35.944	0.84263				2
2025.05.21	03:12:38.310	0.84264				2
2025.05.21	03:12:40.485	0.84263				2
2025.05.21	03:13:00.283	0.84263				2
2025.05.21	03:13:04.541	0.84264	0.84266			6
2025.05.21	03:13:08.256	0.84263				2
2025.05.21	03:13:15.265	0.84264				2
2025.05.21	03:13:31.873		0.84267			4
2025.05.21	03:13:33.193		0.84265			4
2025.05.21	03:13:36.375	0.84263				2
2025.05.21	03:13:44.985	0.84264				2
2025.05.21	03:13:45.332	0.84263				2
2025.05.21	03:13:46.993	0.84264				2
2025.05.21	03:13:47.300	0.84263				2
2025.05.21	03:13:48.557	0.84264				2
2025.05.21	03:13:49.217	0.84263				2
2025.05.21	03:13:52.457	0.84264				2
2025.05.21	03:13:58.425	0.84263				2
2025.05.21	03:14:00.350	0.84263				2
2025.05.21	03:14:02.936	0.84264	0.84267			6
2025.05.21	03:14:15.833		0.84266			4
2025.05.21	03:14:16.916	0.84263				2
2025.05.21	03:14:19.170		0.84264			4
2025.05.21	03:14:19.480		0.84265			4
2025.05.21	03:14:19.932		0.84266			4
2025.05.21	03:14:20.912	0.84264				2
2025.05.21	03:14:21.910	0.84263				2
2025.05.21	03:14:29.802	0.84264				2
2025.05.21	03:14:33.110	0.84263	0.84264			6
2025.05.21	03:14:37.711		0.84265			4
2025.05.21	03:14:38.184	0.84261	0.84262			6
2025.05.21	03:14:38.501		0.84263			4
2025.05.21	03:14:43.822	0.84263	0.84264			6
2025.05.21	03:14:45.463	0.84262				2
2025.05.21	03:14:46.901	0.84263				2
2025.05.21	03:14:49.645	0.84262				2
2025.05.21	03:14:50.431	0.84263				2
2025.05.21	03:14:51.653		0.84265			4
2025.05.21	03:14:52.287		0.84264			4
2025.05.21	03:15:00.198	0.84264	0.84265			6
2025.05.21	03:15:02.215	0.84263				2
2025.05.21	03:15:02.518	0.84261	0.84262			6
2025.05.21	03:15:03.062	0.84262	0.84263			6
2025.05.21	03:15:04.371	0.84261	0.84262			6
2025.05.21	03:15:06.888	0.84260				2
2025.05.21	03:15:07.473	0.84261	0.84264			6
2025.05.21	03:15:08.474		0.84263			4
2025.05.21	03:15:11.162	0.84262	0.84264			6
2025.05.21	03:15:11.831		0.84265			4
2025.05.21	03:15:12.182	0.84263				2
2025.05.21	03:15:13.687	0.84262	0.84264			6
2025.05.21	03:15:13.990	0.84263				2
2025.05.21	03:15:16.457		0.84265			4
2025.05.21	03:15:17.095		0.84264			4
2025.05.21	03:15:17.625	0.84262				2
2025.05.21	03:15:17.938	0.84263				2
2025.05.21	03:15:29.362	0.84264	0.84265			6
2025.05.21	03:15:29.817	0.84263	0.84264			6
2025.05.21	03:15:30.381	0.84264	0.84266			6
2025.05.21	03:15:32.107	0.84265				2
2025.05.21	03:15:32.750	0.84263	0.84264			6
2025.05.21	03:15:33.728		0.84265			4
2025.05.21	03:15:36.873		0.84266			4
2025.05.21	03:15:38.169		0.84265			4
2025.05.21	03:15:48.368	0.84264				2
2025.05.21	03:15:49.799	0.84263	0.84266			6
2025.05.21	03:15:50.105	0.84264				2
2025.05.21	03:15:53.656	0.84265				2
2025.05.21	03:15:57.405	0.84264	0.84267			6
2025.05.21	03:15:57.719		0.84266			4
2025.05.21	03:15:58.652		0.84267			4
2025.05.21	03:16:00.017	0.84265				2
2025.05.21	03:16:00.706	0.84266				2
2025.05.21	03:16:01.087	0.84265	0.84266			6
2025.05.21	03:16:01.673	0.84261	0.84263			6
2025.05.21	03:16:02.348	0.84263	0.84265			6
2025.05.21	03:16:02.659	0.84264	0.84266			6
2025.05.21	03:16:04.258		0.84267			4
2025.05.21	03:16:15.234		0.84266			4
2025.05.21	03:16:16.182		0.84267			4
2025.05.21	03:16:24.282		0.84266			4
2025.05.21	03:16:28.079	0.84263	0.84265			6
2025.05.21	03:16:30.392	0.84264				2
2025.05.21	03:16:32.216	0.84263				2
2025.05.21	03:16:40.034	0.84264				2
2025.05.21	03:16:45.583		0.84266			4
2025.05.21	03:17:00.394	0.84264				2
2025.05.21	03:17:04.782	0.84254	0.84256			6
2025.05.21	03:17:08.042	0.84253				2
2025.05.21	03:17:09.837	0.84254				2
2025.05.21	03:17:10.452	0.84253				2
2025.05.21	03:17:13.158	0.84254				2
2025.05.21	03:17:20.859		0.84257			4
2025.05.21	03:17:21.536	0.84255				2
2025.05.21	03:17:22.565	0.84254	0.84255			6
2025.05.21	03:17:24.099	0.84258	0.84260			6
2025.05.21	03:17:26.226	0.84259				2
2025.05.21	03:17:30.347	0.84258				2
2025.05.21	03:17:35.054		0.84261			4
2025.05.21	03:17:38.537	0.84259				2
2025.05.21	03:17:44.217		0.84262			4
2025.05.21	03:17:45.601		0.84261			4
2025.05.21	03:17:46.324		0.84262			4
2025.05.21	03:17:49.630	0.84260				2
2025.05.21	03:17:50.268	0.84259				2
2025.05.21	03:17:51.614	0.84260				2
2025.05.21	03:17:52.379	0.84261	0.84263			6
2025.05.21	03:17:52.787	0.84260	0.84262			6
2025.05.21	03:17:53.712	0.84261	0.84263			6
2025.05.21	03:17:55.329	0.84260				2
2025.05.21	03:17:55.969	0.84259	0.84262			6
2025.05.21	03:17:57.716	0.84260	0.84263			6
2025.05.21	03:17:58.053		0.84262			4
2025.05.21	03:17:59.443	0.84259				2
2025.05.21	03:18:00.354	0.84259				2
2025.05.21	03:18:03.104	0.84260				2
2025.05.21	03:18:03.507	0.84259				2
2025.05.21	03:18:04.335	0.84258	0.84259			6
2025.05.21	03:18:04.651		0.84261			4
2025.05.21	03:18:08.315		0.84260			4
2025.05.21	03:18:18.528		0.84259			4
2025.05.21	03:18:21.033		0.84261			4
2025.05.21	03:18:27.676		0.84260			4
2025.05.21	03:18:33.833		0.84259			4
2025.05.21	03:18:34.251		0.84260			4
2025.05.21	03:18:37.498		0.84261			4
2025.05.21	03:18:38.700	0.84259	0.84260			6
2025.05.21	03:18:39.266	0.84258				2
2025.05.21	03:18:42.948		0.84259			4
2025.05.21	03:18:43.415		0.84260			4
2025.05.21	03:18:43.853		0.84259			4
2025.05.21	03:18:44.438		0.84260			4
2025.05.21	03:18:44.741		0.84259			4
2025.05.21	03:18:45.071		0.84260			4
2025.05.21	03:18:45.978	0.84257	0.84259			6
2025.05.21	03:18:46.287		0.84258			4
2025.05.21	03:18:47.209	0.84256	0.84257			6
2025.05.21	03:18:49.768	0.84258	0.84260			6
2025.05.21	03:18:51.582		0.84259			4
2025.05.21	03:18:52.677		0.84260			4
2025.05.21	03:18:54.135	0.84263	0.84264			6
2025.05.21	03:18:56.576	0.84262	0.84263			6
2025.05.21	03:19:00.387	0.84262				2
2025.05.21	03:19:10.968	0.84263	0.84264			6
2025.05.21	03:19:11.601	0.84262	0.84263			6
2025.05.21	03:19:23.330	0.84263	0.84265			6
2025.05.21	03:19:25.336		0.84264			4
2025.05.21	03:19:26.345		0.84265			4
2025.05.21	03:19:27.236	0.84262				2
2025.05.21	03:19:28.021		0.84264			4
2025.05.21	03:19:30.022		0.84263			4
2025.05.21	03:19:31.924		0.84264			4
2025.05.21	03:19:33.195	0.84263				2
2025.05.21	03:19:33.981		0.84265			4
2025.05.21	03:19:34.302		0.84264			4
2025.05.21	03:19:40.237	0.84262	0.84263			6
2025.05.21	03:19:40.541	0.84261	0.84262			6
2025.05.21	03:19:41.661	0.84260				2
2025.05.21	03:19:42.465	0.84261				2
2025.05.21	03:19:42.831		0.84263			4
2025.05.21	03:19:44.085	0.84262	0.84264			6
2025.05.21	03:19:44.428	0.84261	0.84262			6
2025.05.21	03:19:44.739	0.84262	0.84264			6
2025.05.21	03:19:47.430		0.84263			4
2025.05.21	03:19:48.116		0.84264			4
2025.05.21	03:19:49.951		0.84263			4
2025.05.21	03:19:50.721	0.84263	0.84264			6
2025.05.21	03:19:53.146		0.84265			4
2025.05.21	03:19:56.652		0.84264			4
2025.05.21	03:19:58.669		0.84266			4
2025.05.21	03:19:59.383		0.84265			4
2025.05.21	03:20:00.320	0.84264	0.84266			6
2025.05.21	03:20:01.077	0.84263				2
2025.05.21	03:20:03.960		0.84265			4
2025.05.21	03:20:05.556		0.84266			4
2025.05.21	03:20:07.857		0.84265			4
2025.05.21	03:20:09.142		0.84266			4
2025.05.21	03:20:11.151	0.84264				2
2025.05.21	03:20:11.740	0.84263				2
2025.05.21	03:20:14.108		0.84265			4
2025.05.21	03:20:18.243		0.84266			4
2025.05.21	03:20:18.817		0.84265			4
2025.05.21	03:20:19.180		0.84266			4
2025.05.21	03:20:25.288	0.84262	0.84265			6
2025.05.21	03:20:25.689	0.84263				2
2025.05.21	03:20:26.995		0.84264			4
2025.05.21	03:20:28.396		0.84265			4
2025.05.21	03:20:28.701		0.84264			4
2025.05.21	03:20:30.700	0.84260	0.84261			6
2025.05.21	03:20:31.518	0.84259				2
2025.05.21	03:20:32.391	0.84260				2
2025.05.21	03:20:32.971	0.84259				2
2025.05.21	03:20:38.287		0.84260			4
2025.05.21	03:20:38.674	0.84256	0.84258			6
2025.05.21	03:20:46.176	0.84257				2
2025.05.21	03:20:46.479	0.84258	0.84260			6
2025.05.21	03:20:47.131	0.84259				2
2025.05.21	03:20:47.466	0.84265	0.84266			6
2025.05.21	03:20:48.078	0.84264				2
2025.05.21	03:20:48.701	0.84259	0.84261			6
2025.05.21	03:20:49.034		0.84260			4
2025.05.21	03:20:49.442		0.84261			4
2025.05.21	03:20:52.346	0.84260				2
2025.05.21	03:20:59.454	0.84262	0.84264			6
2025.05.21	03:21:00.149	0.84262				2
2025.05.21	03:21:02.013	0.84261	0.84263			6
2025.05.21	03:21:03.125	0.84262				2
2025.05.21	03:21:04.282	0.84261				2
2025.05.21	03:21:06.525		0.84264			4
2025.05.21	03:21:06.830		0.84263			4
2025.05.21	03:21:08.346	0.84262				2
2025.05.21	03:21:08.663	0.84261				2
2025.05.21	03:21:10.347		0.84264			4
2025.05.21	03:21:10.725	0.84262				2
2025.05.21	03:21:13.189	0.84264	0.84265			6
2025.05.21	03:21:14.348	0.84265	0.84266			6
2025.05.21	03:21:14.947		0.84267			4
2025.05.21	03:21:15.259		0.84266			4
2025.05.21	03:21:20.318	0.84266	0.84267			6
2025.05.21	03:21:22.103	0.84265	0.84266			6
2025.05.21	03:21:22.411	0.84266	0.84267			6
2025.05.21	03:21:23.038	0.84265	0.84266			6
2025.05.21	03:21:24.962	0.84266	0.84267			6
2025.05.21	03:21:29.532		0.84268			4
2025.05.21	03:21:32.081	0.84265				2
2025.05.21	03:21:34.415		0.84266			4
2025.05.21	03:21:52.204	0.84264	0.84265			6
2025.05.21	03:21:53.383	0.84263	0.84264			6
2025.05.21	03:21:53.713	0.84264	0.84265			6
2025.05.21	03:22:00.225	0.84264				2
2025.05.21	03:22:04.225	0.84263	0.84264			6
2025.05.21	03:22:10.819	0.84264	0.84265			6
2025.05.21	03:22:13.465	0.84263				2
2025.05.21	03:22:14.031	0.84264				2
2025.05.21	03:22:14.699	0.84263	0.84264			6
2025.05.21	03:22:26.441	0.84264	0.84267			6
2025.05.21	03:22:27.203		0.84265			4
2025.05.21	03:22:28.387		0.84266			4
2025.05.21	03:22:30.292		0.84265			4
2025.05.21	03:22:30.881	0.84263	0.84264			6
2025.05.21	03:22:33.266	0.84264	0.84267			6
2025.05.21	03:22:34.426		0.84266			4
2025.05.21	03:22:40.805		0.84267			4
2025.05.21	03:22:41.590	0.84265				2
2025.05.21	03:22:47.326	0.84264	0.84266			6
2025.05.21	03:22:50.681	0.84265				2
2025.05.21	03:22:51.331		0.84267			4
2025.05.21	03:22:55.128	0.84267	0.84268			6
2025.05.21	03:22:56.416	0.84266				2
2025.05.21	03:22:59.351	0.84269	0.84270			6
2025.05.21	03:23:00.183	0.84269				2
2025.05.21	03:23:04.910	0.84268	0.84269			6
2025.05.21	03:23:05.685	0.84267				2
2025.05.21	03:23:06.135		0.84270			4
2025.05.21	03:23:06.515	0.84268	0.84269			6
2025.05.21	03:23:07.430	0.84267	0.84268			6
2025.05.21	03:23:08.862	0.84266				2
2025.05.21	03:23:09.675	0.84267	0.84269			6
2025.05.21	03:23:10.839	0.84268				2
2025.05.21	03:23:11.693	0.84267	0.84268			6
2025.05.21	03:23:12.001	0.84268	0.84269			6
2025.05.21	03:23:12.484		0.84270			4
2025.05.21	03:23:12.993		0.84269			4
2025.05.21	03:23:14.044	0.84267				2
2025.05.21	03:23:14.364	0.84268	0.84270			6
2025.05.21	03:23:15.093	0.84267				2
2025.05.21	03:23:16.364	0.84269				2
2025.05.21	03:23:17.216	0.84270	0.84271			6
2025.05.21	03:23:28.403	0.84269				2
2025.05.21	03:23:29.839	0.84268	0.84269			6
2025.05.21	03:23:32.527	0.84267				2
