<DATE>	<TIME>	<BID>	<ASK>	<LAST>	<VOLUME>	<FLAGS>
2025.01.06	00:00:00.253	0.82822	0.83026			6
2025.01.06	00:00:11.190	0.82823	0.83027			6
2025.01.06	00:01:00.194	0.82823				2
2025.01.06	00:01:01.101	0.82822	0.83026			6
2025.01.06	00:01:10.176	0.82842	0.83046			6
2025.01.06	00:02:00.129	0.82842				2
2025.01.06	00:02:10.417		0.83046			4
2025.01.06	00:02:48.526	0.82840	0.83044			6
2025.01.06	00:02:50.036	0.82834	0.83038			6
2025.01.06	00:03:00.021	0.82834				2
2025.01.06	00:03:00.324	0.82832	0.83036			6
2025.01.06	00:03:08.796	0.82826	0.83030			6
2025.01.06	00:03:43.629	0.82824	0.83028			6
2025.01.06	00:03:48.470	0.82822	0.83026			6
2025.01.06	00:03:49.075	0.82824	0.83028			6
2025.01.06	00:03:49.979	0.82822	0.83026			6
2025.01.06	00:03:54.218	0.82818	0.83022			6
2025.01.06	00:03:57.545	0.82853	0.83026			6
2025.01.06	00:03:57.844	0.82854				2
2025.01.06	00:04:00.265	0.82854				2
2025.01.06	00:04:01.174	0.82853	0.83024			6
2025.01.06	00:04:01.477	0.82857	0.83020			6
2025.01.06	00:04:04.200	0.82854	0.83024			6
2025.01.06	00:04:04.503	0.82856				2
2025.01.06	00:04:07.225		0.83022			4
2025.01.06	00:04:10.553	0.82855	0.83020			6
2025.01.06	00:04:11.158	0.82858	0.83016			6
2025.01.06	00:04:11.761	0.82857	0.83018			6
2025.01.06	00:04:12.367	0.82858				2
2025.01.06	00:04:17.209	0.82857	0.83016			6
2025.01.06	00:04:19.023	0.82858				2
2025.01.06	00:04:22.350	0.82859				2
2025.01.06	00:04:22.654		0.83018			4
2025.01.06	00:04:29.610	0.82860	0.83017			6
2025.01.06	00:04:30.821	0.82804	0.83024			6
2025.01.06	00:04:41.523		0.83019			4
2025.01.06	00:04:49.317	0.82815				2
2025.01.06	00:04:55.584		0.83013			4
2025.01.06	00:04:57.163	0.82820	0.83009			6
2025.01.06	00:05:04.555	0.82820	0.83011			6
2025.01.06	00:05:16.738		0.83013			4
2025.01.06	00:05:21.661		0.83017			4
2025.01.06	00:05:46.347	0.82828				2
2025.01.06	00:05:50.351	0.82829				2
2025.01.06	00:05:51.179	0.82830				2
2025.01.06	00:05:55.425	0.82829				2
2025.01.06	00:05:56.221	0.82828				2
2025.01.06	00:06:00.455	0.82830				2
2025.01.06	00:06:01.218	0.82829				2
2025.01.06	00:06:02.317	0.82832				2
2025.01.06	00:06:14.351	0.82833				2
2025.01.06	00:06:40.350	0.82834	0.83017			6
2025.01.06	00:06:41.178	0.82862	0.82997			6
2025.01.06	00:06:45.739	0.82838	0.83017			6
2025.01.06	00:07:01.559	0.82838				2
2025.01.06	00:07:10.847		0.83022			4
2025.01.06	00:07:26.352	0.82839				2
2025.01.06	00:07:36.348	0.82840	0.83021			6
2025.01.06	00:07:45.752	0.82844	0.83023			6
2025.01.06	00:08:10.329	0.82843	0.83022			6
2025.01.06	00:08:25.512	0.82844	0.83023			6
2025.01.06	00:08:30.694	0.82845	0.83024			6
2025.01.06	00:08:39.927	0.82844	0.83023			6
2025.01.06	00:08:44.528	0.82845	0.83024			6
2025.01.06	00:08:49.385	0.82844	0.83023			6
2025.01.06	00:08:50.077	0.82843	0.83022			6
2025.01.06	00:08:54.628	0.82844	0.83023			6
2025.01.06	00:08:59.807	0.82845	0.83024			6
2025.01.06	00:09:04.673	0.82843	0.83022			6
2025.01.06	00:09:10.125	0.82844	0.83023			6
2025.01.06	00:09:14.416	0.82845	0.83024			6
2025.01.06	00:09:29.165	0.82843	0.83022			6
2025.01.06	00:09:34.115	0.82844	0.83023			6
2025.01.06	00:10:00.350	0.82889	0.82984			6
2025.01.06	00:10:17.405	0.82890				2
2025.01.06	00:10:25.504		0.82983			4
2025.01.06	00:10:40.803	0.82891				2
2025.01.06	00:11:00.903	0.82891				2
2025.01.06	00:11:10.850		0.82982			4
2025.01.06	00:11:20.796	0.82867	0.82980			6
2025.01.06	00:11:25.739	0.82866				2
2025.01.06	00:11:35.074	0.82867				2
2025.01.06	00:11:41.028	0.82868	0.82978			6
2025.01.06	00:11:42.913	0.82869				2
2025.01.06	00:11:47.403		0.82977			4
2025.01.06	00:11:50.361		0.82978			4
2025.01.06	00:11:51.051	0.82868				2
2025.01.06	00:11:52.084	0.82869	0.82977			6
2025.01.06	00:12:00.354	0.82869				2
2025.01.06	00:12:06.445	0.82870				2
2025.01.06	00:12:10.080	0.82886	0.82992			6
2025.01.06	00:12:11.899	0.82869	0.82977			6
2025.01.06	00:12:23.293	0.82870				2
2025.01.06	00:12:29.922	0.82869	0.82978			6
2025.01.06	00:12:39.307		0.82977			4
2025.01.06	00:12:47.104		0.82978			4
2025.01.06	00:12:48.079	0.82868				2
2025.01.06	00:12:50.888	0.82869	0.82977			6
2025.01.06	00:12:54.965		0.82978			4
2025.01.06	00:12:56.705	0.82868				2
2025.01.06	00:13:00.191	0.82868				2
2025.01.06	00:13:04.803	0.82869				2
2025.01.06	00:13:06.410		0.82977			4
2025.01.06	00:13:15.002		0.82978			4
2025.01.06	00:13:16.006	0.82868				2
2025.01.06	00:13:25.081	0.82869				2
2025.01.06	00:13:26.353		0.82977			4
2025.01.06	00:13:45.193	0.82870				2
2025.01.06	00:13:57.406		0.82976			4
2025.01.06	00:13:58.404		0.82977			4
2025.01.06	00:13:58.717	0.82877				2
2025.01.06	00:14:01.597	0.82871	0.82976			6
2025.01.06	00:14:03.607	0.82870	0.82977			6
2025.01.06	00:14:05.776	0.82865	0.82982			6
2025.01.06	00:14:38.169		0.82981			4
2025.01.06	00:14:42.194	0.82864				2
2025.01.06	00:14:45.604		0.82982			4
2025.01.06	00:15:00.794	0.82864				2
2025.01.06	00:15:05.050		0.82981			4
2025.01.06	00:15:09.309	0.82865				2
2025.01.06	00:15:13.805	0.82864				2
2025.01.06	00:15:17.106	0.82865				2
2025.01.06	00:15:23.417	0.82926	0.83020			6
2025.01.06	00:15:24.013	0.82936	0.83022			6
2025.01.06	00:15:26.450	0.82916	0.83042			6
2025.01.06	00:15:28.255	0.82913	0.83045			6
2025.01.06	00:15:28.997	0.82912	0.83046			6
2025.01.06	00:15:30.145	0.82913				2
2025.01.06	00:15:32.405	0.82898	0.83041			6
2025.01.06	00:15:34.356	0.82907				2
2025.01.06	00:15:35.404	0.82903				2
2025.01.06	00:15:38.263	0.82904				2
2025.01.06	00:15:38.765	0.82902				2
2025.01.06	00:15:39.255	0.82901				2
2025.01.06	00:15:40.946	0.82861	0.83011			6
2025.01.06	00:15:42.094	0.82863				2
2025.01.06	00:15:42.822	0.82862				2
2025.01.06	00:15:43.321	0.82861				2
2025.01.06	00:15:45.625	0.82863				2
2025.01.06	00:15:46.340	0.82861				2
2025.01.06	00:15:48.347	0.82862				2
2025.01.06	00:15:49.472		0.83003			4
2025.01.06	00:15:50.106	0.82848				2
2025.01.06	00:15:51.374	0.82865				2
2025.01.06	00:15:52.313		0.83008			4
2025.01.06	00:15:54.358	0.82866				2
2025.01.06	00:15:55.702	0.82842				2
2025.01.06	00:15:58.445	0.82840	0.83007			6
2025.01.06	00:15:59.528	0.82836				2
2025.01.06	00:16:00.910	0.82837	0.83006			6
2025.01.06	00:16:04.354	0.82820				2
2025.01.06	00:16:05.001	0.82830				2
2025.01.06	00:16:05.731	0.82819	0.83007			6
2025.01.06	00:16:06.448	0.82821	0.83001			6
2025.01.06	00:16:06.903	0.82820	0.83002			6
2025.01.06	00:16:08.445	0.82819	0.83006			6
2025.01.06	00:16:14.937	0.82898	0.83012			6
2025.01.06	00:16:15.306	0.82900				2
2025.01.06	00:16:15.692	0.82899				2
2025.01.06	00:16:16.223	0.82896				2
2025.01.06	00:16:17.408	0.82897				2
2025.01.06	00:16:18.610	0.82894				2
2025.01.06	00:16:19.839	0.82895				2
2025.01.06	00:16:20.173	0.82894				2
2025.01.06	00:16:20.677	0.82897				2
2025.01.06	00:16:21.627	0.82898				2
2025.01.06	00:16:22.702	0.82899				2
2025.01.06	00:16:23.059		0.83007			4
2025.01.06	00:16:24.607	0.82901	0.83008			6
2025.01.06	00:16:25.152	0.82904				2
2025.01.06	00:16:26.348	0.82908				2
2025.01.06	00:16:32.354	0.82909				2
2025.01.06	00:16:35.869	0.82908				2
2025.01.06	00:16:45.908	0.82910				2
2025.01.06	00:16:48.774	0.82909	0.83010			6
2025.01.06	00:16:50.106	0.82910				2
2025.01.06	00:16:50.411	0.82913				2
2025.01.06	00:16:52.049	0.82909				2
2025.01.06	00:16:52.492		0.83011			4
2025.01.06	00:16:53.480	0.82910				2
2025.01.06	00:16:54.647	0.82915				2
2025.01.06	00:16:59.171	0.82916	0.83010			6
2025.01.06	00:17:00.356	0.82917	0.83007			6
2025.01.06	00:17:01.561		0.83008			4
2025.01.06	00:17:03.314		0.83007			4
2025.01.06	00:17:06.164		0.83010			4
2025.01.06	00:17:07.526	0.82903	0.83003			6
2025.01.06	00:17:08.703		0.83002			4
2025.01.06	00:17:12.852	0.82900	0.83007			6
2025.01.06	00:17:14.355	0.82897	0.83008			6
2025.01.06	00:17:17.217	0.82889	0.83005			6
2025.01.06	00:17:18.355	0.82890				2
2025.01.06	00:17:19.648	0.82901	0.83006			6
2025.01.06	00:17:20.157	0.82856	0.82995			6
2025.01.06	00:17:21.407		0.82989			4
2025.01.06	00:17:24.360		0.82988			4
2025.01.06	00:17:28.250		0.82990			4
2025.01.06	00:17:29.090		0.82988			4
2025.01.06	00:17:35.405		0.82986			4
2025.01.06	00:17:46.667	0.82862	0.82975			6
2025.01.06	00:17:47.666		0.82974			4
2025.01.06	00:17:52.454	0.82861	0.82976			6
2025.01.06	00:17:54.008	0.82863	0.82973			6
2025.01.06	00:17:56.710		0.82974			4
2025.01.06	00:17:57.305		0.82973			4
2025.01.06	00:18:01.206	0.82865	0.82971			6
2025.01.06	00:18:03.616		0.82972			4
2025.01.06	00:18:09.310		0.82971			4
2025.01.06	00:18:15.256	0.82863	0.82973			6
2025.01.06	00:18:16.252	0.82865	0.82971			6
2025.01.06	00:18:16.770	0.82827	0.82968			6
2025.01.06	00:18:18.307	0.82865	0.82969			6
2025.01.06	00:18:19.807		0.82968			4
2025.01.06	00:18:26.612	0.82870	0.82984			6
2025.01.06	00:18:36.069	0.82873	0.82986			6
2025.01.06	00:18:39.904	0.82874	0.82985			6
2025.01.06	00:18:43.329	0.82877	0.82977			6
2025.01.06	00:18:47.362	0.82878	0.82976			6
2025.01.06	00:18:49.334	0.82872	0.82981			6
2025.01.06	00:18:50.153	0.82874	0.82984			6
2025.01.06	00:18:51.306		0.82985			4
2025.01.06	00:18:56.407	0.82873				2
2025.01.06	00:18:59.380	0.82880	0.82973			6
2025.01.06	00:19:00.101	0.82879	0.82975			6
2025.01.06	00:19:05.371	0.82873	0.82981			6
2025.01.06	00:19:05.913	0.82875	0.82984			6
2025.01.06	00:19:07.504	0.82874	0.82985			6
2025.01.06	00:19:12.686	0.82873				2
2025.01.06	00:19:14.704		0.82986			4
2025.01.06	00:19:20.839	0.82874	0.82985			6
2025.01.06	00:19:21.232	0.82873				2
2025.01.06	00:19:22.347		0.82986			4
2025.01.06	00:19:27.547	0.82876	0.82984			6
2025.01.06	00:19:37.579	0.82874	0.82985			6
2025.01.06	00:19:38.493	0.82872	0.82987			6
2025.01.06	00:19:39.483	0.82873	0.82986			6
2025.01.06	00:19:41.238	0.82871	0.82987			6
2025.01.06	00:19:42.239	0.82873	0.82986			6
2025.01.06	00:20:01.556	0.82873				2
2025.01.06	00:20:24.166	0.82874	0.82985			6
2025.01.06	00:20:27.303	0.82873				2
2025.01.06	00:20:46.219	0.82877	0.82979			6
2025.01.06	00:20:46.522		0.82977			4
2025.01.06	00:20:55.716	0.82864	0.82990			6
2025.01.06	00:21:00.305	0.82865	0.82989			6
2025.01.06	00:21:05.170	0.82878	0.82976			6
2025.01.06	00:21:06.082	0.82877				2
2025.01.06	00:21:10.655	0.82874	0.82980			6
2025.01.06	00:21:11.108		0.82985			4
2025.01.06	00:21:25.510	0.82873				2
2025.01.06	00:21:27.617	0.82874				2
2025.01.06	00:21:34.208	0.82873	0.82986			6
2025.01.06	00:21:45.383	0.82868	0.82988			6
2025.01.06	00:21:46.698	0.82867	0.82989			6
2025.01.06	00:21:54.538	0.82868	0.83009			6
2025.01.06	00:21:55.341	0.82869				2
2025.01.06	00:21:59.279		0.82990			4
2025.01.06	00:22:02.707	0.82869				2
2025.01.06	00:22:08.710	0.82870	0.82989			6
2025.01.06	00:22:23.670	0.82880	0.82979			6
2025.01.06	00:22:24.006	0.82879	0.82977			6
2025.01.06	00:22:31.033	0.82870	0.82987			6
2025.01.06	00:22:32.107	0.82869				2
2025.01.06	00:22:37.719	0.82867	0.82986			6
2025.01.06	00:22:41.403		0.82985			4
2025.01.06	00:22:45.231	0.82865	0.82987			6
2025.01.06	00:22:46.113	0.82867	0.82985			6
2025.01.06	00:22:47.404	0.82868				2
2025.01.06	00:22:51.558	0.82867				2
2025.01.06	00:22:52.884	0.82868				2
2025.01.06	00:22:58.228	0.82866	0.82983			6
2025.01.06	00:23:00.005	0.82866				2
2025.01.06	00:23:01.109		0.82984			4
2025.01.06	00:23:03.259		0.82983			4
2025.01.06	00:23:06.890	0.82827	0.82975			6
2025.01.06	00:23:36.629	0.82865	0.82982			6
2025.01.06	00:23:37.078	0.82874				2
2025.01.06	00:23:37.671	0.82873	0.82981			6
2025.01.06	00:23:38.144	0.82868				2
2025.01.06	00:23:39.489	0.82867				2
2025.01.06	00:23:40.851	0.82884	0.82988			6
2025.01.06	00:23:44.419		0.82989			4
2025.01.06	00:23:45.906		0.82988			4
2025.01.06	00:23:47.404		0.82989			4
2025.01.06	00:23:48.909		0.82988			4
2025.01.06	00:24:00.381	0.82884				2
2025.01.06	00:24:03.453	0.82881	0.83007			6
2025.01.06	00:24:17.805	0.82880	0.83008			6
2025.01.06	00:24:25.435	0.82881	0.83012			6
2025.01.06	00:24:26.441	0.82884				2
2025.01.06	00:24:30.362	0.82885				2
2025.01.06	00:24:33.630	0.82905	0.83016			6
2025.01.06	00:24:34.114	0.82903	0.83017			6
2025.01.06	00:24:35.119		0.83018			4
2025.01.06	00:24:39.004		0.83017			4
2025.01.06	00:24:43.975	0.82907				2
2025.01.06	00:24:44.363	0.82910				2
2025.01.06	00:24:45.119		0.83018			4
2025.01.06	00:24:47.960	0.82911	0.83017			6
2025.01.06	00:24:52.249	0.82902	0.83014			6
2025.01.06	00:24:53.103		0.83013			4
2025.01.06	00:24:54.491	0.82904				2
2025.01.06	00:24:56.355	0.82905				2
2025.01.06	00:24:57.909	0.82901				2
2025.01.06	00:25:00.316	0.82899				2
2025.01.06	00:25:03.125	0.82896	0.83016			6
2025.01.06	00:25:06.302	0.82900	0.83018			6
2025.01.06	00:25:06.980	0.82899	0.83019			6
2025.01.06	00:25:09.125	0.82898	0.83020			6
2025.01.06	00:25:10.205	0.82897				2
2025.01.06	00:25:23.110	0.82898				2
2025.01.06	00:25:36.406	0.82896	0.83022			6
2025.01.06	00:25:38.907	0.82890	0.83028			6
2025.01.06	00:25:47.709		0.83027			4
2025.01.06	00:25:52.213	0.82891				2
2025.01.06	00:26:00.907	0.82891				2
2025.01.06	00:26:03.277	0.82901				2
2025.01.06	00:26:10.234		0.83028			4
2025.01.06	00:26:11.232		0.83027			4
2025.01.06	00:26:33.312		0.83026			4
2025.01.06	00:27:00.013	0.82901				2
2025.01.06	00:27:08.188		0.83028			4
2025.01.06	00:27:19.513		0.83027			4
2025.01.06	00:27:28.415		0.83022			4
2025.01.06	00:27:29.526		0.83021			4
2025.01.06	00:27:32.402		0.83020			4
2025.01.06	00:27:37.203		0.83019			4
2025.01.06	00:27:47.873	0.82848	0.83018			6
2025.01.06	00:27:57.909	0.82847				2
2025.01.06	00:28:00.603	0.82847				2
2025.01.06	00:28:03.606		0.83017			4
2025.01.06	00:28:09.578	0.82848				2
2025.01.06	00:28:15.905		0.83016			4
2025.01.06	00:28:19.472	0.82852	0.83013			6
2025.01.06	00:28:20.975	0.82853	0.83007			6
2025.01.06	00:28:22.510	0.82854				2
2025.01.06	00:28:26.944	0.82844	0.83004			6
2025.01.06	00:28:30.610	0.82845				2
2025.01.06	00:28:35.647	0.82843	0.83001			6
2025.01.06	00:28:39.299	0.82871	0.83002			6
2025.01.06	00:28:40.302		0.83000			4
2025.01.06	00:29:00.005	0.82871				2
2025.01.06	00:29:01.560		0.82999			4
2025.01.06	00:29:23.106		0.82998			4
2025.01.06	00:29:23.953		0.82999			4
2025.01.06	00:29:24.715		0.82998			4
2025.01.06	00:29:25.269		0.83003			4
2025.01.06	00:29:27.306		0.83002			4
2025.01.06	00:29:29.108		0.83004			4
2025.01.06	00:29:30.357		0.83005			4
2025.01.06	00:29:34.327	0.82873				2
2025.01.06	00:29:46.504	0.82851	0.83004			6
2025.01.06	00:30:00.308	0.82851	0.83002			6
2025.01.06	00:30:04.260	0.82852				2
2025.01.06	00:30:05.098		0.83000			4
2025.01.06	00:30:05.408	0.82851				2
2025.01.06	00:30:06.307	0.82852				2
2025.01.06	00:30:06.912		0.83001			4
2025.01.06	00:30:08.022	0.82853	0.82998			6
2025.01.06	00:30:08.855	0.82863	0.82990			6
2025.01.06	00:30:12.882	0.82862				2
2025.01.06	00:30:13.567	0.82863				2
2025.01.06	00:30:15.903	0.82862				2
2025.01.06	00:30:19.210	0.82864	0.82989			6
2025.01.06	00:30:38.292		0.82988			4
2025.01.06	00:30:52.509	0.82865				2
2025.01.06	00:30:57.309		0.82987			4
2025.01.06	00:30:58.661	0.82866				2
2025.01.06	00:31:00.391	0.82866				2
2025.01.06	00:31:02.404		0.82986			4
2025.01.06	00:31:06.774	0.82867				2
2025.01.06	00:31:15.456	0.82866				2
2025.01.06	00:31:15.762	0.82864	0.82988			6
2025.01.06	00:31:16.245	0.82866	0.82986			6
2025.01.06	00:31:20.405	0.82867				2
2025.01.06	00:31:29.697	0.82891				2
2025.01.06	00:31:36.008	0.82869				2
2025.01.06	00:31:37.064	0.82870				2
2025.01.06	00:31:38.406		0.82985			4
2025.01.06	00:31:39.051	0.82869	0.82986			6
2025.01.06	00:31:47.110	0.82871				2
2025.01.06	00:31:50.703		0.82987			4
2025.01.06	00:31:53.417		0.82986			4
2025.01.06	00:31:55.961	0.82872				2
2025.01.06	00:32:02.706	0.82872				2
2025.01.06	00:32:17.404	0.82873	0.82985			6
2025.01.06	00:32:44.705	0.82872				2
2025.01.06	00:32:46.204	0.82873				2
2025.01.06	00:33:00.785	0.82873				2
2025.01.06	00:33:04.437	0.82872	0.82986			6
2025.01.06	00:33:14.707		0.82985			4
2025.01.06	00:33:21.373	0.82878	0.82980			6
2025.01.06	00:33:22.245	0.82901	0.82987			6
2025.01.06	00:33:23.619		0.82986			4
2025.01.06	00:33:24.411	0.82900	0.82987			6
2025.01.06	00:33:27.625		0.82988			4
2025.01.06	00:33:29.511	0.82899				2
2025.01.06	00:33:31.869		0.82989			4
2025.01.06	00:34:00.906	0.82899				2
2025.01.06	00:34:07.885	0.82886				2
2025.01.06	00:34:08.217	0.82885	0.82988			6
2025.01.06	00:34:08.565	0.82884	0.82989			6
2025.01.06	00:34:18.350	0.82885				2
2025.01.06	00:34:23.216	0.82884				2
2025.01.06	00:34:24.350	0.82885				2
2025.01.06	00:34:28.056	0.82884				2
2025.01.06	00:34:28.701	0.82886				2
2025.01.06	00:34:29.425	0.82855	0.82988			6
2025.01.06	00:35:03.307	0.82855				2
2025.01.06	00:35:08.202	0.82860				2
2025.01.06	00:35:18.451		0.82989			4
2025.01.06	00:35:18.981	0.82854				2
2025.01.06	00:35:27.004		0.82988			4
2025.01.06	00:35:30.905	0.82855				2
2025.01.06	00:35:36.788	0.82866	0.82990			6
2025.01.06	00:35:37.318	0.82886				2
2025.01.06	00:35:39.003		0.82989			4
2025.01.06	00:35:39.371		0.82987			4
2025.01.06	00:35:41.092		0.82988			4
2025.01.06	00:35:47.105		0.82987			4
2025.01.06	00:35:47.661		0.82991			4
2025.01.06	00:35:50.110		0.82990			4
2025.01.06	00:35:50.563		0.82991			4
2025.01.06	00:36:00.008	0.82886				2
2025.01.06	00:36:01.507		0.82990			4
2025.01.06	00:36:04.273		0.82989			4
2025.01.06	00:36:05.407		0.82990			4
2025.01.06	00:36:09.579		0.82992			4
2025.01.06	00:36:10.648		0.82991			4
2025.01.06	00:36:12.241		0.82992			4
2025.01.06	00:36:12.656	0.82895				2
2025.01.06	00:36:18.981		0.82991			4
2025.01.06	00:36:19.867		0.82992			4
2025.01.06	00:36:23.181		0.82991			4
2025.01.06	00:36:24.244		0.82989			4
2025.01.06	00:36:26.118		0.82990			4
2025.01.06	00:36:26.765		0.82991			4
2025.01.06	00:36:30.553		0.82990			4
2025.01.06	00:36:31.622		0.82991			4
2025.01.06	00:36:37.273		0.82992			4
2025.01.06	00:36:38.437		0.82991			4
2025.01.06	00:36:41.877		0.82990			4
2025.01.06	00:36:42.904		0.82991			4
2025.01.06	00:36:50.563		0.82990			4
2025.01.06	00:36:53.537	0.82886	0.82988			6
2025.01.06	00:36:54.254		0.82985			4
2025.01.06	00:36:57.977		0.82986			4
2025.01.06	00:36:58.349		0.82987			4
2025.01.06	00:36:59.165	0.82871				2
2025.01.06	00:37:00.552	0.82871	0.82988			6
2025.01.06	00:37:00.866		0.82991			4
2025.01.06	00:37:01.311	0.82881				2
2025.01.06	00:37:02.405		0.82992			4
2025.01.06	00:37:03.668		0.82991			4
2025.01.06	00:37:05.168		0.82990			4
2025.01.06	00:37:06.008		0.82991			4
2025.01.06	00:37:07.634		0.82990			4
2025.01.06	00:37:10.751		0.82983			4
2025.01.06	00:37:11.325		0.82985			4
2025.01.06	00:37:12.001		0.82986			4
2025.01.06	00:37:16.025	0.82871				2
2025.01.06	00:37:16.475		0.82988			4
2025.01.06	00:37:17.035	0.82887				2
2025.01.06	00:37:17.971		0.82989			4
2025.01.06	00:37:18.462		0.82988			4
2025.01.06	00:37:20.621		0.82989			4
2025.01.06	00:37:21.118		0.82988			4
2025.01.06	00:37:22.509		0.82987			4
2025.01.06	00:37:23.349		0.82988			4
2025.01.06	00:37:26.309	0.82875				2
2025.01.06	00:37:30.491		0.82990			4
2025.01.06	00:37:30.917		0.82991			4
2025.01.06	00:37:31.311	0.82886				2
2025.01.06	00:37:33.007		0.82990			4
2025.01.06	00:37:33.725		0.82991			4
2025.01.06	00:37:34.421		0.82989			4
2025.01.06	00:37:36.671		0.82990			4
2025.01.06	00:37:39.009		0.82991			4
2025.01.06	00:37:40.962		0.82994			4
2025.01.06	00:37:43.306	0.82879	0.82993			6
2025.01.06	00:37:43.714		0.82992			4
2025.01.06	00:37:45.674	0.82895	0.82988			6
2025.01.06	00:37:46.002	0.82894	0.82989			6
2025.01.06	00:37:46.312		0.82991			4
2025.01.06	00:37:48.604		0.82990			4
2025.01.06	00:37:51.014	0.82893	0.82989			6
2025.01.06	00:37:51.919		0.82987			4
2025.01.06	00:37:53.170		0.82988			4
2025.01.06	00:37:56.106		0.82989			4
2025.01.06	00:38:00.910	0.82893	0.82990			6
2025.01.06	00:38:01.414		0.82988			4
2025.01.06	00:38:01.903		0.82989			4
2025.01.06	00:38:07.483		0.82988			4
2025.01.06	00:38:08.233		0.82990			4
2025.01.06	00:38:10.803	0.82894	0.82989			6
2025.01.06	00:38:11.135	0.82895	0.82992			6
2025.01.06	00:38:11.555	0.82896	0.82993			6
2025.01.06	00:38:12.360	0.82894				2
2025.01.06	00:38:13.700		0.82992			4
2025.01.06	00:38:18.238	0.82896	0.82991			6
2025.01.06	00:38:18.643		0.82992			4
2025.01.06	00:38:19.242	0.82895	0.82994			6
2025.01.06	00:38:19.550	0.82896	0.82992			6
2025.01.06	00:38:20.735	0.82895				2
2025.01.06	00:38:21.881		0.82993			4
2025.01.06	00:38:22.355	0.82896				2
2025.01.06	00:38:25.283	0.82897				2
2025.01.06	00:38:31.195	0.82896				2
2025.01.06	00:38:32.709		0.82992			4
2025.01.06	00:38:33.635		0.82991			4
2025.01.06	00:38:41.254		0.82992			4
2025.01.06	00:38:41.907		0.82991			4
2025.01.06	00:38:43.876		0.82992			4
2025.01.06	00:38:45.614		0.82991			4
2025.01.06	00:38:46.512	0.82898				2
2025.01.06	00:38:55.804		0.82992			4
2025.01.06	00:38:56.581	0.82896				2
2025.01.06	00:38:59.714		0.82991			4
2025.01.06	00:39:01.158	0.82902				2
2025.01.06	00:39:06.310	0.82903				2
2025.01.06	00:39:06.647	0.82898				2
2025.01.06	00:39:07.664		0.82994			4
2025.01.06	00:39:11.366	0.82897	0.82992			6
2025.01.06	00:39:13.711	0.82901				2
2025.01.06	00:39:15.312		0.82991			4
2025.01.06	00:39:18.981	0.82923	0.82990			6
2025.01.06	00:39:19.311	0.82925	0.82988			6
2025.01.06	00:39:19.622	0.82920	0.82993			6
2025.01.06	00:39:21.416	0.82919				2
2025.01.06	00:39:22.505	0.82920				2
2025.01.06	00:39:24.966	0.82924	0.82989			6
2025.01.06	00:39:25.384	0.82925	0.82987			6
2025.01.06	00:39:25.998	0.82921	0.82992			6
2025.01.06	00:39:27.013	0.82920				2
2025.01.06	00:39:29.170	0.82921				2
2025.01.06	00:39:29.548	0.82920				2
2025.01.06	00:39:30.365		0.82993			4
2025.01.06	00:39:31.205	0.82923	0.82989			6
2025.01.06	00:39:32.046	0.82922	0.82991			6
2025.01.06	00:39:33.132	0.82924	0.82989			6
2025.01.06	00:39:33.629	0.82917	0.82996			6
2025.01.06	00:39:34.419	0.82916				2
2025.01.06	00:39:36.074	0.82917				2
2025.01.06	00:39:37.236	0.82918	0.82995			6
2025.01.06	00:39:38.490		0.82994			4
2025.01.06	00:39:39.004	0.82919				2
2025.01.06	00:39:41.486	0.82920	0.82993			6
2025.01.06	00:39:44.752	0.82919				2
2025.01.06	00:39:45.967		0.82994			4
2025.01.06	00:39:46.613		0.82993			4
2025.01.06	00:39:47.407	0.82920				2
2025.01.06	00:39:49.199	0.82921	0.82992			6
2025.01.06	00:39:50.104		0.82991			4
2025.01.06	00:39:51.396		0.82992			4
2025.01.06	00:39:53.930	0.82920	0.82993			6
2025.01.06	00:39:56.391		0.82992			4
2025.01.06	00:39:57.449		0.82993			4
2025.01.06	00:40:01.576	0.82919				2
2025.01.06	00:40:04.272		0.82994			4
2025.01.06	00:40:04.967		0.82993			4
2025.01.06	00:40:06.013		0.82994			4
2025.01.06	00:40:07.204		0.82993			4
2025.01.06	00:40:11.409		0.82994			4
2025.01.06	00:40:11.712	0.82917	0.82995			6
2025.01.06	00:40:13.217	0.82918				2
2025.01.06	00:40:15.968		0.82994			4
2025.01.06	00:40:19.279	0.82919				2
2025.01.06	00:40:19.775		0.82993			4
2025.01.06	00:40:20.282	0.82920				2
2025.01.06	00:40:21.064	0.82919				2
2025.01.06	00:40:21.554	0.82918	0.82995			6
2025.01.06	00:40:21.906	0.82917				2
2025.01.06	00:40:27.098		0.82996			4
2025.01.06	00:40:27.606	0.82916				2
2025.01.06	00:40:28.448	0.82919	0.82993			6
2025.01.06	00:40:29.306	0.82920				2
2025.01.06	00:40:29.774	0.82921	0.82992			6
2025.01.06	00:40:31.558	0.82920				2
2025.01.06	00:40:33.620	0.82921				2
2025.01.06	00:40:34.286	0.82920	0.82993			6
2025.01.06	00:40:34.854	0.82918	0.82995			6
2025.01.06	00:40:36.069		0.82994			4
2025.01.06	00:40:37.571	0.82919				2
2025.01.06	00:40:41.555	0.82920	0.82993			6
2025.01.06	00:40:48.307		0.82992			4
2025.01.06	00:40:49.251	0.82917	0.82996			6
2025.01.06	00:40:49.659	0.82916				2
2025.01.06	00:40:50.739	0.82917				2
2025.01.06	00:40:51.646	0.82920	0.82993			6
2025.01.06	00:40:52.267	0.82919				2
2025.01.06	00:40:58.205		0.82994			4
2025.01.06	00:40:59.865	0.82918	0.82995			6
2025.01.06	00:41:00.389	0.82918				2
2025.01.06	00:41:01.559	0.82917	0.82996			6
2025.01.06	00:41:03.398	0.82919	0.82994			6
2025.01.06	00:41:06.304	0.82920				2
2025.01.06	00:41:13.204	0.82919				2
2025.01.06	00:41:14.467	0.82920				2
2025.01.06	00:41:15.493	0.82897				2
2025.01.06	00:41:19.079	0.82898				2
2025.01.06	00:41:24.464	0.82895				2
2025.01.06	00:41:24.970	0.82896				2
2025.01.06	00:41:29.120	0.82897	0.82993			6
2025.01.06	00:41:31.511	0.82896				2
2025.01.06	00:41:32.408	0.82898	0.82991			6
2025.01.06	00:41:33.382	0.82897	0.82992			6
2025.01.06	00:41:38.428	0.82896	0.82994			6
2025.01.06	00:41:41.999		0.82993			4
2025.01.06	00:41:45.610	0.82897				2
2025.01.06	00:41:47.106		0.82992			4
2025.01.06	00:41:48.982	0.82896	0.82993			6
2025.01.06	00:41:53.231	0.82897	0.82992			6
2025.01.06	00:41:54.072	0.82898	0.82991			6
2025.01.06	00:41:55.203	0.82899				2
2025.01.06	00:41:56.835	0.82898	0.82992			6
2025.01.06	00:41:58.867	0.82897				2
2025.01.06	00:42:00.005	0.82897	0.82993			6
2025.01.06	00:42:00.712	0.82896				2
2025.01.06	00:42:02.406	0.82898	0.82992			6
2025.01.06	00:42:04.281	0.82899	0.82991			6
2025.01.06	00:42:06.480		0.82990			4
2025.01.06	00:42:07.304		0.82991			4
2025.01.06	00:42:07.945	0.82897	0.82992			6
2025.01.06	00:42:10.121	0.82948	0.83003			6
2025.01.06	00:42:10.572		0.83004			4
2025.01.06	00:42:22.164	0.82949	0.83003			6
2025.01.06	00:42:22.505	0.82950	0.83004			6
2025.01.06	00:42:27.010		0.83003			4
2025.01.06	00:42:30.903		0.83002			4
2025.01.06	00:42:32.237	0.82951	0.83003			6
2025.01.06	00:42:32.715		0.83004			4
2025.01.06	00:42:34.204	0.82950	0.83006			6
2025.01.06	00:42:42.271	0.82951	0.83008			6
2025.01.06	00:42:42.605		0.83007			4
2025.01.06	00:42:44.926	0.82952	0.83006			6
2025.01.06	00:42:46.809		0.83007			4
2025.01.06	00:42:54.091	0.82951	0.83011			6
2025.01.06	00:42:55.804	0.82953	0.83009			6
2025.01.06	00:42:57.302		0.83010			4
2025.01.06	00:42:58.212	0.82952				2
2025.01.06	00:42:58.813	0.82951	0.83008			6
2025.01.06	00:42:59.235	0.82952	0.83007			6
2025.01.06	00:43:02.376	0.82951	0.83005			6
2025.01.06	00:43:03.909	0.82952				2
2025.01.06	00:43:11.006	0.82951				2
2025.01.06	00:43:11.481	0.82952				2
2025.01.06	00:43:12.400		0.83003			4
2025.01.06	00:43:13.840		0.83008			4
2025.01.06	00:43:14.450		0.83009			4
2025.01.06	00:43:14.941		0.83004			4
2025.01.06	00:43:16.065		0.83005			4
2025.01.06	00:43:19.503	0.82951				2
2025.01.06	00:43:20.404	0.82952				2
2025.01.06	00:43:21.127	0.82951				2
2025.01.06	00:43:22.433		0.83003			4
2025.01.06	00:43:26.765		0.83002			4
2025.01.06	00:43:28.406	0.82950	0.83003			6
2025.01.06	00:43:28.875	0.82949	0.83004			6
2025.01.06	00:43:29.185		0.83005			4
2025.01.06	00:43:29.589	0.82950	0.83007			6
2025.01.06	00:43:32.182	0.82949	0.83008			6
2025.01.06	00:43:32.521	0.82950	0.83006			6
2025.01.06	00:43:33.011		0.83005			4
2025.01.06	00:43:33.612		0.83006			4
2025.01.06	00:43:34.173		0.83007			4
2025.01.06	00:43:34.503		0.83009			4
2025.01.06	00:43:35.115		0.83008			4
2025.01.06	00:43:36.306	0.82951	0.83007			6
2025.01.06	00:43:37.808		0.83008			4
2025.01.06	00:43:40.279	0.82950				2
2025.01.06	00:43:42.336		0.83006			4
2025.01.06	00:43:43.273		0.83004			4
2025.01.06	00:43:44.654		0.83003			4
2025.01.06	00:43:45.009		0.83006			4
2025.01.06	00:43:45.370	0.82953	0.83003			6
2025.01.06	00:43:47.980	0.82952	0.83004			6
2025.01.06	00:43:48.306		0.83002			4
2025.01.06	00:43:49.568		0.83004			4
2025.01.06	00:43:51.319	0.82951	0.83006			6
2025.01.06	00:43:51.907	0.82952	0.83004			6
2025.01.06	00:44:01.555	0.82952				2
2025.01.06	00:44:02.612		0.83006			4
2025.01.06	00:44:03.492		0.83005			4
2025.01.06	00:44:04.570		0.83002			4
2025.01.06	00:44:05.405		0.83005			4
2025.01.06	00:44:06.660		0.83003			4
2025.01.06	00:44:08.185		0.83004			4
2025.01.06	00:44:12.310		0.83003			4
2025.01.06	00:44:12.642	0.82950	0.82999			6
2025.01.06	00:44:13.206		0.83000			4
2025.01.06	00:44:13.840	0.82893	0.82994			6
2025.01.06	00:44:14.407	0.82951	0.83002			6
2025.01.06	00:44:15.671	0.82950	0.83003			6
2025.01.06	00:44:16.949		0.83002			4
2025.01.06	00:44:22.702	0.82951	0.82999			6
2025.01.06	00:44:23.706		0.83001			4
2025.01.06	00:44:25.208		0.83003			4
2025.01.06	00:44:27.265	0.82950	0.83004			6
2025.01.06	00:44:28.228	0.82951				2
2025.01.06	00:44:32.786		0.83001			4
2025.01.06	00:44:33.306	0.82952				2
2025.01.06	00:44:34.233		0.83002			4
2025.01.06	00:44:38.234		0.83003			4
2025.01.06	00:44:41.286		0.83002			4
2025.01.06	00:44:42.245	0.82950	0.83004			6
2025.01.06	00:44:42.803		0.83003			4
2025.01.06	00:44:44.102	0.82951				2
2025.01.06	00:44:44.740		0.83005			4
2025.01.06	00:44:46.271	0.82950	0.83007			6
2025.01.06	00:44:47.441	0.82951	0.83004			6
2025.01.06	00:44:47.820	0.82952				2
2025.01.06	00:44:48.303		0.83003			4
2025.01.06	00:44:50.103		0.82999			4
2025.01.06	00:44:55.209		0.83002			4
2025.01.06	00:44:56.175		0.83001			4
2025.01.06	00:44:57.303		0.83002			4
2025.01.06	00:44:58.504		0.83001			4
2025.01.06	00:44:59.706		0.83005			4
2025.01.06	00:45:00.758	0.82952				2
2025.01.06	00:45:02.155	0.82939	0.83006			6
2025.01.06	00:45:03.989	0.82952	0.83005			6
2025.01.06	00:45:05.168	0.82953	0.83004			6
2025.01.06	00:45:08.427	0.82964	0.82994			6
2025.01.06	00:45:12.611		0.82993			4
2025.01.06	00:45:12.941		0.82991			4
2025.01.06	00:45:16.506		0.82992			4
2025.01.06	00:45:22.206	0.82965	0.82991			6
2025.01.06	00:45:22.991		0.82993			4
2025.01.06	00:45:24.305	0.82964				2
2025.01.06	00:45:25.206	0.82965				2
2025.01.06	00:45:33.609		0.82990			4
2025.01.06	00:45:37.268		0.82991			4
2025.01.06	00:45:39.006	0.82964				2
2025.01.06	00:45:42.604		0.82992			4
2025.01.06	00:45:43.063		0.82990			4
2025.01.06	00:45:47.708	0.82963				2
2025.01.06	00:45:49.206	0.82964				2
2025.01.06	00:45:54.237	0.82961	0.82991			6
2025.01.06	00:45:54.616		0.82989			4
2025.01.06	00:45:55.212		0.82988			4
2025.01.06	00:45:55.744	0.82962	0.82985			6
2025.01.06	00:45:59.706		0.82986			4
2025.01.06	00:46:01.718	0.82962				2
2025.01.06	00:46:03.145	0.82963	0.82988			6
2025.01.06	00:46:06.129		0.82985			4
2025.01.06	00:46:08.411		0.82986			4
2025.01.06	00:46:09.699		0.82987			4
2025.01.06	00:46:12.612		0.82986			4
2025.01.06	00:46:13.509		0.82989			4
2025.01.06	00:46:14.236	0.82962	0.82987			6
2025.01.06	00:46:15.003		0.82985			4
2025.01.06	00:46:16.806		0.82984			4
2025.01.06	00:46:23.230	0.82960	0.82987			6
2025.01.06	00:46:24.184	0.82961				2
2025.01.06	00:46:24.923	0.82959	0.82982			6
2025.01.06	00:46:25.494	0.82960				2
2025.01.06	00:46:27.909	0.82959				2
2025.01.06	00:46:29.406	0.82961	0.82983			6
2025.01.06	00:46:34.211	0.82960	0.82982			6
2025.01.06	00:46:36.019		0.82983			4
2025.01.06	00:46:37.842	0.82961				2
2025.01.06	00:46:39.910		0.82984			4
2025.01.06	00:46:40.272	0.82962				2
2025.01.06	00:46:41.472		0.82985			4
2025.01.06	00:46:43.309	0.82963				2
2025.01.06	00:46:47.474	0.82904	0.82982			6
2025.01.06	00:46:47.779	0.82962	0.82988			6
2025.01.06	00:46:49.482	0.82961				2
2025.01.06	00:46:50.975	0.82962				2
2025.01.06	00:46:51.291	0.82963	0.82986			6
2025.01.06	00:46:52.469	0.82962	0.82987			6
2025.01.06	00:46:53.408		0.82986			4
2025.01.06	00:46:53.978		0.82987			4
2025.01.06	00:46:55.453		0.82988			4
2025.01.06	00:46:56.706	0.82963				2
2025.01.06	00:46:58.623	0.82962				2
2025.01.06	00:46:59.177		0.82989			4
2025.01.06	00:47:00.186	0.82960	0.82990			6
2025.01.06	00:47:00.677	0.82961				2
2025.01.06	00:47:02.134	0.82949	0.82992			6
2025.01.06	00:47:02.456	0.82948	0.82991			6
2025.01.06	00:47:03.972	0.82958				2
2025.01.06	00:47:04.670	0.82960	0.82983			6
2025.01.06	00:47:06.908	0.82961				2
2025.01.06	00:47:08.104	0.82960	0.82985			6
2025.01.06	00:47:08.706		0.82984			4
2025.01.06	00:47:09.230		0.82986			4
2025.01.06	00:47:09.740	0.82959				2
2025.01.06	00:47:10.172		0.82985			4
2025.01.06	00:47:10.648	0.82958	0.82986			6
2025.01.06	00:47:14.452	0.82959	0.82985			6
2025.01.06	00:47:15.670	0.82958	0.82984			6
2025.01.06	00:47:16.572	0.82957	0.82985			6
2025.01.06	00:47:17.714	0.82965	0.82988			6
2025.01.06	00:47:18.081		0.83018			4
2025.01.06	00:47:18.446	0.82970	0.83013			6
2025.01.06	00:47:18.762	0.82972	0.83032			6
2025.01.06	00:47:19.202		0.83035			4
2025.01.06	00:47:19.735		0.83033			4
2025.01.06	00:47:20.656		0.83034			4
2025.01.06	00:47:21.904		0.83035			4
2025.01.06	00:47:23.326	0.82975	0.83032			6
2025.01.06	00:47:23.792		0.83033			4
2025.01.06	00:47:24.548	0.82969	0.83038			6
2025.01.06	00:47:24.878	0.82978	0.83028			6
2025.01.06	00:47:25.203		0.83029			4
2025.01.06	00:47:26.104	0.82979				2
2025.01.06	00:47:27.007	0.82977				2
2025.01.06	00:47:27.376	0.82968	0.83039			6
2025.01.06	00:47:27.758		0.83040			4
2025.01.06	00:47:28.294	0.82970	0.83037			6
2025.01.06	00:47:30.607		0.83035			4
2025.01.06	00:47:32.323	0.82974	0.83032			6
2025.01.06	00:47:34.519		0.83037			4
2025.01.06	00:47:36.004	0.82900	0.82992			6
2025.01.06	00:47:39.065		0.82994			4
2025.01.06	00:47:39.572	0.82901				2
2025.01.06	00:47:41.341		0.82995			4
2025.01.06	00:47:42.651	0.82896				2
2025.01.06	00:47:43.508	0.82900	0.82992			6
2025.01.06	00:47:43.997	0.82953				2
2025.01.06	00:47:45.052	0.82950	0.82994			6
2025.01.06	00:47:46.927		0.82995			4
2025.01.06	00:47:48.675	0.82955	0.82989			6
2025.01.06	00:47:49.813	0.82951	0.82993			6
2025.01.06	00:47:50.266	0.82950	0.82995			6
2025.01.06	00:47:51.013	0.82949				2
2025.01.06	00:47:51.965	0.82950				2
2025.01.06	00:47:52.961	0.82902	0.83073			6
2025.01.06	00:47:53.262	0.82903	0.83071			6
2025.01.06	00:47:54.087		0.83074			4
2025.01.06	00:47:54.454		0.83070			4
2025.01.06	00:47:55.513	0.82905	0.83068			6
2025.01.06	00:47:56.703		0.83067			4
2025.01.06	00:47:57.129		0.83068			4
2025.01.06	00:47:58.268	0.82903	0.83063			6
2025.01.06	00:47:58.576	0.82904	0.83065			6
2025.01.06	00:47:58.892		0.83067			4
2025.01.06	00:47:59.707		0.83066			4
2025.01.06	00:48:00.073	0.82904	0.83063			6
2025.01.06	00:48:00.667	0.82903	0.83058			6
2025.01.06	00:48:02.704		0.83057			4
2025.01.06	00:48:03.604		0.83059			4
2025.01.06	00:48:06.604		0.83058			4
2025.01.06	00:48:08.704		0.83057			4
2025.01.06	00:48:09.545		0.83056			4
2025.01.06	00:48:10.491	0.82901	0.83055			6
2025.01.06	00:48:10.922		0.83058			4
2025.01.06	00:48:12.774	0.82902	0.83059			6
2025.01.06	00:48:13.214	0.82916	0.83052			6
2025.01.06	00:48:14.404	0.82917	0.83051			6
2025.01.06	00:48:15.308	0.82916	0.83050			6
2025.01.06	00:48:16.042		0.83049			4
2025.01.06	00:48:17.409		0.83048			4
2025.01.06	00:48:18.308		0.83047			4
2025.01.06	00:48:19.215		0.83046			4
2025.01.06	00:48:21.309		0.83045			4
2025.01.06	00:48:21.838		0.83047			4
2025.01.06	00:48:23.256	0.82911	0.83046			6
2025.01.06	00:48:23.560		0.83041			4
2025.01.06	00:48:24.252	0.82920	0.83045			6
2025.01.06	00:48:24.968		0.83046			4
2025.01.06	00:48:29.784		0.83045			4
2025.01.06	00:48:31.791		0.83055			4
2025.01.06	00:48:32.413		0.83056			4
2025.01.06	00:48:32.872		0.83067			4
2025.01.06	00:48:33.386		0.83061			4
2025.01.06	00:48:34.255		0.83060			4
2025.01.06	00:48:34.870		0.83059			4
2025.01.06	00:48:36.007		0.83058			4
2025.01.06	00:48:36.913		0.83057			4
2025.01.06	00:48:39.390		0.83047			4
2025.01.06	00:48:41.103		0.83046			4
2025.01.06	00:48:44.621	0.82916	0.83051			6
2025.01.06	00:48:45.381		0.83059			4
2025.01.06	00:48:46.120		0.83060			4
2025.01.06	00:48:46.559		0.83061			4
2025.01.06	00:48:47.039		0.83057			4
2025.01.06	00:48:48.664	0.82912	0.83056			6
2025.01.06	00:48:52.546	0.82914				2
2025.01.06	00:48:53.013		0.83055			4
2025.01.06	00:48:53.708	0.82912	0.83062			6
2025.01.06	00:48:55.356	0.82916				2
2025.01.06	00:48:55.963	0.82912				2
2025.01.06	00:48:56.706	0.82913	0.83063			6
2025.01.06	00:48:57.074		0.83062			4
2025.01.06	00:48:57.377		0.83061			4
2025.01.06	00:48:58.322		0.83050			4
2025.01.06	00:48:59.403		0.83049			4
2025.01.06	00:48:59.808	0.82914	0.83048			6
2025.01.06	00:49:00.756	0.82912	0.83053			6
2025.01.06	00:49:01.267		0.83057			4
2025.01.06	00:49:01.631		0.83058			4
2025.01.06	00:49:02.279	0.82914	0.83053			6
2025.01.06	00:49:02.633		0.83051			4
2025.01.06	00:49:03.020		0.83049			4
2025.01.06	00:49:03.757	0.82915	0.83043			6
2025.01.06	00:49:04.066		0.83045			4
2025.01.06	00:49:04.620		0.83044			4
2025.01.06	00:49:05.128	0.82914	0.83040			6
2025.01.06	00:49:05.485	0.82917	0.83035			6
2025.01.06	00:49:06.146		0.83036			4
2025.01.06	00:49:06.605	0.82915	0.83035			6
2025.01.06	00:49:07.223	0.82914				2
2025.01.06	00:49:07.776	0.82924	0.83028			6
2025.01.06	00:49:08.205		0.83022			4
2025.01.06	00:49:09.047		0.83041			4
2025.01.06	00:49:11.558		0.83042			4
2025.01.06	00:49:12.380		0.83023			4
2025.01.06	00:49:13.828		0.83021			4
2025.01.06	00:49:14.888		0.83023			4
2025.01.06	00:49:17.174		0.83022			4
2025.01.06	00:49:18.095	0.82937	0.83036			6
2025.01.06	00:49:18.425	0.82935	0.83024			6
2025.01.06	00:49:19.736		0.83036			4
2025.01.06	00:49:20.192		0.83034			4
2025.01.06	00:49:20.773		0.83033			4
2025.01.06	00:49:22.215	0.82937				2
2025.01.06	00:49:22.776	0.82935	0.83032			6
2025.01.06	00:49:23.913		0.83023			4
2025.01.06	00:49:24.427		0.83022			4
2025.01.06	00:49:25.498		0.83023			4
2025.01.06	00:49:26.019		0.83037			4
2025.01.06	00:49:26.380		0.83034			4
2025.01.06	00:49:26.863	0.82917	0.83021			6
2025.01.06	00:49:27.170		0.83020			4
2025.01.06	00:49:28.575		0.83019			4
2025.01.06	00:49:30.611		0.83020			4
2025.01.06	00:49:30.922	0.82933	0.83021			6
2025.01.06	00:49:33.986	0.82917	0.83018			6
2025.01.06	00:49:34.540		0.83019			4
2025.01.06	00:49:35.049	0.82922	0.83017			6
2025.01.06	00:49:36.969		0.83016			4
2025.01.06	00:49:37.464	0.82937	0.83026			6
2025.01.06	00:49:38.118		0.83021			4
2025.01.06	00:49:39.905		0.83020			4
2025.01.06	00:49:44.013	0.82940	0.83021			6
2025.01.06	00:49:46.250		0.83020			4
2025.01.06	00:49:47.640		0.83021			4
2025.01.06	00:49:51.563		0.83020			4
2025.01.06	00:49:53.834		0.83014			4
2025.01.06	00:50:01.505	0.82940				2
2025.01.06	00:50:04.094	0.82936				2
2025.01.06	00:50:10.892	0.82935				2
2025.01.06	00:50:24.122	0.82936				2
2025.01.06	00:50:37.280		0.83013			4
2025.01.06	00:50:37.681		0.83014			4
2025.01.06	00:50:38.365		0.83013			4
2025.01.06	00:50:43.513		0.83012			4
2025.01.06	00:50:44.306		0.83013			4
2025.01.06	00:50:45.204	0.82940				2
2025.01.06	00:50:45.665		0.83012			4
2025.01.06	00:50:46.804		0.83013			4
2025.01.06	00:50:48.003	0.82937				2
2025.01.06	00:50:48.435	0.82921	0.83014			6
2025.01.06	00:50:48.991	0.82915	0.83008			6
2025.01.06	00:50:49.313	0.82923				2
2025.01.06	00:50:50.109		0.83009			4
2025.01.06	00:50:50.424		0.83008			4
2025.01.06	00:50:51.606		0.83009			4
2025.01.06	00:50:52.274	0.82914	0.83005			6
2025.01.06	00:50:52.670		0.83006			4
2025.01.06	00:50:53.057	0.82923	0.83009			6
2025.01.06	00:50:54.334		0.83010			4
2025.01.06	00:50:56.240	0.82919				2
2025.01.06	00:50:56.544		0.83009			4
2025.01.06	00:50:57.226	0.82924				2
2025.01.06	00:50:58.703		0.83010			4
2025.01.06	00:51:00.307	0.82924				2
2025.01.06	00:51:00.989	0.82911				2
2025.01.06	00:51:01.601		0.83009			4
2025.01.06	00:51:03.999	0.82924	0.83007			6
2025.01.06	00:51:06.227	0.82933				2
2025.01.06	00:51:08.378	0.82935				2
2025.01.06	00:51:10.107	0.82920				2
2025.01.06	00:51:10.533	0.82924				2
2025.01.06	00:51:11.533	0.82920				2
2025.01.06	00:51:11.953		0.83006			4
2025.01.06	00:51:13.274		0.83007			4
2025.01.06	00:51:17.252	0.82921	0.83006			6
2025.01.06	00:51:18.242	0.82914	0.83004			6
2025.01.06	00:51:19.211	0.82920	0.83005			6
2025.01.06	00:51:24.421	0.82929	0.83004			6
2025.01.06	00:51:29.954	0.82935				2
2025.01.06	00:51:31.556	0.82934				2
2025.01.06	00:51:31.906	0.82935				2
2025.01.06	00:51:34.792	0.82914				2
2025.01.06	00:51:37.760	0.82909				2
2025.01.06	00:51:43.529	0.82891	0.82990			6
2025.01.06	00:51:45.932	0.82892				2
2025.01.06	00:51:46.678	0.82896	0.82986			6
2025.01.06	00:51:47.408	0.82893	0.82985			6
2025.01.06	00:51:47.720	0.82891	0.82984			6
2025.01.06	00:51:49.969	0.82892				2
2025.01.06	00:51:50.323	0.82891				2
2025.01.06	00:51:50.702	0.82892	0.82983			6
2025.01.06	00:51:51.279	0.82897	0.82984			6
2025.01.06	00:51:54.355	0.82891				2
2025.01.06	00:51:55.966	0.82893				2
2025.01.06	00:51:56.409		0.82983			4
2025.01.06	00:52:00.875	0.82893	0.82984			6
2025.01.06	00:52:01.977	0.82892				2
2025.01.06	00:52:02.841		0.82983			4
2025.01.06	00:52:05.333	0.82891				2
2025.01.06	00:52:06.992	0.82889				2
2025.01.06	00:52:12.997	0.82876	0.82954			6
2025.01.06	00:52:13.301		0.82951			4
2025.01.06	00:52:13.605	0.82887	0.82953			6
2025.01.06	00:52:14.276	0.82884				2
2025.01.06	00:52:14.706	0.82885	0.82954			6
2025.01.06	00:52:16.808	0.82884				2
2025.01.06	00:52:17.304	0.82882				2
2025.01.06	00:52:17.879	0.82883	0.82953			6
2025.01.06	00:52:18.183	0.82882				2
2025.01.06	00:52:18.910	0.82875				2
2025.01.06	00:52:19.380	0.82882	0.82952			6
2025.01.06	00:52:19.683	0.82932	0.82957			6
2025.01.06	00:52:21.374	0.82934	0.82955			6
2025.01.06	00:52:22.138	0.82932	0.82957			6
2025.01.06	00:52:22.667	0.82885	0.82958			6
2025.01.06	00:52:23.054	0.82884				2
2025.01.06	00:52:24.061	0.82885				2
2025.01.06	00:52:24.457	0.82878	0.82957			6
2025.01.06	00:52:27.970	0.82886				2
2025.01.06	00:52:28.828	0.82888	0.82958			6
2025.01.06	00:52:29.328	0.82889				2
2025.01.06	00:52:30.042	0.82877				2
2025.01.06	00:52:30.784	0.82890				2
2025.01.06	00:52:31.141	0.82891				2
2025.01.06	00:52:32.325	0.82892				2
2025.01.06	00:52:34.067	0.82877				2
2025.01.06	00:52:34.420	0.82892	0.82959			6
2025.01.06	00:52:34.745		0.82958			4
2025.01.06	00:52:35.303	0.82883	0.82957			6
2025.01.06	00:52:35.627	0.82892				2
2025.01.06	00:52:36.016	0.82891	0.82958			6
2025.01.06	00:52:36.323	0.82883				2
2025.01.06	00:52:36.667	0.82891				2
2025.01.06	00:52:38.795		0.82956			4
2025.01.06	00:52:40.206		0.82957			4
2025.01.06	00:52:42.340	0.82890				2
2025.01.06	00:52:43.209	0.82891	0.82958			6
2025.01.06	00:52:44.715	0.82892				2
2025.01.06	00:52:45.828		0.82957			4
2025.01.06	00:52:46.128	0.82883				2
2025.01.06	00:52:46.430	0.82891				2
2025.01.06	00:52:46.761	0.82893				2
2025.01.06	00:52:47.706		0.82956			4
2025.01.06	00:52:49.207		0.82957			4
2025.01.06	00:52:50.277		0.82958			4
2025.01.06	00:52:51.232	0.82892				2
2025.01.06	00:52:52.251	0.82893				2
2025.01.06	00:52:54.362	0.82894				2
2025.01.06	00:52:55.208		0.82959			4
2025.01.06	00:52:56.188	0.82895				2
2025.01.06	00:52:57.146	0.82896				2
2025.01.06	00:52:57.467	0.82889				2
2025.01.06	00:52:57.948		0.82958			4
2025.01.06	00:53:00.160	0.82889				2
2025.01.06	00:53:01.231	0.82890				2
2025.01.06	00:53:01.661		0.82959			4
2025.01.06	00:53:03.897		0.82958			4
2025.01.06	00:53:04.341	0.82889				2
2025.01.06	00:53:05.653	0.82890	0.82959			6
2025.01.06	00:53:05.965	0.82889				2
2025.01.06	00:53:09.594	0.82887				2
2025.01.06	00:53:09.906	0.82930				2
2025.01.06	00:53:21.076		0.82960			4
2025.01.06	00:53:21.517	0.82931	0.82959			6
2025.01.06	00:53:22.322	0.82930				2
2025.01.06	00:53:36.740	0.82932	0.82957			6
2025.01.06	00:53:38.104	0.82930	0.82959			6
2025.01.06	00:53:40.888	0.82929	0.82960			6
2025.01.06	00:53:42.113	0.82943	0.82965			6
2025.01.06	00:53:42.613	0.82944	0.82964			6
2025.01.06	00:53:44.920		0.82968			4
2025.01.06	00:53:45.308		0.82964			4
2025.01.06	00:53:47.413		0.82965			4
2025.01.06	00:53:54.964		0.82964			4
2025.01.06	00:53:57.194	0.82894	0.82961			6
2025.01.06	00:53:57.606		0.82960			4
2025.01.06	00:53:57.968	0.82895				2
2025.01.06	00:53:58.348	0.82889				2
2025.01.06	00:54:01.167	0.82889				2
2025.01.06	00:54:02.518		0.82959			4
2025.01.06	00:54:03.825		0.82960			4
2025.01.06	00:54:05.026	0.82890	0.82958			6
2025.01.06	00:54:07.279		0.82959			4
2025.01.06	00:54:08.349	0.82895				2
2025.01.06	00:54:13.750	0.82896				2
2025.01.06	00:54:15.035		0.82960			4
2025.01.06	00:54:19.204		0.82959			4
2025.01.06	00:54:20.358	0.82898	0.82960			6
2025.01.06	00:54:21.068	0.82897				2
2025.01.06	00:54:22.573	0.82898	0.82959			6
2025.01.06	00:54:24.278	0.82897	0.82958			6
2025.01.06	00:54:29.769		0.82960			4
2025.01.06	00:54:32.112	0.82898				2
2025.01.06	00:54:32.920	0.82899				2
2025.01.06	00:54:33.309	0.82898				2
2025.01.06	00:54:40.080		0.82959			4
2025.01.06	00:54:40.513	0.82910				2
2025.01.06	00:54:40.853	0.82911				2
2025.01.06	00:54:41.236	0.82912	0.82958			6
2025.01.06	00:54:44.169	0.82911	0.82959			6
2025.01.06	00:54:45.379	0.82912	0.82957			6
2025.01.06	00:54:47.036	0.82911	0.82958			6
2025.01.06	00:54:52.247	0.82898	0.82960			6
2025.01.06	00:54:52.736		0.82961			4
2025.01.06	00:55:00.410	0.82898				2
2025.01.06	00:55:05.579		0.82962			4
2025.01.06	00:55:07.806		0.82960			4
2025.01.06	00:55:09.142	0.82899	0.82961			6
2025.01.06	00:55:09.481	0.82898				2
2025.01.06	00:55:10.281		0.82962			4
2025.01.06	00:55:10.762	0.82899				2
2025.01.06	00:55:11.246	0.82900				2
2025.01.06	00:55:12.523	0.82901	0.82963			6
2025.01.06	00:55:13.205	0.82944	0.82964			6
2025.01.06	00:55:14.102	0.82943	0.82963			6
2025.01.06	00:55:14.411	0.82945	0.82964			6
2025.01.06	00:55:16.503	0.82946	0.82965			6
2025.01.06	00:55:18.241	0.82944				2
2025.01.06	00:55:18.550	0.82945				2
2025.01.06	00:55:18.905	0.82946				2
2025.01.06	00:55:20.708		0.82966			4
2025.01.06	00:55:23.026	0.82945				2
2025.01.06	00:55:23.612	0.82944	0.82964			6
2025.01.06	00:55:24.628	0.82945	0.82966			6
2025.01.06	00:55:24.954	0.82944	0.82968			6
2025.01.06	00:55:27.311		0.82967			4
2025.01.06	00:55:28.727		0.82964			4
2025.01.06	00:55:29.465		0.82963			4
2025.01.06	00:55:35.141	0.82945	0.82965			6
2025.01.06	00:55:37.099	0.82943	0.82964			6
2025.01.06	00:55:38.410		0.82965			4
2025.01.06	00:55:39.391		0.82964			4
2025.01.06	00:55:40.707	0.82944				2
2025.01.06	00:55:56.693	0.82942	0.82965			6
2025.01.06	00:55:57.906		0.82967			4
2025.01.06	00:55:58.504		0.82966			4
2025.01.06	00:56:00.835	0.82943	0.82965			6
2025.01.06	00:56:04.852	0.82939	0.82962			6
2025.01.06	00:56:05.403	0.82863	0.82957			6
2025.01.06	00:56:05.718	0.82851	0.82955			6
2025.01.06	00:56:06.021	0.82860	0.82956			6
2025.01.06	00:56:06.322	0.82854	0.82946			6
2025.01.06	00:56:06.628	0.82840	0.82948			6
2025.01.06	00:56:07.262		0.82954			4
2025.01.06	00:56:07.594	0.82842	0.82948			6
2025.01.06	00:56:08.164	0.82840	0.82954			6
2025.01.06	00:56:08.522	0.82873	0.82951			6
2025.01.06	00:56:09.084		0.82952			4
2025.01.06	00:56:10.095	0.82870				2
2025.01.06	00:56:12.003	0.82871	0.82951			6
2025.01.06	00:56:12.332	0.82872	0.82950			6
2025.01.06	00:56:14.899		0.82949			4
2025.01.06	00:56:15.541	0.82874				2
2025.01.06	00:56:16.379	0.82872	0.82950			6
2025.01.06	00:56:18.033	0.82873	0.82949			6
2025.01.06	00:56:19.204	0.82874	0.82948			6
2025.01.06	00:56:22.557	0.82876	0.82947			6
2025.01.06	00:56:24.102	0.82874	0.82948			6
2025.01.06	00:56:24.667	0.82872	0.82950			6
2025.01.06	00:56:25.661	0.82877	0.82953			6
2025.01.06	00:56:26.107	0.82883				2
2025.01.06	00:56:26.988	0.82885	0.82956			6
2025.01.06	00:56:27.430	0.82890	0.82951			6
2025.01.06	00:56:27.969	0.82885	0.82958			6
2025.01.06	00:56:28.801	0.82891	0.82953			6
2025.01.06	00:56:29.365	0.82883	0.82959			6
2025.01.06	00:56:29.666	0.82886				2
2025.01.06	00:56:30.018	0.82887	0.82958			6
2025.01.06	00:56:30.444	0.82893				2
2025.01.06	00:56:31.119		0.82957			4
2025.01.06	00:56:31.504	0.82892				2
2025.01.06	00:56:32.414		0.82956			4
2025.01.06	00:56:33.088	0.82894	0.82955			6
2025.01.06	00:56:34.317	0.82901	0.82951			6
2025.01.06	00:56:34.922	0.82899	0.82953			6
2025.01.06	00:56:35.418	0.82896	0.82957			6
2025.01.06	00:56:35.781	0.82902	0.82955			6
2025.01.06	00:56:36.829	0.82912	0.82948			6
2025.01.06	00:56:39.016		0.82947			4
2025.01.06	00:56:39.327		0.82948			4
2025.01.06	00:56:40.351	0.82913	0.82950			6
2025.01.06	00:56:40.668	0.82911	0.82952			6
2025.01.06	00:56:41.471	0.82913	0.82951			6
2025.01.06	00:56:41.902	0.82914				2
2025.01.06	00:56:42.272	0.82915				2
2025.01.06	00:56:42.963	0.82914	0.82950			6
2025.01.06	00:56:44.305	0.82913	0.82952			6
2025.01.06	00:56:45.137	0.82915				2
2025.01.06	00:56:45.773	0.82912	0.82957			6
2025.01.06	00:56:46.560	0.82911				2
2025.01.06	00:56:47.405	0.82915	0.82958			6
2025.01.06	00:56:47.719	0.82919				2
2025.01.06	00:56:48.025	0.82912	0.82964			6
2025.01.06	00:56:48.353	0.82915	0.82963			6
2025.01.06	00:56:48.780	0.82914	0.82964			6
2025.01.06	00:56:49.118	0.82910	0.82967			6
2025.01.06	00:56:49.940	0.82909	0.82968			6
2025.01.06	00:56:50.420	0.82908	0.82969			6
2025.01.06	00:56:51.295	0.82909	0.82968			6
2025.01.06	00:56:51.747	0.82908	0.82969			6
2025.01.06	00:56:52.821	0.82907	0.82970			6
2025.01.06	00:56:53.995	0.82904	0.82973			6
2025.01.06	00:56:56.087	0.82905				2
2025.01.06	00:56:56.560	0.82899	0.82971			6
2025.01.06	00:56:57.416	0.82898				2
2025.01.06	00:56:57.909	0.82902	0.82962			6
2025.01.06	00:56:58.316	0.82896	0.82966			6
2025.01.06	00:56:58.803	0.82894				2
2025.01.06	00:56:59.219	0.82896	0.82965			6
2025.01.06	00:56:59.772		0.82964			4
2025.01.06	00:57:00.221	0.82898	0.82962			6
2025.01.06	00:57:01.987	0.82903				2
2025.01.06	00:57:03.020	0.82902	0.82963			6
2025.01.06	00:57:04.828	0.82898	0.82964			6
2025.01.06	00:57:05.874	0.82895	0.82966			6
2025.01.06	00:57:06.225	0.82893	0.82969			6
2025.01.06	00:57:07.724	0.82894	0.82968			6
2025.01.06	00:57:08.751	0.82893	0.82969			6
2025.01.06	00:57:09.279	0.82894	0.82968			6
2025.01.06	00:57:10.933	0.82893				2
2025.01.06	00:57:11.907		0.82969			4
2025.01.06	00:57:12.939	0.82892				2
2025.01.06	00:57:15.268	0.82895				2
2025.01.06	00:57:17.890	0.82894	0.82974			6
2025.01.06	00:57:18.533	0.82895				2
2025.01.06	00:57:22.203		0.82975			4
2025.01.06	00:57:23.412	0.82896				2
2025.01.06	00:57:24.928	0.82900	0.82968			6
2025.01.06	00:57:25.502	0.82895				2
2025.01.06	00:57:26.014	0.82886	0.82970			6
2025.01.06	00:57:26.379	0.82883				2
2025.01.06	00:57:26.802	0.82887	0.82966			6
2025.01.06	00:57:27.219	0.82885	0.82967			6
2025.01.06	00:57:27.795	0.82884	0.82968			6
2025.01.06	00:57:29.083	0.82885				2
2025.01.06	00:57:31.842	0.82887	0.82966			6
2025.01.06	00:57:35.166	0.82885	0.82967			6
2025.01.06	00:57:36.200	0.82887	0.82968			6
2025.01.06	00:57:39.003	0.82889	0.82967			6
2025.01.06	00:57:40.585	0.82892				2
2025.01.06	00:57:43.212	0.82893	0.82969			6
2025.01.06	00:57:43.578	0.82895				2
2025.01.06	00:57:46.181	0.82896	0.82972			6
2025.01.06	00:57:46.804	0.82899				2
2025.01.06	00:57:48.433	0.82896	0.82971			6
2025.01.06	00:57:50.478	0.82895	0.82972			6
2025.01.06	00:57:53.704	0.82897				2
2025.01.06	00:57:54.068	0.82892	0.82975			6
2025.01.06	00:57:54.371	0.82893	0.82973			6
2025.01.06	00:57:54.903	0.82898				2
2025.01.06	00:57:55.223		0.82972			4
2025.01.06	00:57:55.844	0.82901	0.82971			6
2025.01.06	00:57:57.607		0.82972			4
2025.01.06	00:57:59.821	0.82897	0.82971			6
2025.01.06	00:58:00.249	0.82896	0.82977			6
2025.01.06	00:58:00.780	0.82907	0.82973			6
2025.01.06	00:58:01.253	0.82906	0.82974			6
2025.01.06	00:58:02.108	0.82903				2
2025.01.06	00:58:02.470	0.82898	0.82981			6
2025.01.06	00:58:02.820	0.82900				2
2025.01.06	00:58:03.266	0.82908	0.82976			6
2025.01.06	00:58:03.753	0.82909	0.82975			6
2025.01.06	00:58:04.344	0.82911	0.82973			6
2025.01.06	00:58:05.237	0.82902	0.82979			6
2025.01.06	00:58:05.623	0.82899	0.82978			6
2025.01.06	00:58:06.003	0.82911	0.82975			6
2025.01.06	00:58:06.307	0.82915				2
2025.01.06	00:58:06.831	0.82916				2
2025.01.06	00:58:08.110	0.82914				2
2025.01.06	00:58:10.630	0.82918	0.82974			6
2025.01.06	00:58:11.256	0.82917	0.82975			6
2025.01.06	00:58:12.603		0.82974			4
2025.01.06	00:58:13.241	0.82911	0.82978			6
2025.01.06	00:58:14.545	0.82915	0.82974			6
2025.01.06	00:58:16.078	0.82918	0.82975			6
2025.01.06	00:58:18.003	0.82914	0.82978			6
2025.01.06	00:58:18.361	0.82915	0.82977			6
2025.01.06	00:58:18.799	0.82918	0.82975			6
2025.01.06	00:58:19.638	0.82917	0.82977			6
2025.01.06	00:58:20.025	0.82920	0.82973			6
2025.01.06	00:58:20.381	0.82916				2
2025.01.06	00:58:21.305	0.82914	0.82976			6
2025.01.06	00:58:21.778	0.82907	0.82990			6
2025.01.06	00:58:22.105	0.82920				2
2025.01.06	00:58:22.804	0.82924				2
2025.01.06	00:58:24.004	0.82926				2
2025.01.06	00:58:25.206		0.82989			4
2025.01.06	00:58:26.322	0.82922	0.82992			6
2025.01.06	00:58:26.627	0.82923	0.82991			6
2025.01.06	00:58:28.330		0.82990			4
2025.01.06	00:58:28.795	0.82926	0.82988			6
2025.01.06	00:58:30.346	0.82915	0.82993			6
2025.01.06	00:58:31.453	0.82917	0.82989			6
2025.01.06	00:58:31.804	0.82919				2
2025.01.06	00:58:33.338	0.82922				2
2025.01.06	00:58:34.327	0.82923				2
2025.01.06	00:58:35.830	0.82927	0.82984			6
2025.01.06	00:58:36.784	0.82881	0.82980			6
2025.01.06	00:58:37.256		0.82981			4
2025.01.06	00:58:37.973		0.82980			4
2025.01.06	00:58:39.603		0.82975			4
2025.01.06	00:58:41.029		0.82973			4
2025.01.06	00:58:41.841		0.82974			4
2025.01.06	00:58:45.380		0.82978			4
2025.01.06	00:58:46.275		0.82979			4
2025.01.06	00:58:46.959		0.82977			4
2025.01.06	00:58:51.908	0.82888				2
2025.01.06	00:58:52.252		0.82976			4
2025.01.06	00:58:52.671		0.82978			4
2025.01.06	00:58:54.245	0.82905	0.82985			6
2025.01.06	00:58:54.604	0.82912	0.82981			6
2025.01.06	00:58:55.241	0.82913				2
2025.01.06	00:58:56.293	0.82917				2
2025.01.06	00:58:56.790	0.82918	0.82982			6
2025.01.06	00:58:57.604	0.82915				2
2025.01.06	00:58:58.376	0.82917				2
2025.01.06	00:58:59.235	0.82918				2
2025.01.06	00:59:00.231	0.82918				2
2025.01.06	00:59:00.537	0.82919				2
2025.01.06	00:59:00.883	0.82921	0.82985			6
2025.01.06	00:59:01.205	0.82922				2
2025.01.06	00:59:01.505	0.82927				2
2025.01.06	00:59:02.225	0.82923	0.82989			6
2025.01.06	00:59:02.576	0.82922				2
2025.01.06	00:59:02.903	0.82928	0.82984			6
2025.01.06	00:59:03.251	0.82920	0.82989			6
2025.01.06	00:59:03.603	0.82919				2
2025.01.06	00:59:04.242	0.82924	0.82985			6
2025.01.06	00:59:04.804	0.82925				2
2025.01.06	00:59:05.225	0.82926				2
2025.01.06	00:59:07.366	0.82922	0.82988			6
2025.01.06	00:59:07.806	0.82925				2
2025.01.06	00:59:08.234	0.82921	0.82993			6
2025.01.06	00:59:08.555	0.82920				2
2025.01.06	00:59:08.909	0.82921	0.82992			6
2025.01.06	00:59:09.215	0.82924	0.82989			6
2025.01.06	00:59:09.604	0.82925	0.82987			6
2025.01.06	00:59:11.108		0.82990			4
2025.01.06	00:59:11.765	0.82928				2
2025.01.06	00:59:12.112	0.82931	0.82987			6
2025.01.06	00:59:14.112	0.82930	0.82986			6
2025.01.06	00:59:14.452	0.82931	0.82988			6
2025.01.06	00:59:15.200	0.82928	0.82991			6
2025.01.06	00:59:15.759	0.82929				2
2025.01.06	00:59:16.226	0.82935	0.82985			6
2025.01.06	00:59:17.757	0.82932	0.82988			6
2025.01.06	00:59:18.312	0.82933				2
2025.01.06	00:59:20.106		0.82987			4
2025.01.06	00:59:20.827	0.82931				2
2025.01.06	00:59:21.904		0.82988			4
2025.01.06	00:59:23.027	0.82930				2
2025.01.06	00:59:24.438	0.82928				2
2025.01.06	00:59:24.788	0.82929	0.82987			6
2025.01.06	00:59:25.811		0.82988			4
2025.01.06	00:59:26.406	0.82935	0.82983			6
2025.01.06	00:59:26.861	0.82930	0.82988			6
2025.01.06	00:59:28.203	0.82931	0.82987			6
2025.01.06	00:59:29.611	0.82927	0.82991			6
2025.01.06	00:59:30.470	0.82925	0.82992			6
2025.01.06	00:59:30.979	0.82923	0.82989			6
2025.01.06	00:59:32.104	0.82924	0.82988			6
2025.01.06	00:59:33.134	0.82922	0.82994			6
2025.01.06	00:59:33.463	0.82923	0.82995			6
2025.01.06	00:59:33.769	0.82926	0.82993			6
2025.01.06	00:59:34.084	0.82928	0.82994			6
2025.01.06	00:59:34.386	0.82933	0.82990			6
2025.01.06	00:59:36.371	0.82935	0.82985			6
2025.01.06	00:59:36.968	0.82934	0.82983			6
2025.01.06	00:59:37.508	0.82931	0.82981			6
2025.01.06	00:59:38.256	0.82926	0.82986			6
2025.01.06	00:59:40.890	0.82929				2
2025.01.06	00:59:41.290	0.82922	0.82990			6
2025.01.06	00:59:41.713	0.82927	0.82987			6
2025.01.06	00:59:42.191	0.82930	0.82982			6
2025.01.06	00:59:42.598	0.82923	0.82989			6
2025.01.06	00:59:43.396	0.82926	0.82986			6
2025.01.06	00:59:43.783	0.82923	0.82989			6
2025.01.06	00:59:44.332	0.82922	0.82990			6
2025.01.06	00:59:44.777	0.82923				2
2025.01.06	00:59:46.203	0.82927	0.82988			6
2025.01.06	00:59:46.573	0.82930				2
2025.01.06	00:59:47.006	0.82932	0.82985			6
2025.01.06	00:59:47.308	0.82922	0.82996			6
2025.01.06	00:59:47.703	0.82927				2
2025.01.06	00:59:48.022	0.82930	0.82994			6
2025.01.06	00:59:48.330		0.82992			4
2025.01.06	00:59:49.203	0.82932	0.82991			6
2025.01.06	00:59:50.705	0.82928				2
2025.01.06	00:59:52.375	0.82929	0.82993			6
2025.01.06	00:59:54.262	0.82928	0.82994			6
2025.01.06	00:59:54.783	0.82926	0.82996			6
2025.01.06	00:59:55.255	0.82929	0.82993			6
2025.01.06	00:59:55.683	0.82931	0.82992			6
2025.01.06	00:59:56.107	0.82932				2
2025.01.06	00:59:56.475		0.82993			4
2025.01.06	00:59:57.611	0.82934				2
2025.01.06	00:59:58.237	0.82930	0.82995			6
2025.01.06	00:59:58.613	0.82932	0.82993			6
2025.01.06	00:59:59.359	0.82934	0.82990			6
2025.01.06	00:59:59.911	0.82936	0.82988			6
2025.01.06	01:00:00.309	0.82933	0.82981			6
2025.01.06	01:00:00.645	0.82932	0.82983			6
2025.01.06	01:00:01.043	0.82930	0.82981			6
2025.01.06	01:00:01.382	0.82922	0.82997			6
2025.01.06	01:00:01.687	0.82936	0.82989			6
2025.01.06	01:00:01.989	0.82951	0.82991			6
2025.01.06	01:00:02.298	0.82950	0.82990			6
2025.01.06	01:00:02.602	0.82959	0.82995			6
2025.01.06	01:00:02.907		0.82994			4
2025.01.06	01:00:03.814	0.82958	0.82992			6
2025.01.06	01:00:04.118	0.82960	0.82994			6
2025.01.06	01:00:04.420	0.82956	0.82990			6
2025.01.06	01:00:04.722	0.82963	0.82992			6
2025.01.06	01:00:05.166	0.82961	0.82997			6
2025.01.06	01:00:05.792		0.82995			4
2025.01.06	01:00:06.548		0.82997			4
2025.01.06	01:00:07.524	0.82959				2
2025.01.06	01:00:07.855	0.82960				2
2025.01.06	01:00:08.331		0.82995			4
2025.01.06	01:00:08.704		0.82994			4
2025.01.06	01:00:09.432	0.82964	0.83019			6
2025.01.06	01:00:09.968	0.82965	0.83008			6
2025.01.06	01:00:10.283		0.82997			4
2025.01.06	01:00:10.962	0.82960	0.82991			6
2025.01.06	01:00:12.004	0.82961	0.82992			6
2025.01.06	01:00:12.306	0.82962	0.82990			6
2025.01.06	01:00:12.622	0.82963	0.82989			6
2025.01.06	01:00:12.939	0.82964				2
2025.01.06	01:00:13.513	0.82960	0.82988			6
2025.01.06	01:00:13.821	0.82961				2
2025.01.06	01:00:14.190	0.82960				2
2025.01.06	01:00:14.703	0.82961				2
2025.01.06	01:00:15.076	0.82960				2
2025.01.06	01:00:15.787		0.82989			4
2025.01.06	01:00:16.397	0.82959	0.82988			6
2025.01.06	01:00:19.032	0.82958				2
2025.01.06	01:00:19.381	0.82959	0.82984			6
2025.01.06	01:00:19.716	0.82951				2
2025.01.06	01:00:20.076	0.82955				2
2025.01.06	01:00:20.702	0.82959				2
2025.01.06	01:00:22.386	0.82943	0.82979			6
2025.01.06	01:00:22.703	0.82946	0.82968			6
2025.01.06	01:00:25.003	0.82945	0.82964			6
2025.01.06	01:00:26.206	0.82943				2
2025.01.06	01:00:26.848	0.82944	0.82963			6
2025.01.06	01:00:30.366	0.82947	0.82965			6
2025.01.06	01:00:31.328	0.82936	0.82956			6
2025.01.06	01:00:32.127	0.82937	0.82955			6
2025.01.06	01:00:32.430	0.82938	0.82957			6
2025.01.06	01:00:32.919	0.82939				2
2025.01.06	01:00:34.370	0.82937				2
2025.01.06	01:00:34.688	0.82934	0.82954			6
2025.01.06	01:00:35.462	0.82938	0.82957			6
2025.01.06	01:00:36.119	0.82943				2
2025.01.06	01:00:36.429	0.82941				2
2025.01.06	01:00:37.657	0.82940				2
2025.01.06	01:00:38.106	0.82941				2
2025.01.06	01:00:38.407	0.82940				2
2025.01.06	01:00:41.268	0.82941				2
2025.01.06	01:00:42.535	0.82942	0.82959			6
2025.01.06	01:00:48.500	0.82939	0.82955			6
2025.01.06	01:00:50.389	0.82941	0.82957			6
2025.01.06	01:00:54.387		0.82958			4
2025.01.06	01:00:55.142	0.82943				2
2025.01.06	01:01:00.303	0.82945	0.82957			6
2025.01.06	01:01:01.542	0.82946	0.82962			6
2025.01.06	01:01:02.009	0.82945	0.82964			6
2025.01.06	01:01:04.503	0.82946				2
2025.01.06	01:01:06.737	0.82949				2
2025.01.06	01:01:07.623	0.82952				2
2025.01.06	01:01:08.385		0.82965			4
2025.01.06	01:01:09.412	0.82949				2
2025.01.06	01:01:09.771	0.82951				2
2025.01.06	01:01:11.471	0.82952	0.82964			6
2025.01.06	01:01:13.208		0.82965			4
2025.01.06	01:01:17.408		0.82964			4
2025.01.06	01:01:20.200	0.82951				2
2025.01.06	01:01:20.931	0.82950				2
2025.01.06	01:01:21.563	0.82951	0.82965			6
2025.01.06	01:01:22.226	0.82953	0.82969			6
2025.01.06	01:01:31.253	0.82959				2
2025.01.06	01:01:32.721	0.82960				2
2025.01.06	01:01:33.308	0.82959				2
2025.01.06	01:01:34.842		0.82971			4
2025.01.06	01:01:35.265	0.82961				2
2025.01.06	01:02:00.303	0.82961				2
2025.01.06	01:02:02.046		0.82970			4
2025.01.06	01:02:04.870		0.82973			4
2025.01.06	01:02:05.813		0.82972			4
2025.01.06	01:02:08.328		0.82973			4
2025.01.06	01:02:15.283	0.82957	0.82968			6
2025.01.06	01:02:23.628		0.82969			4
2025.01.06	01:02:24.904	0.82956	0.82968			6
2025.01.06	01:02:28.203	0.82957	0.82967			6
2025.01.06	01:02:31.566	0.82956				2
2025.01.06	01:02:50.579		0.82968			4
2025.01.06	01:03:00.437	0.82957				2
2025.01.06	01:03:00.983	0.82956				2
2025.01.06	01:03:01.554	0.82957	0.82969			6
2025.01.06	01:03:01.895		0.82966			4
2025.01.06	01:03:02.382	0.82956				2
2025.01.06	01:03:05.440	0.82955				2
2025.01.06	01:03:06.987	0.82952	0.82963			6
2025.01.06	01:03:09.906		0.82962			4
2025.01.06	01:03:12.358	0.82951				2
2025.01.06	01:03:20.393	0.82950	0.82961			6
2025.01.06	01:03:21.461	0.82951				2
2025.01.06	01:03:26.098		0.82960			4
2025.01.06	01:03:27.488		0.82961			4
2025.01.06	01:03:29.711	0.82952				2
2025.01.06	01:03:31.701		0.82962			4
2025.01.06	01:03:42.061	0.82953	0.82964			6
2025.01.06	01:03:49.760	0.82954				2
2025.01.06	01:03:51.435		0.82965			4
2025.01.06	01:03:57.304	0.82953				2
2025.01.06	01:03:59.518	0.82952	0.82963			6
2025.01.06	01:04:00.293	0.82951				2
2025.01.06	01:04:02.780	0.82952				2
2025.01.06	01:04:03.145	0.82951				2
2025.01.06	01:04:04.949	0.82952	0.82962			6
2025.01.06	01:04:05.251	0.82951				2
2025.01.06	01:04:05.932		0.82961			4
2025.01.06	01:04:06.762	0.82950				2
2025.01.06	01:04:09.227	0.82951	0.82962			6
2025.01.06	01:04:10.803	0.82950	0.82961			6
2025.01.06	01:04:11.116		0.82962			4
2025.01.06	01:04:13.203	0.82951	0.82961			6
2025.01.06	01:04:13.949	0.82950				2
2025.01.06	01:04:19.456		0.82962			4
2025.01.06	01:04:20.194		0.82959			4
2025.01.06	01:04:23.660	0.82946				2
2025.01.06	01:04:24.305		0.82958			4
2025.01.06	01:04:29.238		0.82959			4
2025.01.06	01:04:30.128	0.82948				2
2025.01.06	01:04:30.443	0.82947				2
2025.01.06	01:04:32.109		0.82958			4
2025.01.06	01:04:33.298	0.82948				2
2025.01.06	01:04:33.619	0.82946				2
2025.01.06	01:04:35.110		0.82959			4
2025.01.06	01:04:36.465	0.82947				2
2025.01.06	01:04:37.806	0.82949				2
2025.01.06	01:04:40.347	0.82948	0.82958			6
2025.01.06	01:04:50.705		0.82959			4
2025.01.06	01:04:56.381	0.82947				2
2025.01.06	01:04:57.338		0.82958			4
2025.01.06	01:04:58.181	0.82949	0.82959			6
2025.01.06	01:04:58.887	0.82950				2
2025.01.06	01:05:00.046	0.82950				2
2025.01.06	01:05:04.707	0.82948	0.82958			6
2025.01.06	01:05:08.706	0.82949	0.82959			6
2025.01.06	01:05:11.283	0.82951	0.82961			6
2025.01.06	01:05:11.606	0.82957	0.82959			6
2025.01.06	01:05:13.425	0.82949				2
2025.01.06	01:05:28.224		0.82960			4
2025.01.06	01:05:29.900		0.82961			4
2025.01.06	01:05:32.405	0.82950				2
2025.01.06	01:05:32.962		0.82960			4
2025.01.06	01:05:34.647	0.82949				2
2025.01.06	01:05:37.203		0.82961			4
2025.01.06	01:05:41.026		0.82960			4
2025.01.06	01:05:41.339	0.82950	0.82959			6
2025.01.06	01:05:44.404	0.82949				2
2025.01.06	01:05:51.261	0.82952	0.82963			6
2025.01.06	01:05:52.155		0.82961			4
2025.01.06	01:05:53.706		0.82962			4
2025.01.06	01:06:00.396	0.82950	0.82961			6
2025.01.06	01:06:01.387		0.82959			4
2025.01.06	01:06:03.305		0.82960			4
2025.01.06	01:06:04.475	0.82953	0.82965			6
2025.01.06	01:06:05.477	0.82955	0.82967			6
2025.01.06	01:06:11.103		0.82966			4
2025.01.06	01:06:12.349		0.82965			4
2025.01.06	01:06:14.314	0.82956	0.82967			6
2025.01.06	01:06:14.874	0.82955				2
2025.01.06	01:06:16.216	0.82954	0.82965			6
2025.01.06	01:06:17.705		0.82964			4
2025.01.06	01:06:20.291		0.82965			4
2025.01.06	01:06:20.853	0.82953				2
2025.01.06	01:06:21.161		0.82963			4
2025.01.06	01:06:40.264	0.82952	0.82962			6
2025.01.06	01:06:52.343	0.82959	0.82961			6
2025.01.06	01:06:54.181	0.82952	0.82962			6
2025.01.06	01:07:00.500	0.82952				2
2025.01.06	01:07:01.080	0.82953	0.82963			6
2025.01.06	01:07:01.781	0.82954	0.82962			6
2025.01.06	01:07:05.730		0.82961			4
2025.01.06	01:07:11.280		0.82963			4
2025.01.06	01:07:15.006	0.82953	0.82964			6
2025.01.06	01:07:17.301		0.82963			4
2025.01.06	01:07:17.955	0.82954	0.82962			6
2025.01.06	01:07:21.310	0.82953				2
2025.01.06	01:07:28.388	0.82952				2
2025.01.06	01:07:36.673	0.82953	0.82961			6
2025.01.06	01:07:45.401		0.82960			4
2025.01.06	01:07:53.263	0.82954				2
2025.01.06	01:07:56.387	0.82953				2
2025.01.06	01:08:00.355	0.82953				2
2025.01.06	01:08:01.752	0.82954				2
2025.01.06	01:08:02.105	0.82955				2
2025.01.06	01:08:02.753	0.82951	0.82956			6
2025.01.06	01:08:03.066	0.82947	0.82954			6
2025.01.06	01:08:04.349		0.82955			4
2025.01.06	01:08:07.081	0.82948	0.82958			6
2025.01.06	01:08:09.367	0.82949	0.82959			6
2025.01.06	01:08:09.903	0.82950	0.82960			6
2025.01.06	01:08:10.304	0.82947	0.82956			6
2025.01.06	01:08:11.403	0.82946	0.82955			6
2025.01.06	01:08:13.206		0.82956			4
2025.01.06	01:08:26.067	0.82945	0.82954			6
2025.01.06	01:08:33.560	0.82947	0.82956			6
2025.01.06	01:08:52.207	0.82948				2
2025.01.06	01:08:55.025	0.82947				2
2025.01.06	01:08:56.104	0.82946				2
2025.01.06	01:09:00.446	0.82946				2
2025.01.06	01:09:01.473	0.82947				2
2025.01.06	01:09:04.537	0.82948	0.82954			6
2025.01.06	01:09:04.858		0.82953			4
2025.01.06	01:09:06.008	0.82947				2
2025.01.06	01:09:10.981		0.82954			4
2025.01.06	01:09:11.316	0.82948	0.82955			6
2025.01.06	01:09:12.382		0.82954			4
2025.01.06	01:09:17.796	0.82949	0.82957			6
2025.01.06	01:09:18.120	0.82950	0.82958			6
2025.01.06	01:09:19.370		0.82959			4
2025.01.06	01:09:20.444	0.82948	0.82954			6
2025.01.06	01:09:20.902		0.82955			4
2025.01.06	01:09:22.883	0.82945	0.82953			6
2025.01.06	01:09:23.215	0.82944				2
2025.01.06	01:09:33.899		0.82954			4
2025.01.06	01:09:34.205	0.82945				2
2025.01.06	01:09:36.348	0.82944	0.82955			6
2025.01.06	01:09:36.804		0.82954			4
2025.01.06	01:09:53.641	0.82943	0.82953			6
2025.01.06	01:09:54.009		0.82952			4
2025.01.06	01:09:56.203	0.82942	0.82950			6
2025.01.06	01:09:57.363	0.82943	0.82952			6
2025.01.06	01:09:57.856	0.82944	0.82953			6
2025.01.06	01:10:00.451	0.82943	0.82952			6
2025.01.06	01:10:03.156	0.82942	0.82950			6
2025.01.06	01:10:16.155	0.82941				2
2025.01.06	01:10:20.706	0.82942				2
2025.01.06	01:10:23.719	0.82941	0.82949			6
2025.01.06	01:10:41.406	0.82940				2
2025.01.06	01:10:48.914		0.82948			4
2025.01.06	01:10:49.250		0.82949			4
2025.01.06	01:10:49.813	0.82941				2
2025.01.06	01:11:00.305	0.82941				2
2025.01.06	01:11:03.658	0.82940	0.82943			6
2025.01.06	01:11:03.970	0.82938				2
2025.01.06	01:11:04.888		0.82944			4
2025.01.06	01:11:06.009		0.82945			4
2025.01.06	01:11:18.893		0.82944			4
2025.01.06	01:11:32.238	0.82936				2
2025.01.06	01:11:32.569		0.82943			4
2025.01.06	01:11:40.465	0.82937	0.82944			6
2025.01.06	01:11:41.173	0.82936				2
2025.01.06	01:11:44.105	0.82935				2
2025.01.06	01:11:49.746	0.82933	0.82939			6
2025.01.06	01:11:50.294		0.82940			4
2025.01.06	01:11:52.077	0.82932				2
2025.01.06	01:11:55.091	0.82933				2
2025.01.06	01:11:55.734	0.82932				2
2025.01.06	01:11:57.088	0.82933				2
2025.01.06	01:12:00.904	0.82933				2
2025.01.06	01:12:22.397	0.82932				2
2025.01.06	01:12:24.483	0.82931	0.82938			6
2025.01.06	01:12:24.966	0.82929	0.82937			6
2025.01.06	01:12:25.427	0.82932	0.82940			6
2025.01.06	01:12:26.343		0.82939			4
2025.01.06	01:12:27.210	0.82933				2
2025.01.06	01:12:27.518	0.82935	0.82942			6
2025.01.06	01:12:27.853	0.82934	0.82943			6
2025.01.06	01:12:28.189		0.82944			4
2025.01.06	01:12:28.630		0.82943			4
2025.01.06	01:12:28.960	0.82932	0.82939			6
2025.01.06	01:12:29.524		0.82940			4
2025.01.06	01:12:33.129	0.82931				2
2025.01.06	01:12:33.437	0.82932				2
2025.01.06	01:12:35.404	0.82933				2
2025.01.06	01:12:36.463	0.82932				2
2025.01.06	01:12:38.585	0.82931				2
2025.01.06	01:12:39.040		0.82939			4
2025.01.06	01:12:44.675	0.82932				2
2025.01.06	01:12:49.557	0.82933	0.82940			6
2025.01.06	01:12:51.029		0.82941			4
2025.01.06	01:12:51.670		0.82940			4
2025.01.06	01:12:52.463		0.82939			4
2025.01.06	01:12:53.954		0.82940			4
2025.01.06	01:12:57.223	0.82932	0.82939			6
2025.01.06	01:13:00.004	0.82932				2
2025.01.06	01:13:16.386	0.82933				2
2025.01.06	01:13:17.101	0.82934	0.82940			6
2025.01.06	01:13:17.409		0.82942			4
2025.01.06	01:13:17.724		0.82941			4
2025.01.06	01:13:18.366		0.82939			4
2025.01.06	01:13:21.312	0.82931	0.82938			6
2025.01.06	01:13:22.343	0.82930				2
2025.01.06	01:13:24.976	0.82931	0.82939			6
2025.01.06	01:13:25.804	0.82933				2
2025.01.06	01:13:29.102	0.82934				2
2025.01.06	01:13:29.868	0.82933				2
2025.01.06	01:13:39.094	0.82928	0.82935			6
2025.01.06	01:13:39.404	0.82929				2
2025.01.06	01:13:39.721		0.82938			4
2025.01.06	01:13:40.024	0.82928	0.82935			6
2025.01.06	01:13:42.903	0.82927				2
2025.01.06	01:13:45.791		0.82936			4
2025.01.06	01:13:46.380		0.82935			4
2025.01.06	01:13:48.217	0.82926	0.82934			6
2025.01.06	01:13:57.181	0.82928	0.82936			6
2025.01.06	01:13:59.445		0.82934			4
2025.01.06	01:13:59.748	0.82927				2
2025.01.06	01:14:00.135	0.82926				2
2025.01.06	01:14:00.443		0.82933			4
2025.01.06	01:14:00.747	0.82925				2
2025.01.06	01:14:01.073	0.82928	0.82934			6
2025.01.06	01:14:01.386	0.82927				2
2025.01.06	01:14:02.103	0.82928				2
2025.01.06	01:14:05.319	0.82927				2
2025.01.06	01:14:05.631	0.82926				2
2025.01.06	01:14:14.144	0.82927				2
2025.01.06	01:14:14.781		0.82935			4
2025.01.06	01:14:15.494	0.82929				2
2025.01.06	01:14:16.388		0.82936			4
2025.01.06	01:14:18.107		0.82935			4
2025.01.06	01:14:19.385		0.82936			4
2025.01.06	01:14:24.581	0.82930	0.82938			6
2025.01.06	01:14:28.361	0.82931	0.82939			6
2025.01.06	01:14:28.864		0.82940			4
2025.01.06	01:14:32.093		0.82939			4
2025.01.06	01:14:32.412	0.82930	0.82938			6
2025.01.06	01:14:32.723	0.82933	0.82939			6
2025.01.06	01:14:33.029		0.82940			4
2025.01.06	01:14:35.284	0.82932				2
2025.01.06	01:14:38.329	0.82933				2
2025.01.06	01:14:38.761	0.82932				2
2025.01.06	01:14:43.378		0.82939			4
2025.01.06	01:14:45.596	0.82931				2
2025.01.06	01:14:50.316		0.82938			4
2025.01.06	01:14:52.835		0.82939			4
2025.01.06	01:14:53.934		0.82940			4
2025.01.06	01:14:55.089		0.82939			4
2025.01.06	01:14:57.346	0.82933	0.82941			6
2025.01.06	01:14:57.651		0.82940			4
2025.01.06	01:14:58.124		0.82941			4
2025.01.06	01:15:00.371	0.82933				2
2025.01.06	01:15:01.001		0.82940			4
2025.01.06	01:15:01.376	0.82934	0.82942			6
2025.01.06	01:15:06.459		0.82941			4
2025.01.06	01:15:09.247	0.82933	0.82942			6
2025.01.06	01:15:12.005	0.82934				2
2025.01.06	01:15:13.031		0.82941			4
2025.01.06	01:15:15.908		0.82942			4
2025.01.06	01:15:22.440	0.82931	0.82940			6
2025.01.06	01:15:25.805		0.82939			4
2025.01.06	01:15:29.403	0.82933	0.82942			6
2025.01.06	01:15:30.714		0.82940			4
2025.01.06	01:15:32.408	0.82932				2
2025.01.06	01:15:35.409	0.82933				2
2025.01.06	01:15:40.819	0.82932				2
2025.01.06	01:15:41.373		0.82941			4
2025.01.06	01:15:41.848	0.82934	0.82940			6
2025.01.06	01:15:42.585	0.82933	0.82942			6
2025.01.06	01:15:42.902		0.82940			4
2025.01.06	01:15:43.206	0.82932				2
2025.01.06	01:15:43.684	0.82933				2
2025.01.06	01:15:44.221		0.82941			4
2025.01.06	01:15:45.047		0.82940			4
2025.01.06	01:15:54.265		0.82941			4
2025.01.06	01:15:55.284	0.82934				2
2025.01.06	01:15:56.703	0.82935				2
2025.01.06	01:15:58.210	0.82934				2
2025.01.06	01:15:58.632		0.82940			4
2025.01.06	01:16:00.040	0.82934				2
2025.01.06	01:16:05.373		0.82939			4
2025.01.06	01:16:05.733		0.82940			4
2025.01.06	01:16:06.380		0.82939			4
2025.01.06	01:16:20.733		0.82941			4
2025.01.06	01:16:24.032	0.82936				2
2025.01.06	01:16:24.377	0.82935				2
2025.01.06	01:16:28.203	0.82934	0.82940			6
2025.01.06	01:16:29.207	0.82935	0.82941			6
2025.01.06	01:16:33.603	0.82934	0.82940			6
2025.01.06	01:16:35.947	0.82935	0.82941			6
2025.01.06	01:16:36.681		0.82940			4
2025.01.06	01:16:37.205	0.82934				2
2025.01.06	01:16:39.505	0.82935	0.82941			6
2025.01.06	01:16:43.795	0.82936				2
2025.01.06	01:16:47.371		0.82942			4
2025.01.06	01:16:49.805	0.82935	0.82941			6
2025.01.06	01:16:52.347	0.82931	0.82939			6
2025.01.06	01:16:54.287	0.82930				2
2025.01.06	01:16:54.589		0.82938			4
2025.01.06	01:16:58.203	0.82931				2
2025.01.06	01:17:00.365	0.82931				2
2025.01.06	01:17:00.801	0.82930				2
2025.01.06	01:17:01.915	0.82931				2
2025.01.06	01:17:04.434	0.82933	0.82939			6
2025.01.06	01:17:14.721	0.82934	0.82940			6
2025.01.06	01:17:15.024	0.82933				2
2025.01.06	01:17:23.536	0.82934				2
2025.01.06	01:17:27.841	0.82935	0.82942			6
2025.01.06	01:17:28.142	0.82934	0.82939			6
2025.01.06	01:17:29.707	0.82933				2
2025.01.06	01:17:34.116	0.82934	0.82940			6
2025.01.06	01:17:37.647		0.82939			4
2025.01.06	01:17:38.399	0.82935	0.82940			6
2025.01.06	01:17:40.509	0.82936				2
2025.01.06	01:17:43.677		0.82943			4
2025.01.06	01:17:49.505	0.82935				2
2025.01.06	01:18:00.448	0.82935				2
2025.01.06	01:18:01.281		0.82944			4
2025.01.06	01:18:01.828		0.82943			4
2025.01.06	01:18:02.800		0.82944			4
2025.01.06	01:18:03.336	0.82936				2
2025.01.06	01:18:03.875		0.82945			4
2025.01.06	01:18:06.294	0.82935				2
2025.01.06	01:18:06.987		0.82944			4
2025.01.06	01:18:11.784	0.82934	0.82942			6
2025.01.06	01:18:20.729	0.82935	0.82943			6
2025.01.06	01:18:25.695	0.82937	0.82944			6
2025.01.06	01:18:39.903	0.82936				2
2025.01.06	01:18:42.476	0.82937				2
2025.01.06	01:18:43.354		0.82945			4
2025.01.06	01:18:47.772	0.82939	0.82943			6
2025.01.06	01:19:00.422	0.82939				2
2025.01.06	01:19:08.395	0.82940	0.82944			6
2025.01.06	01:19:17.274	0.82939	0.82943			6
2025.01.06	01:20:00.434	0.82939				2
2025.01.06	01:20:18.124		0.82943			4
2025.01.06	01:20:20.784	0.82937	0.82941			6
2025.01.06	01:20:23.404	0.82938	0.82942			6
2025.01.06	01:20:34.826		0.82941			4
2025.01.06	01:20:49.170		0.82942			4
2025.01.06	01:21:01.689	0.82939				2
2025.01.06	01:21:15.727	0.82941				2
2025.01.06	01:21:27.225	0.82939				2
2025.01.06	01:21:41.029	0.82938				2
2025.01.06	01:21:41.344	0.82936	0.82939			6
2025.01.06	01:21:46.233	0.82934	0.82938			6
2025.01.06	01:22:00.351	0.82934				2
2025.01.06	01:22:04.621	0.82932	0.82936			6
2025.01.06	01:22:21.355	0.82931	0.82935			6
2025.01.06	01:22:23.259	0.82932	0.82936			6
2025.01.06	01:22:23.563	0.82933	0.82937			6
2025.01.06	01:22:30.720	0.82935	0.82939			6
2025.01.06	01:22:47.186	0.82938	0.82942			6
2025.01.06	01:22:47.574		0.82941			4
2025.01.06	01:22:50.188		0.82942			4
2025.01.06	01:22:52.349		0.82940			4
2025.01.06	01:22:54.179		0.82942			4
2025.01.06	01:23:01.385	0.82938				2
2025.01.06	01:23:21.417	0.82936	0.82940			6
2025.01.06	01:23:36.019		0.82939			4
2025.01.06	01:23:40.054	0.82934	0.82938			6
2025.01.06	01:24:00.939	0.82934				2
2025.01.06	01:24:12.156	0.82933	0.82940			6
2025.01.06	01:24:45.602	0.82934				2
2025.01.06	01:24:56.491	0.82936	0.82939			6
2025.01.06	01:25:00.570	0.82936				2
2025.01.06	01:25:40.460	0.82935				2
2025.01.06	01:25:48.802	0.82936	0.82938			6
2025.01.06	01:26:00.962	0.82936				2
2025.01.06	01:26:49.092		0.82938			4
2025.01.06	01:27:00.361	0.82936				2
2025.01.06	01:27:51.059		0.82938			4
2025.01.06	01:28:01.255	0.82936				2
2025.01.06	01:28:14.311		0.82939			4
2025.01.06	01:28:21.312		0.82938			4
2025.01.06	01:29:00.279	0.82936				2
2025.01.06	01:29:03.843	0.82937				2
2025.01.06	01:29:16.313		0.82939			4
2025.01.06	01:29:29.657		0.82940			4
2025.01.06	01:29:36.050		0.82939			4
2025.01.06	01:29:40.827		0.82940			4
2025.01.06	01:29:53.585	0.82939				2
2025.01.06	01:29:53.982		0.82941			4
2025.01.06	01:29:54.304	0.82941	0.82943			6
2025.01.06	01:29:57.346	0.82942				2
2025.01.06	01:29:58.134	0.82941				2
2025.01.06	01:29:58.745	0.82943	0.82944			6
2025.01.06	01:30:00.221	0.82943				2
2025.01.06	01:30:01.253	0.82942				2
2025.01.06	01:30:01.563	0.82941	0.82943			6
2025.01.06	01:30:01.883	0.82942				2
2025.01.06	01:30:02.202		0.82944			4
2025.01.06	01:30:04.039	0.82941	0.82943			6
2025.01.06	01:30:05.649	0.82940	0.82942			6
2025.01.06	01:30:09.965	0.82939				2
2025.01.06	01:30:10.277	0.82938	0.82941			6
2025.01.06	01:30:12.120	0.82937	0.82939			6
2025.01.06	01:30:15.664	0.82936				2
2025.01.06	01:30:21.435	0.82935	0.82938			6
2025.01.06	01:30:29.197	0.82939	0.82941			6
2025.01.06	01:30:34.202	0.82935	0.82938			6
2025.01.06	01:30:40.681		0.82936			4
2025.01.06	01:30:42.426		0.82938			4
2025.01.06	01:30:43.093	0.82934	0.82935			6
2025.01.06	01:30:43.463	0.82933	0.82934			6
2025.01.06	01:30:47.137	0.82932	0.82933			6
2025.01.06	01:31:00.575	0.82932	0.82934			6
2025.01.06	01:31:05.223	0.82930	0.82933			6
2025.01.06	01:31:22.050	0.82928	0.82929			6
2025.01.06	01:31:25.436	0.82927	0.82928			6
2025.01.06	01:31:25.747		0.82929			4
2025.01.06	01:31:26.224		0.82928			4
2025.01.06	01:31:29.411	0.82925	0.82927			6
2025.01.06	01:31:43.484	0.82924	0.82925			6
2025.01.06	01:31:44.668	0.82923	0.82924			6
2025.01.06	01:31:48.174	0.82922				2
2025.01.06	01:31:54.376	0.82923	0.82925			6
2025.01.06	01:31:54.905	0.82924	0.82926			6
2025.01.06	01:31:59.454	0.82927	0.82928			6
2025.01.06	01:32:00.294	0.82927				2
2025.01.06	01:32:00.629	0.82926				2
2025.01.06	01:32:01.674	0.82923	0.82924			6
2025.01.06	01:32:06.725	0.82922				2
2025.01.06	01:32:25.488	0.82924	0.82926			6
2025.01.06	01:32:26.501	0.82923	0.82925			6
2025.01.06	01:32:28.585	0.82921	0.82924			6
2025.01.06	01:32:39.581	0.82924	0.82926			6
2025.01.06	01:32:40.228		0.82927			4
2025.01.06	01:32:46.261	0.82925	0.82928			6
2025.01.06	01:33:00.327	0.82925				2
2025.01.06	01:33:05.669	0.82924	0.82927			6
2025.01.06	01:33:09.331		0.82926			4
2025.01.06	01:33:10.012		0.82927			4
2025.01.06	01:33:10.342	0.82925	0.82928			6
2025.01.06	01:33:11.681	0.82923	0.82926			6
2025.01.06	01:33:11.991		0.82925			4
2025.01.06	01:33:12.360	0.82922	0.82924			6
2025.01.06	01:33:54.287	0.82923	0.82925			6
2025.01.06	01:33:59.086	0.82922	0.82924			6
2025.01.06	01:34:00.457	0.82922				2
2025.01.06	01:34:17.007	0.82925	0.82926			6
2025.01.06	01:34:39.494	0.82926	0.82927			6
2025.01.06	01:34:45.669	0.82924	0.82926			6
2025.01.06	01:35:00.512	0.82924				2
2025.01.06	01:35:05.996	0.82923	0.82925			6
2025.01.06	01:35:06.670	0.82922				2
2025.01.06	01:35:20.580		0.82924			4
2025.01.06	01:35:25.560	0.82921	0.82923			6
2025.01.06	01:35:42.709		0.82922			4
2025.01.06	01:35:43.363	0.82920				2
2025.01.06	01:36:00.630	0.82920				2
2025.01.06	01:36:02.486	0.82921	0.82923			6
2025.01.06	01:36:20.544	0.82922				2
2025.01.06	01:36:24.905	0.82921				2
2025.01.06	01:36:54.159		0.82922			4
2025.01.06	01:36:57.707	0.82920				2
2025.01.06	01:37:01.434	0.82920				2
2025.01.06	01:37:19.184		0.82923			4
2025.01.06	01:37:21.310		0.82922			4
2025.01.06	01:37:32.941		0.82923			4
2025.01.06	01:37:45.704		0.82922			4
2025.01.06	01:37:55.749	0.82916	0.82918			6
2025.01.06	01:37:56.057		0.82917			4
2025.01.06	01:37:56.449	0.82915				2
2025.01.06	01:38:00.185	0.82915				2
2025.01.06	01:38:05.984		0.82918			4
2025.01.06	01:38:07.448	0.82917				2
2025.01.06	01:38:08.348	0.82918	0.82919			6
2025.01.06	01:38:10.152	0.82917	0.82918			6
2025.01.06	01:38:11.466	0.82918	0.82919			6
2025.01.06	01:38:32.120	0.82917	0.82918			6
2025.01.06	01:38:38.677	0.82918	0.82920			6
2025.01.06	01:39:00.358	0.82918				2
2025.01.06	01:39:37.328		0.82919			4
2025.01.06	01:39:50.395		0.82921			4
2025.01.06	01:40:01.389	0.82919	0.82922			6
2025.01.06	01:40:01.693		0.82921			4
2025.01.06	01:40:02.122	0.82920	0.82923			6
2025.01.06	01:40:03.737	0.82921				2
2025.01.06	01:40:10.157		0.82924			4
2025.01.06	01:40:25.384		0.82923			4
2025.01.06	01:40:45.717	0.82920	0.82922			6
2025.01.06	01:41:04.345	0.82920				2
2025.01.06	01:41:22.648	0.82911	0.82913			6
2025.01.06	01:41:23.389		0.82912			4
2025.01.06	01:41:25.331	0.82910	0.82913			6
2025.01.06	01:41:25.642	0.82912	0.82914			6
2025.01.06	01:41:25.981	0.82911				2
2025.01.06	01:41:26.662		0.82915			4
2025.01.06	01:41:26.988		0.82913			4
2025.01.06	01:41:29.057		0.82914			4
2025.01.06	01:41:33.179	0.82913	0.82915			6
2025.01.06	01:41:34.268	0.82912	0.82914			6
2025.01.06	01:41:41.524		0.82913			4
2025.01.06	01:41:44.267	0.82911	0.82912			6
2025.01.06	01:41:49.469		0.82914			4
2025.01.06	01:41:49.784		0.82912			4
2025.01.06	01:41:53.207		0.82913			4
2025.01.06	01:41:53.998		0.82912			4
2025.01.06	01:41:55.585		0.82913			4
2025.01.06	01:41:58.632		0.82912			4
2025.01.06	01:41:59.458	0.82916	0.82919			6
2025.01.06	01:42:00.080	0.82916	0.82918			6
2025.01.06	01:42:00.392	0.82915	0.82916			6
2025.01.06	01:42:00.740		0.82917			4
2025.01.06	01:42:01.384	0.82912	0.82914			6
2025.01.06	01:42:01.718		0.82913			4
2025.01.06	01:42:03.223		0.82914			4
2025.01.06	01:42:07.143	0.82910	0.82913			6
2025.01.06	01:42:45.916		0.82911			4
2025.01.06	01:42:54.973		0.82912			4
2025.01.06	01:42:57.993		0.82911			4
2025.01.06	01:43:02.144	0.82910				2
2025.01.06	01:43:45.373	0.82909				2
2025.01.06	01:43:51.057	0.82908	0.82909			6
2025.01.06	01:43:56.247	0.82907				2
2025.01.06	01:44:00.319	0.82907				2
2025.01.06	01:44:06.372	0.82908	0.82911			6
2025.01.06	01:44:18.288		0.82910			4
2025.01.06	01:44:20.705	0.82909	0.82911			6
2025.01.06	01:44:37.833		0.82912			4
2025.01.06	01:44:44.994	0.82910				2
2025.01.06	01:45:00.396	0.82910				2
2025.01.06	01:45:29.979		0.82913			4
2025.01.06	01:45:30.960		0.82912			4
2025.01.06	01:45:45.578		0.82913			4
2025.01.06	01:46:01.181	0.82910	0.82912			6
2025.01.06	01:46:09.985	0.82909	0.82911			6
2025.01.06	01:46:17.397	0.82908	0.82910			6
2025.01.06	01:46:18.357	0.82907	0.82909			6
2025.01.06	01:46:19.095		0.82908			4
2025.01.06	01:46:30.273	0.82906	0.82907			6
2025.01.06	01:46:31.354	0.82902	0.82903			6
2025.01.06	01:46:42.197	0.82903	0.82904			6
2025.01.06	01:46:42.503	0.82901	0.82903			6
2025.01.06	01:46:44.257		0.82904			4
2025.01.06	01:46:44.601		0.82903			4
2025.01.06	01:46:47.438		0.82904			4
2025.01.06	01:46:47.768		0.82903			4
2025.01.06	01:46:55.121	0.82899	0.82901			6
2025.01.06	01:46:55.423	0.82898	0.82900			6
2025.01.06	01:46:56.719		0.82901			4
2025.01.06	01:46:57.731	0.82901	0.82902			6
2025.01.06	01:47:00.068	0.82901				2
2025.01.06	01:47:42.776		0.82903			4
2025.01.06	01:47:44.450	0.82902	0.82904			6
2025.01.06	01:48:00.004	0.82902				2
2025.01.06	01:48:11.553		0.82903			4
2025.01.06	01:48:39.367	0.82901	0.82902			6
2025.01.06	01:48:41.302		0.82904			4
2025.01.06	01:48:44.331		0.82902			4
2025.01.06	01:48:44.731		0.82903			4
2025.01.06	01:48:57.338		0.82902			4
2025.01.06	01:49:03.065	0.82901				2
2025.01.06	01:49:13.649		0.82904			4
2025.01.06	01:49:17.694		0.82902			4
2025.01.06	01:49:18.328		0.82904			4
2025.01.06	01:49:34.653	0.82902				2
2025.01.06	01:49:38.427	0.82904	0.82906			6
2025.01.06	01:49:40.028	0.82905	0.82907			6
2025.01.06	01:49:53.686	0.82904	0.82906			6
2025.01.06	01:49:56.183		0.82905			4
2025.01.06	01:49:57.366	0.82901	0.82903			6
2025.01.06	01:50:00.266	0.82901				2
2025.01.06	01:50:04.379	0.82902	0.82905			6
2025.01.06	01:50:04.714		0.82904			4
2025.01.06	01:50:08.969	0.82903	0.82905			6
2025.01.06	01:50:32.000	0.82904				2
2025.01.06	01:50:32.302	0.82905	0.82907			6
2025.01.06	01:50:34.117	0.82906				2
2025.01.06	01:51:00.377	0.82906				2
2025.01.06	01:51:32.712		0.82908			4
2025.01.06	01:51:41.098		0.82907			4
2025.01.06	01:52:00.035	0.82901	0.82903			6
2025.01.06	01:52:12.157	0.82900				2
2025.01.06	01:52:17.377	0.82901				2
2025.01.06	01:52:21.003	0.82900	0.82902			6
2025.01.06	01:52:31.505		0.82903			4
2025.01.06	01:52:37.271	0.82901	0.82905			6
2025.01.06	01:52:37.572		0.82904			4
2025.01.06	01:52:40.098		0.82902			4
2025.01.06	01:52:40.709		0.82903			4
2025.01.06	01:52:41.212	0.82902				2
2025.01.06	01:52:48.396	0.82904	0.82906			6
2025.01.06	01:52:48.840		0.82905			4
2025.01.06	01:52:54.501	0.82903				2
2025.01.06	01:52:57.991	0.82904				2
2025.01.06	01:53:00.474	0.82904				2
2025.01.06	01:53:01.604	0.82903				2
2025.01.06	01:53:03.942	0.82904				2
2025.01.06	01:53:04.244	0.82903				2
2025.01.06	01:53:06.398	0.82904				2
2025.01.06	01:53:11.717		0.82906			4
2025.01.06	01:53:12.480		0.82905			4
2025.01.06	01:53:15.516	0.82903	0.82906			6
2025.01.06	01:53:30.952	0.82900	0.82902			6
2025.01.06	01:53:33.444		0.82904			4
2025.01.06	01:53:34.301	0.82901	0.82903			6
2025.01.06	01:53:34.697	0.82900	0.82904			6
2025.01.06	01:53:35.553		0.82902			4
2025.01.06	01:53:35.915		0.82904			4
2025.01.06	01:53:36.234	0.82901	0.82903			6
2025.01.06	01:53:43.618		0.82904			4
2025.01.06	01:53:45.455		0.82903			4
2025.01.06	01:53:50.588	0.82902				2
2025.01.06	01:53:50.891		0.82904			4
2025.01.06	01:53:51.870		0.82903			4
2025.01.06	01:54:00.160	0.82902				2
2025.01.06	01:54:06.476	0.82901				2
2025.01.06	01:54:07.157		0.82902			4
2025.01.06	01:54:18.052		0.82904			4
2025.01.06	01:54:21.718		0.82902			4
2025.01.06	01:54:22.989		0.82903			4
2025.01.06	01:54:25.989		0.82902			4
2025.01.06	01:54:57.304		0.82903			4
2025.01.06	01:54:58.348		0.82904			4
2025.01.06	01:54:59.662	0.82902	0.82903			6
2025.01.06	01:55:00.855	0.82902				2
2025.01.06	01:55:02.736	0.82901	0.82902			6
2025.01.06	01:55:17.492	0.82900				2
2025.01.06	01:55:20.082	0.82901				2
2025.01.06	01:55:25.390	0.82900				2
2025.01.06	01:55:27.407	0.82902	0.82903			6
2025.01.06	01:55:27.831		0.82904			4
2025.01.06	01:55:30.358	0.82903				2
2025.01.06	01:55:34.788	0.82905	0.82907			6
2025.01.06	01:55:39.405	0.82906				2
2025.01.06	01:55:44.343		0.82908			4
2025.01.06	01:55:44.646		0.82907			4
2025.01.06	01:55:51.378	0.82907	0.82908			6
2025.01.06	01:55:54.193		0.82909			4
2025.01.06	01:56:01.251	0.82907				2
2025.01.06	01:56:02.264	0.82908				2
2025.01.06	01:56:03.335		0.82910			4
2025.01.06	01:56:03.779	0.82909				2
2025.01.06	01:56:05.373	0.82910	0.82911			6
2025.01.06	01:56:14.376	0.82914	0.82916			6
2025.01.06	01:56:14.697	0.82915				2
2025.01.06	01:56:29.180	0.82913	0.82915			6
2025.01.06	01:56:29.923		0.82914			4
2025.01.06	01:56:34.898	0.82915	0.82919			6
2025.01.06	01:56:35.205	0.82919	0.82920			6
2025.01.06	01:56:35.517	0.82917	0.82919			6
2025.01.06	01:56:38.059	0.82916	0.82917			6
2025.01.06	01:56:38.369	0.82915	0.82919			6
2025.01.06	01:56:38.740		0.82918			4
2025.01.06	01:56:40.111		0.82916			4
2025.01.06	01:56:40.835	0.82914	0.82917			6
2025.01.06	01:56:50.381	0.82916	0.82918			6
2025.01.06	01:56:50.681	0.82918	0.82919			6
2025.01.06	01:56:51.127		0.82920			4
2025.01.06	01:56:51.872	0.82919				2
2025.01.06	01:56:54.343	0.82920	0.82921			6
2025.01.06	01:56:55.569	0.82924	0.82925			6
2025.01.06	01:56:56.230	0.82923	0.82924			6
2025.01.06	01:56:58.193	0.82922	0.82923			6
2025.01.06	01:57:00.398	0.82922				2
2025.01.06	01:57:01.244	0.82924	0.82925			6
2025.01.06	01:57:03.481	0.82923	0.82926			6
2025.01.06	01:57:05.835	0.82924	0.82925			6
2025.01.06	01:57:13.326	0.82923	0.82924			6
2025.01.06	01:57:13.873	0.82924	0.82925			6
2025.01.06	01:57:15.867	0.82923	0.82926			6
2025.01.06	01:57:18.334	0.82924	0.82925			6
2025.01.06	01:57:22.014		0.82926			4
2025.01.06	01:57:22.323		0.82927			4
2025.01.06	01:57:22.688		0.82925			4
2025.01.06	01:57:24.956		0.82926			4
2025.01.06	01:57:25.369	0.82928	0.82930			6
2025.01.06	01:57:25.674	0.82929				2
2025.01.06	01:57:26.176		0.82931			4
2025.01.06	01:57:27.298		0.82930			4
2025.01.06	01:57:30.368	0.82930	0.82931			6
2025.01.06	01:57:32.704	0.82927	0.82928			6
2025.01.06	01:57:33.403	0.82928	0.82929			6
2025.01.06	01:57:46.345	0.82929	0.82930			6
2025.01.06	01:57:51.271	0.82930	0.82931			6
2025.01.06	01:57:54.527	0.82926	0.82927			6
2025.01.06	01:57:54.871	0.82925	0.82926			6
2025.01.06	01:57:55.172		0.82928			4
2025.01.06	01:57:56.131		0.82927			4
2025.01.06	01:57:56.550		0.82929			4
2025.01.06	01:58:00.378	0.82927	0.82928			6
2025.01.06	01:58:01.203		0.82929			4
2025.01.06	01:58:01.523		0.82928			4
2025.01.06	01:58:01.830		0.82929			4
2025.01.06	01:58:05.425	0.82929	0.82931			6
2025.01.06	01:58:06.394	0.82927	0.82928			6
2025.01.06	01:58:09.381	0.82928	0.82929			6
2025.01.06	01:58:12.743	0.82927				2
2025.01.06	01:58:13.409		0.82928			4
2025.01.06	01:58:13.729		0.82929			4
2025.01.06	01:58:14.381	0.82930	0.82931			6
2025.01.06	01:58:14.863	0.82929	0.82930			6
2025.01.06	01:58:16.576	0.82930	0.82931			6
2025.01.06	01:58:23.074	0.82931	0.82932			6
2025.01.06	01:58:25.883	0.82930	0.82931			6
2025.01.06	01:58:27.429	0.82929	0.82930			6
2025.01.06	01:58:29.400	0.82930	0.82931			6
2025.01.06	01:58:31.395	0.82929	0.82932			6
2025.01.06	01:58:33.995	0.82930	0.82931			6
2025.01.06	01:58:34.345	0.82929	0.82932			6
2025.01.06	01:58:34.727		0.82930			4
2025.01.06	01:58:36.785		0.82932			4
2025.01.06	01:58:37.105	0.82926	0.82927			6
2025.01.06	01:58:37.772	0.82928	0.82930			6
2025.01.06	01:58:38.085	0.82930	0.82931			6
2025.01.06	01:58:39.419	0.82931	0.82933			6
2025.01.06	01:58:39.777	0.82932	0.82934			6
2025.01.06	01:58:40.996	0.82933				2
2025.01.06	01:58:48.268	0.82934	0.82935			6
2025.01.06	01:58:48.795	0.82935	0.82936			6
2025.01.06	01:58:49.211	0.82936	0.82937			6
2025.01.06	01:58:52.193	0.82935	0.82936			6
2025.01.06	01:59:00.383	0.82936	0.82938			6
2025.01.06	01:59:00.687	0.82937				2
2025.01.06	01:59:01.075	0.82936	0.82937			6
2025.01.06	01:59:04.724	0.82937	0.82938			6
2025.01.06	01:59:05.036	0.82939	0.82940			6
2025.01.06	01:59:06.271	0.82941	0.82942			6
2025.01.06	01:59:08.134	0.82939	0.82940			6
2025.01.06	01:59:08.960	0.82938	0.82939			6
2025.01.06	01:59:11.420	0.82939	0.82940			6
2025.01.06	01:59:17.813	0.82938				2
2025.01.06	01:59:18.315	0.82936	0.82938			6
2025.01.06	01:59:18.625	0.82937				2
2025.01.06	01:59:18.933	0.82936	0.82940			6
2025.01.06	01:59:20.167	0.82938	0.82939			6
2025.01.06	01:59:21.931	0.82935	0.82936			6
2025.01.06	01:59:22.582	0.82938	0.82939			6
2025.01.06	01:59:23.605	0.82935	0.82937			6
2025.01.06	01:59:25.952	0.82936				2
2025.01.06	01:59:28.343	0.82937	0.82938			6
2025.01.06	01:59:31.891	0.82940	0.82941			6
2025.01.06	01:59:33.084	0.82939	0.82940			6
2025.01.06	01:59:35.563	0.82940	0.82941			6
2025.01.06	01:59:38.350	0.82941	0.82943			6
2025.01.06	01:59:39.631	0.82940	0.82941			6
2025.01.06	01:59:53.388	0.82942	0.82944			6
2025.01.06	01:59:53.703	0.82940	0.82942			6
2025.01.06	01:59:54.032	0.82941				2
2025.01.06	01:59:59.370	0.82940	0.82941			6
2025.01.06	02:00:00.370	0.82940				2
2025.01.06	02:00:01.063	0.82941	0.82942			6
2025.01.06	02:00:01.674	0.82938	0.82939			6
2025.01.06	02:00:03.964	0.82937				2
2025.01.06	02:00:04.329		0.82938			4
2025.01.06	02:00:06.377	0.82939	0.82940			6
2025.01.06	02:00:06.682	0.82937				2
2025.01.06	02:00:07.051	0.82935	0.82938			6
2025.01.06	02:00:07.371	0.82936	0.82937			6
2025.01.06	02:00:08.673	0.82937	0.82938			6
2025.01.06	02:00:09.021	0.82936	0.82937			6
2025.01.06	02:00:11.940	0.82937	0.82938			6
2025.01.06	02:00:13.272	0.82936	0.82937			6
2025.01.06	02:00:25.205	0.82937	0.82938			6
2025.01.06	02:00:25.545	0.82936	0.82937			6
2025.01.06	02:00:28.432	0.82933	0.82935			6
2025.01.06	02:00:28.777	0.82934				2
2025.01.06	02:00:29.114	0.82935	0.82936			6
2025.01.06	02:00:32.372	0.82936	0.82937			6
2025.01.06	02:00:32.941	0.82935	0.82936			6
2025.01.06	02:00:33.761	0.82932	0.82935			6
2025.01.06	02:00:34.062	0.82931	0.82934			6
2025.01.06	02:00:34.380	0.82936	0.82937			6
2025.01.06	02:00:34.682	0.82937	0.82938			6
2025.01.06	02:00:35.367	0.82936	0.82937			6
2025.01.06	02:00:47.939		0.82939			4
2025.01.06	02:00:48.351	0.82937	0.82938			6
2025.01.06	02:00:49.304	0.82938	0.82941			6
2025.01.06	02:00:50.263	0.82939	0.82940			6
2025.01.06	02:00:50.884	0.82937	0.82938			6
2025.01.06	02:00:51.201	0.82936	0.82937			6
2025.01.06	02:00:51.879	0.82937	0.82938			6
2025.01.06	02:00:55.998	0.82933	0.82934			6
2025.01.06	02:00:56.302	0.82932	0.82933			6
2025.01.06	02:01:00.149	0.82932				2
2025.01.06	02:01:00.785	0.82931	0.82932			6
2025.01.06	02:01:03.275	0.82932	0.82933			6
2025.01.06	02:01:05.681	0.82933	0.82934			6
2025.01.06	02:01:09.720	0.82932	0.82933			6
2025.01.06	02:01:10.825	0.82930	0.82932			6
2025.01.06	02:01:11.162		0.82931			4
2025.01.06	02:01:12.486	0.82929	0.82930			6
2025.01.06	02:01:12.828	0.82930	0.82931			6
2025.01.06	02:01:13.395	0.82929	0.82930			6
2025.01.06	02:01:14.420	0.82930	0.82931			6
2025.01.06	02:01:15.002	0.82929	0.82930			6
2025.01.06	02:01:15.816	0.82931	0.82932			6
2025.01.06	02:01:16.129	0.82932	0.82933			6
2025.01.06	02:01:17.587	0.82930	0.82932			6
2025.01.06	02:01:17.990	0.82931				2
2025.01.06	02:01:18.427	0.82930	0.82931			6
2025.01.06	02:01:19.431	0.82929	0.82930			6
2025.01.06	02:01:20.394	0.82927	0.82928			6
2025.01.06	02:01:20.730	0.82926	0.82927			6
2025.01.06	02:01:23.923	0.82927	0.82928			6
2025.01.06	02:01:27.642	0.82929	0.82930			6
2025.01.06	02:01:34.436	0.82930	0.82931			6
2025.01.06	02:01:48.567	0.82929	0.82930			6
2025.01.06	02:01:49.311	0.82930	0.82931			6
2025.01.06	02:01:50.521	0.82929	0.82930			6
2025.01.06	02:01:51.940	0.82930	0.82931			6
2025.01.06	02:01:57.451	0.82929	0.82930			6
2025.01.06	02:01:58.853	0.82926	0.82927			6
2025.01.06	02:02:00.438	0.82928	0.82929			6
2025.01.06	02:02:02.376	0.82930	0.82931			6
2025.01.06	02:02:07.617	0.82931	0.82932			6
2025.01.06	02:02:10.665		0.82935			4
2025.01.06	02:02:10.981	0.82934				2
2025.01.06	02:02:15.510	0.82932				2
2025.01.06	02:02:17.758		0.82933			4
2025.01.06	02:02:21.073	0.82931	0.82932			6
2025.01.06	02:02:27.787	0.82932	0.82934			6
2025.01.06	02:02:28.419		0.82933			4
2025.01.06	02:02:30.188		0.82935			4
2025.01.06	02:02:30.734		0.82933			4
2025.01.06	02:02:40.349	0.82933	0.82934			6
2025.01.06	02:02:43.476	0.82932	0.82933			6
2025.01.06	02:02:49.907	0.82931	0.82932			6
2025.01.06	02:03:00.434	0.82931				2
2025.01.06	02:03:05.768	0.82930	0.82931			6
2025.01.06	02:03:10.070	0.82929	0.82930			6
2025.01.06	02:03:10.407	0.82928	0.82929			6
2025.01.06	02:03:21.322	0.82925	0.82926			6
2025.01.06	02:03:30.514	0.82927	0.82929			6
2025.01.06	02:03:30.821	0.82928				2
2025.01.06	02:03:31.129	0.82927	0.82930			6
2025.01.06	02:03:32.746		0.82928			4
2025.01.06	02:03:36.997	0.82926	0.82927			6
2025.01.06	02:03:43.244	0.82927	0.82928			6
2025.01.06	02:03:44.412	0.82928	0.82929			6
2025.01.06	02:03:47.647	0.82927				2
2025.01.06	02:03:48.148	0.82928				2
2025.01.06	02:03:49.613		0.82930			4
2025.01.06	02:03:49.936	0.82927	0.82928			6
2025.01.06	02:04:01.025	0.82927				2
2025.01.06	02:04:04.872		0.82929			4
2025.01.06	02:04:05.684		0.82928			4
2025.01.06	02:04:08.592	0.82926	0.82927			6
2025.01.06	02:04:16.446	0.82924	0.82925			6
2025.01.06	02:04:16.750	0.82923	0.82924			6
2025.01.06	02:04:20.434	0.82922				2
2025.01.06	02:04:24.370		0.82925			4
2025.01.06	02:04:26.489		0.82924			4
2025.01.06	02:04:28.473		0.82923			4
2025.01.06	02:04:33.585	0.82921	0.82922			6
2025.01.06	02:04:39.969		0.82923			4
2025.01.06	02:04:40.284		0.82922			4
2025.01.06	02:04:40.757	0.82920	0.82921			6
2025.01.06	02:04:42.394		0.82922			4
2025.01.06	02:04:42.698		0.82921			4
2025.01.06	02:04:53.242	0.82922	0.82923			6
2025.01.06	02:04:53.601		0.82924			4
2025.01.06	02:04:53.906	0.82923				2
2025.01.06	02:04:54.250	0.82925	0.82926			6
2025.01.06	02:04:56.195	0.82924	0.82925			6
2025.01.06	02:05:00.402	0.82924				2
2025.01.06	02:05:00.767	0.82923	0.82924			6
2025.01.06	02:05:01.443	0.82922	0.82923			6
2025.01.06	02:05:01.765	0.82921	0.82922			6
2025.01.06	02:05:05.120	0.82920	0.82921			6
2025.01.06	02:05:05.423	0.82918	0.82919			6
2025.01.06	02:05:06.195	0.82917	0.82918			6
2025.01.06	02:05:10.671		0.82920			4
2025.01.06	02:05:13.653		0.82918			4
2025.01.06	02:05:18.331	0.82911	0.82912			6
2025.01.06	02:05:18.658		0.82913			4
2025.01.06	02:05:20.353		0.82912			4
2025.01.06	02:05:22.047	0.82912	0.82915			6
2025.01.06	02:05:22.366	0.82914				2
2025.01.06	02:05:23.095	0.82915	0.82916			6
2025.01.06	02:05:26.738	0.82914	0.82915			6
2025.01.06	02:05:28.173	0.82913	0.82914			6
2025.01.06	02:05:29.038	0.82912	0.82913			6
2025.01.06	02:05:31.381	0.82911	0.82912			6
2025.01.06	02:05:43.462	0.82909	0.82910			6
2025.01.06	02:05:43.801	0.82910	0.82911			6
2025.01.06	02:05:46.527	0.82909	0.82910			6
2025.01.06	02:05:49.130	0.82910	0.82911			6
2025.01.06	02:06:00.359	0.82910				2
2025.01.06	02:06:29.460	0.82906	0.82907			6
2025.01.06	02:06:31.464		0.82908			4
2025.01.06	02:06:33.533		0.82907			4
2025.01.06	02:06:35.672	0.82907	0.82908			6
2025.01.06	02:06:36.156	0.82906	0.82907			6
2025.01.06	02:06:36.715	0.82907	0.82908			6
2025.01.06	02:06:40.478	0.82905	0.82906			6
2025.01.06	02:06:42.902	0.82906	0.82907			6
2025.01.06	02:06:44.639	0.82905	0.82906			6
2025.01.06	02:06:46.701	0.82906	0.82907			6
2025.01.06	02:06:47.046	0.82905	0.82906			6
2025.01.06	02:07:01.734	0.82905				2
2025.01.06	02:07:13.403	0.82903	0.82904			6
2025.01.06	02:07:15.254	0.82900	0.82901			6
2025.01.06	02:07:18.187	0.82901	0.82902			6
2025.01.06	02:07:18.497	0.82903	0.82904			6
2025.01.06	02:07:20.353	0.82904	0.82905			6
2025.01.06	02:07:20.729	0.82903	0.82904			6
2025.01.06	02:07:21.617	0.82904	0.82905			6
2025.01.06	02:07:25.402	0.82903	0.82904			6
2025.01.06	02:07:28.398	0.82905	0.82906			6
2025.01.06	02:07:30.298	0.82904	0.82905			6
2025.01.06	02:07:37.164	0.82905	0.82906			6
2025.01.06	02:07:37.471	0.82908	0.82910			6
2025.01.06	02:07:37.781	0.82909				2
2025.01.06	02:07:45.697	0.82906	0.82907			6
2025.01.06	02:07:47.227		0.82908			4
2025.01.06	02:07:55.397		0.82907			4
2025.01.06	02:07:56.543		0.82908			4
2025.01.06	02:07:57.329		0.82907			4
2025.01.06	02:07:57.983	0.82905	0.82906			6
2025.01.06	02:08:01.328	0.82905				2
2025.01.06	02:08:08.312	0.82903	0.82904			6
2025.01.06	02:08:19.441	0.82904	0.82905			6
2025.01.06	02:08:21.214	0.82905	0.82906			6
2025.01.06	02:08:31.724		0.82907			4
2025.01.06	02:08:32.453		0.82906			4
2025.01.06	02:08:32.887		0.82908			4
2025.01.06	02:08:33.273		0.82906			4
2025.01.06	02:08:36.433	0.82906	0.82908			6
2025.01.06	02:08:36.905		0.82909			4
2025.01.06	02:08:37.400		0.82907			4
2025.01.06	02:08:44.952	0.82905	0.82906			6
2025.01.06	02:08:46.928	0.82906	0.82907			6
2025.01.06	02:08:47.439	0.82905				2
2025.01.06	02:08:47.804	0.82906				2
2025.01.06	02:08:52.416	0.82903	0.82904			6
2025.01.06	02:08:55.684	0.82901	0.82902			6
2025.01.06	02:08:57.174	0.82900	0.82901			6
2025.01.06	02:09:00.014	0.82900				2
2025.01.06	02:09:17.524	0.82895	0.82896			6
2025.01.06	02:09:32.889	0.82892	0.82893			6
2025.01.06	02:09:33.579	0.82891	0.82892			6
2025.01.06	02:09:33.883	0.82892	0.82893			6
2025.01.06	02:09:36.863	0.82893	0.82894			6
2025.01.06	02:09:44.675	0.82894	0.82895			6
2025.01.06	02:09:46.165	0.82895	0.82896			6
2025.01.06	02:10:00.331	0.82895				2
2025.01.06	02:10:15.377	0.82894	0.82895			6
2025.01.06	02:10:20.779	0.82896	0.82897			6
2025.01.06	02:10:28.750	0.82900	0.82901			6
2025.01.06	02:10:33.854	0.82899				2
