<DATE>	<TIME>	<BID>	<ASK>	<LAST>	<VOLUME>	<FLAGS>
2025.06.09	00:03:30.493	0.84135	0.84343			6
2025.06.09	00:03:36.161	0.84138				2
2025.06.09	00:04:20.406	0.84138				2
2025.06.09	00:04:31.163	0.84143	0.84343			6
2025.06.09	00:05:06.399	0.84143	0.84336			6
2025.06.09	00:05:26.164	0.84139				2
2025.06.09	00:06:01.801	0.84139				2
2025.06.09	00:06:06.905		0.84336			4
2025.06.09	00:06:21.165	0.84143				2
2025.06.09	00:07:09.156	0.84143	0.84336			6
2025.06.09	00:08:11.168	0.84143	0.84336			6
2025.06.09	00:08:18.629		0.84316			4
2025.06.09	00:08:28.831		0.84336			4
2025.06.09	00:08:52.165	0.84155	0.84325			6
2025.06.09	00:09:00.408	0.84155				2
2025.06.09	00:10:00.403	0.84204	0.84289			6
2025.06.09	00:10:03.677	0.84203	0.84288			6
2025.06.09	00:10:20.474	0.84202	0.84287			6
2025.06.09	00:10:23.174		0.84286			4
2025.06.09	00:10:54.943	0.84204	0.84287			6
2025.06.09	00:11:03.679	0.84204				2
2025.06.09	00:11:27.676	0.84194	0.84297			6
2025.06.09	00:11:28.681	0.84204	0.84287			6
2025.06.09	00:11:42.105	0.84184	0.84284			6
2025.06.09	00:11:43.576	0.84185	0.84283			6
2025.06.09	00:11:45.073	0.84186				2
2025.06.09	00:11:46.584	0.84188	0.84281			6
2025.06.09	00:11:48.561	0.84189	0.84280			6
2025.06.09	00:11:50.666	0.84200	0.84283			6
2025.06.09	00:12:00.673	0.84199				2
2025.06.09	00:12:08.975	0.84196	0.84286			6
2025.06.09	00:12:18.978	0.84199	0.84283			6
2025.06.09	00:12:21.458	0.84200	0.84282			6
2025.06.09	00:12:32.773		0.84281			4
2025.06.09	00:12:33.546	0.84199	0.84283			6
2025.06.09	00:12:34.040		0.84285			4
2025.06.09	00:12:43.151	0.84197	0.84286			6
2025.06.09	00:12:46.876	0.84199	0.84287			6
2025.06.09	00:12:48.673	0.84198				2
2025.06.09	00:13:00.673	0.84198				2
2025.06.09	00:13:02.176	0.84199				2
2025.06.09	00:13:09.973		0.84286			4
2025.06.09	00:13:52.872	0.84198	0.84285			6
2025.06.09	00:14:02.774	0.84198				2
2025.06.09	00:14:06.973	0.84199				2
2025.06.09	00:14:20.174		0.84284			4
2025.06.09	00:14:29.083	0.84188	0.84274			6
2025.06.09	00:14:29.473	0.84184	0.84272			6
2025.06.09	00:14:40.078	0.84185	0.84271			6
2025.06.09	00:14:44.050	0.84168				2
2025.06.09	00:14:49.582	0.84155	0.84270			6
2025.06.09	00:14:49.886	0.84156				2
2025.06.09	00:14:50.200	0.84155	0.84269			6
2025.06.09	00:14:55.279		0.84270			4
2025.06.09	00:15:00.203	0.84155	0.84271			6
2025.06.09	00:15:00.506		0.84269			4
2025.06.09	00:15:00.819		0.84270			4
2025.06.09	00:15:08.051	0.84161	0.84271			6
2025.06.09	00:15:11.063	0.84162	0.84270			6
2025.06.09	00:15:11.367		0.84271			4
2025.06.09	00:15:11.680		0.84270			4
2025.06.09	00:15:12.777	0.84161	0.84271			6
2025.06.09	00:15:25.694	0.84162	0.84270			6
2025.06.09	00:15:27.704	0.84161	0.84271			6
2025.06.09	00:15:28.703	0.84162	0.84270			6
2025.06.09	00:15:29.709	0.84161	0.84271			6
2025.06.09	00:15:31.715	0.84162	0.84270			6
2025.06.09	00:15:32.162	0.84155	0.84267			6
2025.06.09	00:15:32.479		0.84268			4
2025.06.09	00:15:32.787		0.84266			4
2025.06.09	00:15:33.401		0.84267			4
2025.06.09	00:15:33.718		0.84266			4
2025.06.09	00:15:34.038	0.84156				2
2025.06.09	00:15:34.347		0.84267			4
2025.06.09	00:15:34.660		0.84266			4
2025.06.09	00:15:34.961		0.84267			4
2025.06.09	00:15:35.581		0.84266			4
2025.06.09	00:15:35.898		0.84267			4
2025.06.09	00:15:36.501		0.84266			4
2025.06.09	00:15:36.807		0.84267			4
2025.06.09	00:15:37.422	0.84157	0.84266			6
2025.06.09	00:15:37.738	0.84156				2
2025.06.09	00:15:38.040	0.84157				2
2025.06.09	00:15:38.350	0.84156				2
2025.06.09	00:15:38.659		0.84267			4
2025.06.09	00:15:38.963	0.84157	0.84266			6
2025.06.09	00:15:39.267	0.84156	0.84267			6
2025.06.09	00:15:40.811		0.84266			4
2025.06.09	00:15:41.438	0.84157				2
2025.06.09	00:15:41.743	0.84156				2
2025.06.09	00:15:42.060		0.84267			4
2025.06.09	00:15:42.379	0.84157	0.84266			6
2025.06.09	00:15:42.686	0.84156	0.84267			6
2025.06.09	00:15:43.000	0.84157	0.84266			6
2025.06.09	00:15:43.301	0.84155	0.84268			6
2025.06.09	00:15:43.618	0.84156	0.84266			6
2025.06.09	00:15:43.931	0.84157	0.84268			6
2025.06.09	00:15:44.232	0.84156	0.84266			6
2025.06.09	00:15:44.848		0.84267			4
2025.06.09	00:15:45.461	0.84157	0.84266			6
2025.06.09	00:15:45.778	0.84156				2
2025.06.09	00:15:46.079	0.84157				2
2025.06.09	00:15:46.382	0.84156				2
2025.06.09	00:15:47.318		0.84267			4
2025.06.09	00:15:47.620		0.84266			4
2025.06.09	00:15:47.921		0.84267			4
2025.06.09	00:15:48.240		0.84266			4
2025.06.09	00:15:48.870	0.84157				2
2025.06.09	00:15:49.177	0.84156				2
2025.06.09	00:15:49.479	0.84157				2
2025.06.09	00:15:49.780	0.84156	0.84267			6
2025.06.09	00:15:50.099		0.84266			4
2025.06.09	00:15:50.401		0.84267			4
2025.06.09	00:15:50.704		0.84265			4
2025.06.09	00:15:51.019		0.84266			4
2025.06.09	00:15:51.325		0.84267			4
2025.06.09	00:15:51.637		0.84266			4
2025.06.09	00:15:51.943	0.84155	0.84267			6
2025.06.09	00:15:52.258	0.84156				2
2025.06.09	00:15:52.565		0.84266			4
2025.06.09	00:15:53.178		0.84267			4
2025.06.09	00:15:53.786		0.84266			4
2025.06.09	00:15:54.097	0.84157				2
2025.06.09	00:15:54.399	0.84155	0.84268			6
2025.06.09	00:15:54.701	0.84156	0.84266			6
2025.06.09	00:15:55.018		0.84267			4
2025.06.09	00:15:55.933	0.84155	0.84266			6
2025.06.09	00:16:00.404	0.84155				2
2025.06.09	00:16:00.804	0.84160	0.84270			6
2025.06.09	00:16:03.894		0.84271			4
2025.06.09	00:16:05.238	0.84161	0.84270			6
2025.06.09	00:16:06.471	0.84160	0.84271			6
2025.06.09	00:16:07.398	0.84161	0.84270			6
2025.06.09	00:16:08.595	0.84160	0.84271			6
2025.06.09	00:16:09.600	0.84161	0.84270			6
2025.06.09	00:16:52.013	0.84160				2
2025.06.09	00:16:52.357	0.84161				2
2025.06.09	00:16:56.659		0.84269			4
2025.06.09	00:16:56.966		0.84270			4
2025.06.09	00:16:58.203		0.84269			4
2025.06.09	00:16:58.513		0.84270			4
2025.06.09	00:16:58.818		0.84269			4
2025.06.09	00:16:59.139		0.84270			4
2025.06.09	00:17:00.059	0.84161	0.84269			6
2025.06.09	00:17:00.363		0.84270			4
2025.06.09	00:17:00.679		0.84269			4
2025.06.09	00:17:00.989		0.84270			4
2025.06.09	00:17:01.300		0.84269			4
2025.06.09	00:17:01.601		0.84270			4
2025.06.09	00:17:02.729		0.84269			4
2025.06.09	00:17:03.039		0.84270			4
2025.06.09	00:17:03.658	0.84174	0.84269			6
2025.06.09	00:17:03.970	0.84173				2
2025.06.09	00:17:04.272		0.84270			4
2025.06.09	00:17:07.470		0.84269			4
2025.06.09	00:17:08.476		0.84270			4
2025.06.09	00:17:10.486		0.84269			4
2025.06.09	00:17:12.799	0.84174	0.84268			6
2025.06.09	00:17:13.410	0.84172	0.84270			6
2025.06.09	00:17:14.485	0.84173	0.84269			6
2025.06.09	00:17:15.490	0.84172	0.84270			6
2025.06.09	00:17:16.491	0.84173	0.84269			6
2025.06.09	00:17:17.499	0.84172	0.84270			6
2025.06.09	00:17:18.496	0.84173	0.84269			6
2025.06.09	00:17:23.479	0.84174	0.84268			6
2025.06.09	00:17:24.099	0.84172	0.84270			6
2025.06.09	00:17:26.154	0.84173	0.84269			6
2025.06.09	00:17:27.157	0.84172	0.84270			6
2025.06.09	00:17:32.159	0.84173	0.84269			6
2025.06.09	00:17:33.160	0.84172	0.84270			6
2025.06.09	00:17:34.148	0.84174	0.84268			6
2025.06.09	00:17:34.759	0.84172	0.84270			6
2025.06.09	00:17:36.822	0.84173	0.84269			6
2025.06.09	00:17:37.827	0.84172	0.84270			6
2025.06.09	00:17:38.836	0.84173	0.84269			6
2025.06.09	00:17:39.841	0.84172	0.84270			6
2025.06.09	00:17:41.391	0.84173	0.84269			6
2025.06.09	00:17:42.760	0.84174				2
2025.06.09	00:17:43.060	0.84173				2
2025.06.09	00:17:43.586	0.84174				2
2025.06.09	00:17:43.886	0.84173				2
2025.06.09	00:17:44.587	0.84175	0.84267			6
2025.06.09	00:17:44.900	0.84177	0.84266			6
2025.06.09	00:17:45.206	0.84173	0.84269			6
2025.06.09	00:17:45.605	0.84174	0.84268			6
2025.06.09	00:17:46.219	0.84173	0.84269			6
2025.06.09	00:17:46.609	0.84174	0.84268			6
2025.06.09	00:17:46.919		0.84269			4
2025.06.09	00:17:47.232	0.84173				2
2025.06.09	00:17:47.770		0.84268			4
2025.06.09	00:17:48.072		0.84269			4
2025.06.09	00:17:48.797	0.84174	0.84268			6
2025.06.09	00:17:49.104	0.84173	0.84269			6
2025.06.09	00:17:52.118	0.84174	0.84268			6
2025.06.09	00:17:52.424	0.84173	0.84269			6
2025.06.09	00:17:52.738	0.84174	0.84268			6
2025.06.09	00:17:53.038	0.84173	0.84269			6
2025.06.09	00:17:53.798	0.84174	0.84268			6
2025.06.09	00:17:54.100	0.84173	0.84269			6
2025.06.09	00:17:54.802	0.84174	0.84268			6
2025.06.09	00:17:55.107	0.84173	0.84269			6
2025.06.09	00:17:55.457	0.84176	0.84266			6
2025.06.09	00:17:56.066	0.84174	0.84268			6
2025.06.09	00:17:56.379	0.84173				2
2025.06.09	00:17:56.683	0.84174				2
2025.06.09	00:17:56.998		0.84269			4
2025.06.09	00:17:57.321	0.84173				2
2025.06.09	00:17:58.666	0.84174	0.84268			6
2025.06.09	00:17:58.979	0.84173	0.84269			6
2025.06.09	00:17:59.655	0.84174				2
2025.06.09	00:17:59.959	0.84173				2
2025.06.09	00:18:00.298	0.84173				2
2025.06.09	00:18:00.657	0.84174				2
2025.06.09	00:18:00.958	0.84173				2
2025.06.09	00:18:01.685		0.84268			4
2025.06.09	00:18:02.003		0.84269			4
2025.06.09	00:18:04.198	0.84174				2
2025.06.09	00:18:04.519	0.84173				2
2025.06.09	00:18:06.129	0.84176	0.84267			6
2025.06.09	00:18:06.432	0.84177	0.84266			6
2025.06.09	00:18:06.739	0.84173	0.84269			6
2025.06.09	00:18:11.732	0.84174				2
2025.06.09	00:18:12.040	0.84173				2
2025.06.09	00:18:13.480	0.84174				2
2025.06.09	00:18:13.780	0.84173				2
2025.06.09	00:18:15.083	0.84174				2
2025.06.09	00:18:15.390	0.84173				2
2025.06.09	00:18:15.756	0.84174				2
2025.06.09	00:18:16.060	0.84173				2
2025.06.09	00:18:16.557	0.84175	0.84267			6
2025.06.09	00:18:17.474	0.84173	0.84269			6
2025.06.09	00:18:17.782	0.84174	0.84268			6
2025.06.09	00:18:18.087	0.84173	0.84269			6
2025.06.09	00:18:19.576	0.84174				2
2025.06.09	00:18:19.878	0.84173				2
2025.06.09	00:18:20.500	0.84174	0.84268			6
2025.06.09	00:18:20.801	0.84173	0.84269			6
2025.06.09	00:18:21.792	0.84174	0.84268			6
2025.06.09	00:18:22.100	0.84173	0.84269			6
2025.06.09	00:18:24.798	0.84174	0.84268			6
2025.06.09	00:18:25.100	0.84173	0.84269			6
2025.06.09	00:18:25.810	0.84174				2
2025.06.09	00:18:26.113	0.84173				2
2025.06.09	00:18:27.248	0.84175	0.84266			6
2025.06.09	00:18:27.559	0.84176	0.84267			6
2025.06.09	00:18:27.859	0.84173				2
2025.06.09	00:18:28.168		0.84269			4
2025.06.09	00:18:31.051	0.84174				2
2025.06.09	00:18:31.359		0.84268			4
2025.06.09	00:18:31.662	0.84173	0.84269			6
2025.06.09	00:18:34.059	0.84174				2
2025.06.09	00:18:34.363	0.84173				2
2025.06.09	00:18:35.380	0.84174				2
2025.06.09	00:18:35.680	0.84173				2
2025.06.09	00:18:36.079	0.84174	0.84268			6
2025.06.09	00:18:36.380	0.84173	0.84269			6
2025.06.09	00:18:37.095	0.84174				2
2025.06.09	00:18:37.399		0.84268			4
2025.06.09	00:18:37.711	0.84173	0.84269			6
2025.06.09	00:18:38.096	0.84176	0.84266			6
2025.06.09	00:18:38.399		0.84267			4
2025.06.09	00:18:38.712	0.84173	0.84269			6
2025.06.09	00:18:41.124	0.84174				2
2025.06.09	00:18:41.439		0.84268			4
2025.06.09	00:18:41.743	0.84173	0.84269			6
2025.06.09	00:18:44.123		0.84268			4
2025.06.09	00:18:44.430		0.84269			4
2025.06.09	00:18:46.150		0.84268			4
2025.06.09	00:18:46.458		0.84269			4
2025.06.09	00:18:47.153	0.84174	0.84268			6
2025.06.09	00:18:47.458	0.84173	0.84269			6
2025.06.09	00:18:48.155	0.84174	0.84268			6
2025.06.09	00:18:48.459	0.84173	0.84269			6
2025.06.09	00:18:48.781	0.84175	0.84267			6
2025.06.09	00:18:49.090	0.84176				2
2025.06.09	00:18:49.398	0.84173	0.84269			6
2025.06.09	00:18:49.704		0.84268			4
2025.06.09	00:18:50.010	0.84174				2
2025.06.09	00:18:50.319	0.84173	0.84269			6
2025.06.09	00:18:55.033	0.84174	0.84268			6
2025.06.09	00:18:55.339	0.84173	0.84269			6
2025.06.09	00:18:56.048		0.84268			4
2025.06.09	00:18:56.350		0.84269			4
2025.06.09	00:18:57.063		0.84268			4
2025.06.09	00:18:57.371	0.84174				2
2025.06.09	00:18:57.678	0.84173	0.84269			6
2025.06.09	00:18:58.377	0.84174	0.84268			6
2025.06.09	00:18:58.683	0.84173	0.84269			6
2025.06.09	00:18:59.258	0.84175	0.84267			6
2025.06.09	00:18:59.560	0.84176				2
2025.06.09	00:18:59.862	0.84175				2
2025.06.09	00:19:00.180	0.84173	0.84269			6
2025.06.09	00:19:01.289	0.84174				2
2025.06.09	00:19:01.903	0.84173				2
2025.06.09	00:19:02.296	0.84174				2
2025.06.09	00:19:02.599		0.84268			4
2025.06.09	00:19:02.905	0.84173	0.84269			6
2025.06.09	00:19:03.594	0.84174	0.84268			6
2025.06.09	00:19:03.898		0.84269			4
2025.06.09	00:19:04.219		0.84268			4
2025.06.09	00:19:04.839	0.84173				2
2025.06.09	00:19:05.142		0.84269			4
2025.06.09	00:19:06.096	0.84174	0.84268			6
2025.06.09	00:19:06.399	0.84173	0.84269			6
2025.06.09	00:19:07.122	0.84174				2
2025.06.09	00:19:07.438		0.84268			4
2025.06.09	00:19:07.740	0.84173	0.84269			6
2025.06.09	00:19:08.123	0.84174	0.84268			6
2025.06.09	00:19:08.427	0.84173	0.84269			6
2025.06.09	00:19:09.125	0.84174				2
2025.06.09	00:19:09.432	0.84173				2
2025.06.09	00:19:09.940	0.84176	0.84267			6
2025.06.09	00:19:10.243	0.84175				2
2025.06.09	00:19:10.559	0.84174	0.84269			6
2025.06.09	00:19:10.879		0.84268			4
2025.06.09	00:19:11.185	0.84173	0.84269			6
2025.06.09	00:19:11.498	0.84174	0.84268			6
2025.06.09	00:19:11.799	0.84173	0.84269			6
2025.06.09	00:19:12.155	0.84174	0.84268			6
2025.06.09	00:19:12.459	0.84173	0.84269			6
2025.06.09	00:19:13.147		0.84268			4
2025.06.09	00:19:13.458		0.84269			4
2025.06.09	00:19:15.157	0.84174				2
2025.06.09	00:19:15.460	0.84173				2
2025.06.09	00:19:16.177	0.84174				2
2025.06.09	00:19:16.478	0.84173				2
2025.06.09	00:19:17.182	0.84174	0.84268			6
2025.06.09	00:19:17.486	0.84173	0.84269			6
2025.06.09	00:19:18.172	0.84174	0.84268			6
2025.06.09	00:19:18.478	0.84173	0.84269			6
2025.06.09	00:19:19.198	0.84174	0.84268			6
2025.06.09	00:19:19.498	0.84173	0.84269			6
2025.06.09	00:19:20.199	0.84174	0.84268			6
2025.06.09	00:19:20.503	0.84173	0.84269			6
2025.06.09	00:19:20.854	0.84175	0.84267			6
2025.06.09	00:19:21.160	0.84176				2
2025.06.09	00:19:21.463	0.84173	0.84269			6
2025.06.09	00:19:22.221		0.84268			4
2025.06.09	00:19:22.528		0.84269			4
2025.06.09	00:19:23.223		0.84268			4
2025.06.09	00:19:23.532		0.84269			4
2025.06.09	00:19:25.019		0.84268			4
2025.06.09	00:19:25.332		0.84269			4
2025.06.09	00:19:25.696	0.84174	0.84268			6
2025.06.09	00:19:26.000	0.84173	0.84269			6
2025.06.09	00:19:26.714	0.84174				2
2025.06.09	00:19:27.021	0.84173				2
2025.06.09	00:19:28.732	0.84174	0.84268			6
2025.06.09	00:19:29.039	0.84173	0.84269			6
2025.06.09	00:19:29.740	0.84174				2
2025.06.09	00:19:30.041	0.84173				2
2025.06.09	00:19:30.734	0.84174				2
2025.06.09	00:19:31.040	0.84173				2
2025.06.09	00:19:31.346	0.84175	0.84267			6
2025.06.09	00:19:31.961	0.84174	0.84268			6
2025.06.09	00:19:32.265	0.84173	0.84269			6
2025.06.09	00:19:32.754	0.84174				2
2025.06.09	00:19:33.059		0.84268			4
2025.06.09	00:19:33.359	0.84173	0.84269			6
2025.06.09	00:19:35.474	0.84174	0.84268			6
2025.06.09	00:19:35.779	0.84173	0.84269			6
2025.06.09	00:19:36.490		0.84268			4
2025.06.09	00:19:36.799		0.84269			4
2025.06.09	00:19:37.408	0.84174	0.84268			6
2025.06.09	00:19:37.720	0.84173	0.84269			6
2025.06.09	00:19:39.303	0.84174	0.84268			6
2025.06.09	00:19:39.618	0.84173	0.84269			6
2025.06.09	00:19:42.181	0.84175	0.84267			6
2025.06.09	00:19:42.785	0.84173	0.84269			6
2025.06.09	00:19:43.524	0.84174				2
2025.06.09	00:19:43.826	0.84173				2
2025.06.09	00:19:45.196	0.84174	0.84268			6
2025.06.09	00:19:45.545	0.84173				2
2025.06.09	00:19:45.859	0.84174				2
2025.06.09	00:19:47.563	0.84173	0.84269			6
2025.06.09	00:19:47.865	0.84174	0.84268			6
2025.06.09	00:19:52.659	0.84176				2
2025.06.09	00:19:52.961	0.84174	0.84266			6
2025.06.09	00:19:53.262		0.84268			4
2025.06.09	00:19:53.983	0.84173	0.84269			6
2025.06.09	00:19:56.002	0.84174	0.84268			6
2025.06.09	00:20:00.100	0.84174				2
2025.06.09	00:20:01.859	0.84173	0.84269			6
2025.06.09	00:20:02.761	0.84174	0.84268			6
2025.06.09	00:20:03.150	0.84173	0.84269			6
2025.06.09	00:20:03.534	0.84176	0.84266			6
2025.06.09	00:20:03.838		0.84268			4
2025.06.09	00:20:04.161	0.84174				2
2025.06.09	00:20:05.202	0.84173	0.84269			6
2025.06.09	00:20:05.931	0.84174	0.84268			6
2025.06.09	00:20:07.977	0.84173				2
2025.06.09	00:20:08.278	0.84174				2
2025.06.09	00:20:10.027	0.84173	0.84269			6
2025.06.09	00:20:11.392	0.84174	0.84268			6
2025.06.09	00:20:12.064	0.84175	0.84267			6
2025.06.09	00:20:14.106	0.84177	0.84265			6
2025.06.09	00:20:14.884	0.84174	0.84268			6
2025.06.09	00:20:16.144	0.84175	0.84267			6
2025.06.09	00:20:21.250	0.84174				2
2025.06.09	00:20:21.552		0.84268			4
2025.06.09	00:20:22.278	0.84175	0.84267			6
2025.06.09	00:20:24.889	0.84177	0.84265			6
2025.06.09	00:20:25.344	0.84175	0.84267			6
2025.06.09	00:20:26.349	0.84174	0.84268			6
2025.06.09	00:20:27.368	0.84175	0.84267			6
2025.06.09	00:20:28.384	0.84174	0.84268			6
2025.06.09	00:20:29.413	0.84175	0.84267			6
2025.06.09	00:20:30.423	0.84174	0.84268			6
2025.06.09	00:20:31.555	0.84175	0.84267			6
2025.06.09	00:20:35.530	0.84177	0.84265			6
2025.06.09	00:20:35.919	0.84175	0.84267			6
2025.06.09	00:20:37.571	0.84174	0.84268			6
2025.06.09	00:20:38.596	0.84175	0.84267			6
2025.06.09	00:20:43.699	0.84174	0.84268			6
2025.06.09	00:20:44.713	0.84175	0.84267			6
2025.06.09	00:20:45.639		0.84268			4
2025.06.09	00:20:45.940	0.84177	0.84265			6
2025.06.09	00:20:46.870	0.84175	0.84268			6
2025.06.09	00:20:47.179		0.84267			4
2025.06.09	00:20:48.803		0.84268			4
2025.06.09	00:20:55.841	0.84174				2
2025.06.09	00:20:56.846	0.84177	0.84265			6
2025.06.09	00:20:57.325	0.84175	0.84267			6
2025.06.09	00:20:58.571		0.84268			4
2025.06.09	00:21:04.606	0.84175	0.84267			6
2025.06.09	00:21:05.618		0.84268			4
2025.06.09	00:21:06.623	0.84174				2
2025.06.09	00:21:07.563	0.84177	0.84265			6
2025.06.09	00:21:08.230	0.84175	0.84267			6
2025.06.09	00:21:09.757	0.84174	0.84268			6
2025.06.09	00:21:18.236	0.84176	0.84266			6
2025.06.09	00:21:18.898	0.84174	0.84268			6
2025.06.09	00:21:24.383	0.84173	0.84269			6
2025.06.09	00:21:25.000	0.84174				2
2025.06.09	00:21:25.621	0.84173				2
2025.06.09	00:21:25.926		0.84268			4
2025.06.09	00:21:26.532		0.84269			4
2025.06.09	00:21:27.747	0.84174				2
2025.06.09	00:21:28.058	0.84173				2
2025.06.09	00:21:28.360	0.84174				2
2025.06.09	00:21:28.678	0.84175	0.84267			6
2025.06.09	00:21:29.597	0.84174	0.84269			6
2025.06.09	00:21:29.903	0.84173				2
2025.06.09	00:21:30.520	0.84174				2
2025.06.09	00:21:30.829	0.84173				2
2025.06.09	00:21:32.361	0.84174				2
2025.06.09	00:21:32.670	0.84173				2
2025.06.09	00:21:34.203	0.84174				2
2025.06.09	00:21:34.515	0.84173				2
2025.06.09	00:21:34.827	0.84174				2
2025.06.09	00:21:35.138	0.84173				2
2025.06.09	00:21:35.749	0.84174				2
2025.06.09	00:21:36.062	0.84173				2
2025.06.09	00:21:36.384	0.84174				2
2025.06.09	00:21:36.686	0.84173				2
2025.06.09	00:21:39.458	0.84175				2
2025.06.09	00:21:39.760	0.84176	0.84267			6
2025.06.09	00:21:40.063		0.84266			4
2025.06.09	00:21:40.368	0.84173	0.84269			6
2025.06.09	00:21:50.560	0.84176	0.84266			6
2025.06.09	00:21:50.866	0.84175	0.84267			6
2025.06.09	00:21:51.179	0.84173	0.84269			6
2025.06.09	00:22:00.147	0.84173				2
2025.06.09	00:22:01.386	0.84175	0.84266			6
2025.06.09	00:22:01.703	0.84176				2
2025.06.09	00:22:02.018	0.84173	0.84269			6
2025.06.09	00:22:12.198	0.84175	0.84267			6
2025.06.09	00:22:12.508	0.84176				2
2025.06.09	00:22:12.818	0.84173	0.84269			6
2025.06.09	00:22:15.313	0.84172				2
2025.06.09	00:22:23.019	0.84175	0.84266			6
2025.06.09	00:22:23.639	0.84174	0.84267			6
2025.06.09	00:22:23.955	0.84172	0.84269			6
2025.06.09	00:22:33.769	0.84175	0.84266			6
2025.06.09	00:22:34.078		0.84267			4
2025.06.09	00:22:34.683	0.84173	0.84269			6
2025.06.09	00:22:42.403	0.84175	0.84267			6
2025.06.09	00:22:44.358	0.84174	0.84268			6
2025.06.09	00:22:44.785	0.84177	0.84265			6
2025.06.09	00:22:45.410	0.84175	0.84268			6
2025.06.09	00:22:47.894	0.84174				2
2025.06.09	00:22:49.838	0.84175				2
2025.06.09	00:22:50.459		0.84267			4
2025.06.09	00:22:53.147		0.84268			4
2025.06.09	00:22:53.920		0.84267			4
2025.06.09	00:22:55.200	0.84177	0.84265			6
2025.06.09	00:22:56.118	0.84175	0.84268			6
2025.06.09	00:22:57.125		0.84267			4
2025.06.09	00:22:58.141	0.84174	0.84268			6
2025.06.09	00:23:00.008	0.84175	0.84267			6
2025.06.09	00:23:01.764		0.84268			4
2025.06.09	00:23:03.896		0.84267			4
2025.06.09	00:23:05.896	0.84177	0.84265			6
2025.06.09	00:23:06.783	0.84175	0.84267			6
2025.06.09	00:23:07.707		0.84268			4
2025.06.09	00:23:10.790	0.84174				2
2025.06.09	00:23:16.671	0.84177	0.84265			6
2025.06.09	00:23:17.497	0.84174	0.84268			6
2025.06.09	00:23:27.625	0.84176	0.84266			6
2025.06.09	00:23:28.458	0.84174	0.84268			6
2025.06.09	00:23:38.466	0.84176	0.84266			6
2025.06.09	00:23:39.300	0.84174	0.84268			6
2025.06.09	00:23:49.239	0.84177	0.84266			6
2025.06.09	00:23:50.145	0.84174	0.84268			6
2025.06.09	00:24:00.007	0.84177	0.84265			6
2025.06.09	00:24:00.925	0.84174	0.84268			6
2025.06.09	00:24:10.798	0.84177	0.84266			6
2025.06.09	00:24:11.598	0.84174	0.84268			6
2025.06.09	00:24:21.458	0.84176	0.84265			6
2025.06.09	00:24:21.763		0.84266			4
2025.06.09	00:24:22.378	0.84174	0.84268			6
2025.06.09	00:24:32.262	0.84176	0.84267			6
2025.06.09	00:24:32.578	0.84177	0.84265			6
2025.06.09	00:24:32.885	0.84176				2
2025.06.09	00:24:33.199	0.84174	0.84268			6
2025.06.09	00:24:43.283	0.84176	0.84267			6
2025.06.09	00:24:43.587		0.84266			4
2025.06.09	00:24:43.900	0.84173	0.84269			6
2025.06.09	00:24:46.149	0.84174	0.84268			6
2025.06.09	00:24:47.162	0.84173	0.84269			6
2025.06.09	00:24:48.173	0.84174	0.84268			6
2025.06.09	00:24:49.179	0.84173	0.84269			6
2025.06.09	00:24:49.557	0.84174	0.84268			6
2025.06.09	00:24:50.578	0.84173	0.84269			6
2025.06.09	00:24:53.598	0.84174	0.84268			6
2025.06.09	00:24:54.129	0.84176	0.84266			6
2025.06.09	00:24:54.433	0.84175	0.84267			6
2025.06.09	00:24:54.740	0.84174	0.84268			6
2025.06.09	00:24:55.979	0.84173	0.84269			6
2025.06.09	00:24:56.986	0.84174	0.84268			6
2025.06.09	00:24:58.995	0.84173	0.84269			6
2025.06.09	00:25:00.405	0.84173				2
2025.06.09	00:25:03.010	0.84174	0.84268			6
2025.06.09	00:25:04.024	0.84173	0.84269			6
2025.06.09	00:25:04.972	0.84175	0.84267			6
2025.06.09	00:25:05.278	0.84176	0.84266			6
2025.06.09	00:25:05.881	0.84174	0.84268			6
2025.06.09	00:25:07.926	0.84173	0.84269			6
2025.06.09	00:25:13.959	0.84174	0.84268			6
2025.06.09	00:25:15.925	0.84176	0.84267			6
2025.06.09	00:25:16.226		0.84266			4
2025.06.09	00:25:16.530	0.84173	0.84269			6
2025.06.09	00:25:17.763	0.84174	0.84268			6
2025.06.09	00:25:19.773	0.84173	0.84269			6
2025.06.09	00:25:20.784	0.84174	0.84268			6
2025.06.09	00:25:21.791	0.84173	0.84269			6
2025.06.09	00:25:26.763	0.84175	0.84267			6
2025.06.09	00:25:27.078		0.84266			4
2025.06.09	00:25:27.383	0.84174	0.84268			6
2025.06.09	00:25:28.607		0.84269			4
2025.06.09	00:25:29.615		0.84268			4
2025.06.09	00:25:37.611	0.84176	0.84266			6
2025.06.09	00:25:38.223	0.84173	0.84269			6
2025.06.09	00:25:39.469	0.84174	0.84268			6
2025.06.09	00:25:42.655	0.84173	0.84269			6
2025.06.09	00:25:48.198	0.84175	0.84267			6
2025.06.09	00:25:48.818	0.84176	0.84266			6
2025.06.09	00:25:49.122	0.84173	0.84269			6
2025.06.09	00:25:51.290	0.84180	0.84271			6
2025.06.09	00:25:51.599	0.84181				2
2025.06.09	00:25:51.913	0.84180				2
2025.06.09	00:25:52.222	0.84181				2
2025.06.09	00:25:52.839	0.84179				2
2025.06.09	00:25:53.143	0.84181				2
2025.06.09	00:25:53.451	0.84179				2
2025.06.09	00:25:53.761	0.84181				2
2025.06.09	00:25:54.080	0.84179				2
2025.06.09	00:25:55.001	0.84180				2
2025.06.09	00:25:55.304	0.84181				2
2025.06.09	00:25:55.618	0.84179				2
2025.06.09	00:25:56.223	0.84180				2
2025.06.09	00:25:56.541	0.84179				2
2025.06.09	00:25:57.159	0.84181				2
2025.06.09	00:25:57.462	0.84182				2
2025.06.09	00:25:58.388	0.84181				2
2025.06.09	00:25:59.309	0.84182				2
2025.06.09	00:25:59.618	0.84181				2
2025.06.09	00:25:59.922	0.84182				2
2025.06.09	00:26:00.222	0.84176	0.84270			6
2025.06.09	00:26:07.540	0.84177				2
2025.06.09	00:26:08.551	0.84176				2
2025.06.09	00:26:09.555	0.84177				2
2025.06.09	00:26:10.145		0.84269			4
2025.06.09	00:26:10.447	0.84176	0.84270			6
2025.06.09	00:26:11.987	0.84177				2
2025.06.09	00:26:13.992	0.84176				2
2025.06.09	00:26:31.823	0.84177				2
2025.06.09	00:26:32.426	0.84176				2
2025.06.09	00:26:33.666	0.84177				2
2025.06.09	00:26:35.672	0.84176				2
2025.06.09	00:26:38.698	0.84177				2
2025.06.09	00:26:40.703	0.84176				2
2025.06.09	00:26:42.667	0.84177	0.84269			6
2025.06.09	00:26:43.279	0.84176	0.84270			6
2025.06.09	00:26:50.355	0.84177				2
2025.06.09	00:26:53.351		0.84269			4
2025.06.09	00:26:55.032	0.84176	0.84270			6
2025.06.09	00:26:56.043	0.84177				2
2025.06.09	00:26:57.046	0.84176				2
2025.06.09	00:27:00.467	0.84176				2
2025.06.09	00:27:01.472		0.84269			4
2025.06.09	00:27:02.083		0.84270			4
2025.06.09	00:27:02.704		0.84269			4
2025.06.09	00:27:03.010		0.84270			4
2025.06.09	00:27:03.319		0.84269			4
2025.06.09	00:27:03.629		0.84270			4
2025.06.09	00:27:03.938	0.84175				2
2025.06.09	00:27:04.241	0.84176	0.84269			6
2025.06.09	00:27:04.544		0.84270			4
2025.06.09	00:27:05.780		0.84269			4
2025.06.09	00:27:06.386		0.84270			4
2025.06.09	00:27:07.938		0.84269			4
2025.06.09	00:27:08.238		0.84270			4
2025.06.09	00:27:08.845		0.84269			4
2025.06.09	00:27:09.147		0.84270			4
2025.06.09	00:27:09.760		0.84269			4
2025.06.09	00:27:10.380		0.84270			4
2025.06.09	00:27:10.756		0.84269			4
2025.06.09	00:27:11.059		0.84270			4
2025.06.09	00:27:11.679		0.84269			4
2025.06.09	00:27:11.980		0.84270			4
2025.06.09	00:27:12.281		0.84269			4
2025.06.09	00:27:12.911		0.84270			4
2025.06.09	00:27:13.844		0.84269			4
2025.06.09	00:27:14.158		0.84270			4
2025.06.09	00:27:14.471	0.84177	0.84269			6
2025.06.09	00:27:14.783	0.84176	0.84270			6
2025.06.09	00:27:15.098		0.84269			4
2025.06.09	00:27:15.403		0.84270			4
2025.06.09	00:27:16.640		0.84269			4
2025.06.09	00:27:16.946		0.84270			4
2025.06.09	00:27:18.792		0.84269			4
2025.06.09	00:27:19.098		0.84270			4
2025.06.09	00:27:19.718		0.84269			4
2025.06.09	00:27:20.020		0.84270			4
2025.06.09	00:27:20.343		0.84269			4
2025.06.09	00:27:20.660		0.84270			4
2025.06.09	00:27:21.279		0.84269			4
2025.06.09	00:27:21.898		0.84270			4
2025.06.09	00:27:22.804		0.84269			4
2025.06.09	00:27:23.119		0.84270			4
2025.06.09	00:27:23.428		0.84269			4
2025.06.09	00:27:23.739		0.84270			4
2025.06.09	00:27:24.358		0.84269			4
2025.06.09	00:27:24.986		0.84270			4
2025.06.09	00:27:25.301	0.84177	0.84269			6
2025.06.09	00:27:25.604	0.84176	0.84270			6
2025.06.09	00:27:26.539		0.84269			4
2025.06.09	00:27:26.847		0.84270			4
2025.06.09	00:27:28.381		0.84269			4
2025.06.09	00:27:28.998		0.84270			4
2025.06.09	00:27:29.920		0.84269			4
2025.06.09	00:27:30.538		0.84270			4
2025.06.09	00:27:31.160		0.84269			4
2025.06.09	00:27:31.467		0.84270			4
2025.06.09	00:27:32.084		0.84269			4
2025.06.09	00:27:33.026		0.84270			4
2025.06.09	00:27:33.380		0.84269			4
2025.06.09	00:27:34.000		0.84270			4
2025.06.09	00:27:34.624		0.84269			4
2025.06.09	00:27:34.932		0.84270			4
2025.06.09	00:27:35.238		0.84269			4
2025.06.09	00:27:35.560		0.84270			4
2025.06.09	00:27:36.218	0.84177	0.84269			6
2025.06.09	00:27:36.520	0.84176	0.84270			6
2025.06.09	00:27:41.641		0.84269			4
2025.06.09	00:27:41.950		0.84270			4
2025.06.09	00:27:42.879		0.84269			4
2025.06.09	00:27:43.184		0.84270			4
2025.06.09	00:27:43.803		0.84269			4
2025.06.09	00:27:44.418		0.84270			4
2025.06.09	00:27:44.726		0.84269			4
2025.06.09	00:27:45.038		0.84270			4
2025.06.09	00:27:45.340		0.84269			4
2025.06.09	00:27:45.643		0.84270			4
2025.06.09	00:27:45.959		0.84269			4
2025.06.09	00:27:46.273		0.84270			4
2025.06.09	00:27:46.578	0.84175				2
2025.06.09	00:27:46.879		0.84269			4
2025.06.09	00:27:47.185	0.84176	0.84270			6
2025.06.09	00:27:47.486		0.84269			4
2025.06.09	00:27:47.800		0.84270			4
2025.06.09	00:27:49.340		0.84269			4
2025.06.09	00:27:49.960		0.84270			4
2025.06.09	00:27:50.580		0.84269			4
2025.06.09	00:27:50.895		0.84270			4
2025.06.09	00:27:52.424		0.84269			4
2025.06.09	00:27:52.739		0.84270			4
2025.06.09	00:27:53.368		0.84269			4
2025.06.09	00:27:53.984		0.84270			4
2025.06.09	00:27:54.298		0.84269			4
2025.06.09	00:27:54.599		0.84270			4
2025.06.09	00:27:54.911	0.84158	0.84265			6
2025.06.09	00:27:56.029	0.84157	0.84264			6
2025.06.09	00:27:56.340		0.84265			4
2025.06.09	00:27:56.959	0.84156	0.84264			6
2025.06.09	00:27:57.266	0.84157				2
2025.06.09	00:27:57.580		0.84265			4
2025.06.09	00:27:57.881	0.84156	0.84264			6
2025.06.09	00:27:58.818	0.84157				2
2025.06.09	00:27:59.127	0.84156	0.84265			6
2025.06.09	00:28:00.003	0.84156	0.84264			6
2025.06.09	00:28:00.313		0.84265			4
2025.06.09	00:28:00.641	0.84157				2
2025.06.09	00:28:00.944	0.84156				2
2025.06.09	00:28:01.869	0.84157				2
2025.06.09	00:28:02.478	0.84156				2
2025.06.09	00:28:02.873	0.84157	0.84264			6
2025.06.09	00:28:03.178	0.84156	0.84265			6
2025.06.09	00:28:03.665		0.84264			4
2025.06.09	00:28:03.978	0.84157				2
2025.06.09	00:28:04.287	0.84156	0.84265			6
2025.06.09	00:28:04.673	0.84157	0.84264			6
2025.06.09	00:28:04.978		0.84265			4
2025.06.09	00:28:05.295	0.84156				2
2025.06.09	00:28:05.671	0.84157	0.84264			6
2025.06.09	00:28:05.980	0.84156				2
2025.06.09	00:28:06.282	0.84157	0.84265			6
2025.06.09	00:28:06.900	0.84156	0.84264			6
2025.06.09	00:28:07.211	0.84157				2
2025.06.09	00:28:07.525	0.84156	0.84265			6
2025.06.09	00:28:07.898	0.84157	0.84264			6
2025.06.09	00:28:08.504	0.84156				2
2025.06.09	00:28:09.196	0.84157				2
2025.06.09	00:28:09.499	0.84156				2
2025.06.09	00:28:10.576	0.84157				2
2025.06.09	00:28:10.881	0.84156				2
2025.06.09	00:28:13.936	0.84157				2
2025.06.09	00:28:14.547	0.84156				2
2025.06.09	00:28:14.859	0.84157				2
2025.06.09	00:28:15.160	0.84156				2
2025.06.09	00:28:15.839	0.84161	0.84265			6
2025.06.09	00:28:16.759	0.84160				2
2025.06.09	00:28:17.066	0.84161				2
2025.06.09	00:28:17.381	0.84160				2
2025.06.09	00:28:18.318	0.84161				2
2025.06.09	00:28:22.031		0.84270			4
2025.06.09	00:28:23.864		0.84269			4
2025.06.09	00:28:24.480		0.84270			4
2025.06.09	00:28:25.103		0.84269			4
2025.06.09	00:28:25.406		0.84270			4
2025.06.09	00:28:25.708		0.84269			4
2025.06.09	00:28:26.320		0.84270			4
2025.06.09	00:28:26.938		0.84269			4
2025.06.09	00:28:27.253		0.84270			4
2025.06.09	00:28:28.180		0.84269			4
2025.06.09	00:28:28.482		0.84270			4
2025.06.09	00:28:29.421	0.84162	0.84269			6
2025.06.09	00:28:29.728		0.84268			4
2025.06.09	00:28:30.040	0.84161	0.84270			6
2025.06.09	00:28:30.959		0.84269			4
2025.06.09	00:28:31.275		0.84270			4
2025.06.09	00:28:31.879	0.84163	0.84268			6
2025.06.09	00:28:37.009		0.84267			4
2025.06.09	00:28:40.090	0.84164				2
2025.06.09	00:28:40.700	0.84163				2
2025.06.09	00:28:41.020	0.84164				2
2025.06.09	00:28:41.320	0.84163	0.84268			6
2025.06.09	00:28:42.650		0.84267			4
2025.06.09	00:28:50.681	0.84164				2
2025.06.09	00:28:51.298	0.84163				2
2025.06.09	00:29:00.405	0.84163				2
2025.06.09	00:29:01.420	0.84164				2
2025.06.09	00:29:02.059	0.84163				2
2025.06.09	00:29:12.091	0.84164				2
2025.06.09	00:29:12.700	0.84163				2
2025.06.09	00:29:22.762	0.84164				2
2025.06.09	00:29:23.065		0.84266			4
2025.06.09	00:29:23.367	0.84163	0.84267			6
2025.06.09	00:29:33.430	0.84164				2
2025.06.09	00:29:34.039	0.84163				2
2025.06.09	00:29:42.677	0.84164				2
2025.06.09	00:29:44.087		0.84266			4
2025.06.09	00:29:44.401		0.84267			4
2025.06.09	00:29:45.844	0.84163				2
2025.06.09	00:29:54.748	0.84164				2
2025.06.09	00:29:55.363	0.84163				2
2025.06.09	00:29:59.438		0.84268			4
2025.06.09	00:30:00.381	0.84166	0.84265			6
2025.06.09	00:30:01.019	0.84165				2
2025.06.09	00:30:01.320	0.84166				2
2025.06.09	00:30:02.233		0.84264			4
2025.06.09	00:30:05.299	0.84167	0.84263			6
2025.06.09	00:30:05.610		0.84264			4
2025.06.09	00:30:06.219		0.84263			4
2025.06.09	00:30:06.520		0.84264			4
2025.06.09	00:30:07.138		0.84263			4
2025.06.09	00:30:07.990	0.84166	0.84264			6
2025.06.09	00:30:08.938	0.84167				2
2025.06.09	00:30:09.544		0.84263			4
2025.06.09	00:30:10.810		0.84264			4
2025.06.09	00:30:11.764		0.84263			4
2025.06.09	00:30:22.078	0.84168				2
2025.06.09	00:30:29.185	0.84167				2
2025.06.09	00:30:29.522	0.84168				2
2025.06.09	00:30:29.936	0.84167				2
2025.06.09	00:30:30.275	0.84168				2
2025.06.09	00:30:30.639	0.84167				2
2025.06.09	00:30:30.993	0.84168				2
2025.06.09	00:30:31.417	0.84167				2
2025.06.09	00:30:31.775	0.84168				2
2025.06.09	00:30:32.151	0.84167				2
2025.06.09	00:30:32.518	0.84168				2
2025.06.09	00:30:32.912	0.84167				2
2025.06.09	00:30:33.355	0.84168				2
2025.06.09	00:30:33.696	0.84167				2
2025.06.09	00:30:34.150	0.84168				2
2025.06.09	00:30:34.560	0.84167				2
2025.06.09	00:30:34.960	0.84168				2
2025.06.09	00:30:35.463	0.84167				2
2025.06.09	00:30:35.819	0.84168				2
2025.06.09	00:30:36.339	0.84167				2
2025.06.09	00:30:36.697	0.84168				2
2025.06.09	00:30:37.238	0.84167				2
2025.06.09	00:30:37.609	0.84168				2
2025.06.09	00:30:38.153	0.84160	0.84258			6
2025.06.09	00:30:39.500		0.84257			4
2025.06.09	00:30:50.669	0.84168	0.84262			6
2025.06.09	00:30:57.973	0.84169				2
2025.06.09	00:31:01.138	0.84167	0.84263			6
2025.06.09	00:31:01.573	0.84168				2
2025.06.09	00:31:06.078		0.84264			4
2025.06.09	00:31:07.111	0.84180	0.84263			6
2025.06.09	00:31:07.621	0.84178	0.84264			6
2025.06.09	00:31:08.162	0.84177	0.84265			6
2025.06.09	00:31:09.073	0.84176				2
2025.06.09	00:31:10.136	0.84177				2
2025.06.09	00:31:11.633	0.84176				2
2025.06.09	00:31:12.675	0.84178	0.84264			6
2025.06.09	00:31:17.184	0.84179	0.84263			6
2025.06.09	00:31:19.658	0.84176	0.84266			6
2025.06.09	00:31:23.267	0.84177				2
2025.06.09	00:31:24.373		0.84265			4
2025.06.09	00:31:40.426	0.84179	0.84263			6
2025.06.09	00:31:41.041		0.84262			4
2025.06.09	00:31:41.351	0.84180	0.84263			6
2025.06.09	00:31:42.267		0.84262			4
2025.06.09	00:31:42.882	0.84179	0.84263			6
2025.06.09	00:31:43.200	0.84180				2
2025.06.09	00:31:43.515	0.84179				2
2025.06.09	00:31:44.740		0.84264			4
2025.06.09	00:31:45.043		0.84263			4
2025.06.09	00:31:46.572	0.84180				2
2025.06.09	00:31:46.879	0.84179				2
2025.06.09	00:31:51.201	0.84180				2
2025.06.09	00:31:51.509	0.84179				2
2025.06.09	00:31:57.978	0.84180				2
2025.06.09	00:31:58.279	0.84179				2
2025.06.09	00:31:58.600	0.84180				2
2025.06.09	00:31:58.901	0.84179				2
2025.06.09	00:32:00.147	0.84179				2
2025.06.09	00:32:04.770	0.84178	0.84264			6
2025.06.09	00:32:05.999		0.84265			4
2025.06.09	00:32:06.610		0.84264			4
2025.06.09	00:32:06.918		0.84265			4
2025.06.09	00:32:07.539	0.84177				2
2025.06.09	00:32:09.070		0.84266			4
2025.06.09	00:32:09.699		0.84265			4
2025.06.09	00:32:10.948	0.84176	0.84266			6
2025.06.09	00:32:11.764	0.84177	0.84265			6
2025.06.09	00:32:12.821	0.84178				2
2025.06.09	00:32:13.121	0.84177				2
2025.06.09	00:32:14.961		0.84266			4
2025.06.09	00:32:15.266	0.84160	0.84273			6
2025.06.09	00:32:15.570	0.84156				2
2025.06.09	00:32:15.880	0.84155				2
2025.06.09	00:32:40.679		0.84274			4
2025.06.09	00:33:00.218	0.84156				2
2025.06.09	00:33:31.701	0.84154				2
2025.06.09	00:33:32.466	0.84155				2
2025.06.09	00:33:35.677		0.84271			4
2025.06.09	00:33:37.417	0.84154				2
2025.06.09	00:33:39.419	0.84155				2
2025.06.09	00:33:40.420	0.84154				2
2025.06.09	00:33:41.426	0.84155				2
2025.06.09	00:33:42.431	0.84154				2
2025.06.09	00:33:42.983	0.84155				2
2025.06.09	00:33:43.397	0.84156				2
2025.06.09	00:33:44.773	0.84155				2
2025.06.09	00:34:01.124	0.84155				2
2025.06.09	00:34:05.356	0.84156				2
2025.06.09	00:34:06.319	0.84155				2
2025.06.09	00:34:13.878	0.84156				2
2025.06.09	00:34:15.484	0.84155				2
2025.06.09	00:34:16.320	0.84156				2
2025.06.09	00:34:17.158	0.84155				2
2025.06.09	00:34:18.397	0.84156				2
2025.06.09	00:34:19.461	0.84155				2
2025.06.09	00:34:29.774	0.84156				2
2025.06.09	00:34:30.395	0.84152				2
2025.06.09	00:34:36.073		0.84271			4
2025.06.09	00:35:00.398	0.84152				2
2025.06.09	00:35:06.677	0.84153				2
2025.06.09	00:35:30.396	0.84157				2
2025.06.09	00:35:31.717	0.84155				2
2025.06.09	00:35:35.759	0.84174	0.84274			6
2025.06.09	00:35:37.242	0.84157	0.84275			6
2025.06.09	00:35:37.576	0.84156				2
2025.06.09	00:35:52.809	0.84174	0.84274			6
2025.06.09	00:35:54.244		0.84266			4
2025.06.09	00:36:00.400	0.84174				2
2025.06.09	00:36:49.245		0.84265			4
2025.06.09	00:37:00.075	0.84174				2
2025.06.09	00:37:41.371	0.84162				2
2025.06.09	00:37:44.557	0.84159	0.84261			6
2025.06.09	00:38:00.389	0.84159				2
2025.06.09	00:38:01.704	0.84165	0.84269			6
2025.06.09	00:38:12.312		0.84267			4
2025.06.09	00:38:23.774		0.84261			4
2025.06.09	00:38:24.372	0.84174				2
2025.06.09	00:38:24.977	0.84163				2
2025.06.09	00:38:37.313	0.84162				2
2025.06.09	00:38:48.217	0.84160				2
2025.06.09	00:38:48.749	0.84169				2
2025.06.09	00:38:49.433	0.84161				2
2025.06.09	00:38:51.465		0.84269			4
2025.06.09	00:38:54.417	0.84170				2
2025.06.09	00:38:56.400	0.84162				2
2025.06.09	00:38:56.776		0.84263			4
2025.06.09	00:39:00.400	0.84162				2
2025.06.09	00:39:16.242		0.84268			4
2025.06.09	00:39:16.573	0.84160				2
2025.06.09	00:39:17.284		0.84271			4
2025.06.09	00:39:44.237	0.84169				2
2025.06.09	00:39:49.663	0.84176				2
2025.06.09	00:39:59.643		0.84275			4
2025.06.09	00:40:09.966	0.84176				2
2025.06.09	00:40:40.335	0.84211	0.84299			6
2025.06.09	00:40:42.470	0.84176	0.84275			6
2025.06.09	00:40:54.640		0.84281			4
2025.06.09	00:41:00.409	0.84176				2
2025.06.09	00:41:55.873		0.84281			4
2025.06.09	00:42:01.873	0.84176				2
2025.06.09	00:42:18.007	0.84181				2
2025.06.09	00:43:00.973	0.84181	0.84281			6
2025.06.09	00:43:39.645		0.84282			4
2025.06.09	00:44:02.302	0.84181				2
2025.06.09	00:44:45.108		0.84282			4
2025.06.09	00:44:57.304		0.84279			4
2025.06.09	00:45:01.574	0.84181				2
2025.06.09	00:45:02.191	0.84214	0.84297			6
2025.06.09	00:45:04.323	0.84181	0.84279			6
2025.06.09	00:45:08.670	0.84193	0.84267			6
2025.06.09	00:45:52.304		0.84265			4
2025.06.09	00:46:00.398	0.84193				2
2025.06.09	00:47:00.411	0.84193	0.84265			6
2025.06.09	00:47:02.172	0.84220	0.84285			6
2025.06.09	00:47:04.310	0.84193	0.84265			6
2025.06.09	00:47:04.657	0.84189				2
2025.06.09	00:47:18.852	0.84200				2
2025.06.09	00:47:25.087	0.84191				2
2025.06.09	00:47:37.049	0.84216				2
2025.06.09	00:47:40.878	0.84218				2
2025.06.09	00:47:42.032	0.84220	0.84263			6
2025.06.09	00:48:00.397	0.84213				2
2025.06.09	00:48:00.886	0.84211				2
2025.06.09	00:48:13.583	0.84210				2
2025.06.09	00:48:15.073	0.84211				2
2025.06.09	00:48:24.673	0.84210				2
2025.06.09	00:48:26.174	0.84211				2
2025.06.09	00:48:30.400	0.84216				2
2025.06.09	00:48:30.881	0.84203				2
2025.06.09	00:48:31.384	0.84209				2
2025.06.09	00:48:37.075		0.84264			4
2025.06.09	00:49:00.390	0.84216				2
2025.06.09	00:49:00.903	0.84202				2
2025.06.09	00:49:01.381	0.84208				2
2025.06.09	00:49:30.407	0.84216				2
2025.06.09	00:49:30.881	0.84202				2
2025.06.09	00:49:31.382	0.84208				2
2025.06.09	00:49:32.076		0.84263			4
2025.06.09	00:49:48.560	0.84209				2
2025.06.09	00:49:54.625	0.84210				2
2025.06.09	00:49:59.568	0.84189	0.84235			6
2025.06.09	00:50:00.081	0.84189				2
2025.06.09	00:51:00.398	0.84189	0.84235			6
2025.06.09	00:52:00.399	0.84189	0.84235			6
2025.06.09	00:52:22.625		0.84238			4
2025.06.09	00:53:00.096	0.84189				2
2025.06.09	00:53:03.095	0.84192				2
2025.06.09	00:53:04.278	0.84193				2
2025.06.09	00:53:08.777	0.84190				2
2025.06.09	00:53:13.898	0.84191				2
2025.06.09	00:53:14.818	0.84192				2
2025.06.09	00:53:19.561	0.84195				2
2025.06.09	00:53:23.348	0.84196	0.84238			6
2025.06.09	00:53:30.323	0.84199				2
2025.06.09	00:53:30.792	0.84198				2
2025.06.09	00:53:31.884	0.84197				2
2025.06.09	00:53:43.502	0.84196				2
2025.06.09	00:54:00.412	0.84197				2
2025.06.09	00:54:07.885	0.84199				2
2025.06.09	00:54:28.276		0.84238			4
2025.06.09	00:54:30.420	0.84200				2
2025.06.09	00:54:54.944	0.84201				2
2025.06.09	00:55:00.972	0.84201				2
2025.06.09	00:55:29.175		0.84238			4
2025.06.09	00:55:43.874	0.84202				2
2025.06.09	00:55:47.427	0.84201				2
2025.06.09	00:56:01.273	0.84201				2
2025.06.09	00:56:28.688	0.84202				2
2025.06.09	00:56:30.401	0.84201	0.84238			6
2025.06.09	00:56:40.421	0.84202				2
2025.06.09	00:57:00.674	0.84202				2
2025.06.09	00:57:24.372	0.84201				2
2025.06.09	00:57:30.796	0.84214	0.84241			6
2025.06.09	00:58:00.404	0.84214				2
2025.06.09	00:58:31.581		0.84241			4
2025.06.09	00:58:34.577	0.84213				2
2025.06.09	00:58:37.277	0.84214				2
2025.06.09	00:58:49.874	0.84213				2
2025.06.09	00:59:01.376	0.84217				2
2025.06.09	00:59:03.039	0.84212				2
2025.06.09	00:59:06.878	0.84199				2
2025.06.09	00:59:11.878	0.84198				2
2025.06.09	00:59:19.498	0.84196				2
2025.06.09	00:59:35.687		0.84241			4
2025.06.09	00:59:43.275	0.84202				2
2025.06.09	00:59:44.471	0.84203				2
2025.06.09	00:59:46.873	0.84202				2
2025.06.09	01:00:00.242	0.84213	0.84242			6
2025.06.09	01:00:01.775		0.84240			4
2025.06.09	01:00:02.204		0.84233			4
2025.06.09	01:00:02.521	0.84192	0.84259			6
2025.06.09	01:00:04.045		0.84258			4
2025.06.09	01:00:04.652	0.84193	0.84233			6
2025.06.09	01:00:04.956	0.84199				2
2025.06.09	01:00:05.680		0.84243			4
2025.06.09	01:00:06.352	0.84198				2
2025.06.09	01:00:07.261	0.84200				2
2025.06.09	01:00:07.875	0.84202				2
2025.06.09	01:00:10.385	0.84203				2
2025.06.09	01:00:11.463	0.84205				2
2025.06.09	01:00:13.022	0.84202				2
2025.06.09	01:00:13.357	0.84201				2
2025.06.09	01:00:14.879	0.84198				2
2025.06.09	01:00:16.190	0.84207				2
2025.06.09	01:00:16.709	0.84205				2
2025.06.09	01:00:17.011	0.84206				2
2025.06.09	01:00:18.348	0.84204				2
2025.06.09	01:00:18.722	0.84203				2
2025.06.09	01:00:19.925	0.84204				2
2025.06.09	01:00:21.034	0.84198				2
2025.06.09	01:00:21.515	0.84203				2
2025.06.09	01:00:22.911	0.84202	0.84246			6
2025.06.09	01:00:24.776	0.84205				2
2025.06.09	01:00:25.196	0.84207				2
2025.06.09	01:00:26.935	0.84206				2
2025.06.09	01:00:27.268	0.84207				2
2025.06.09	01:00:29.139	0.84206				2
2025.06.09	01:00:31.363	0.84208				2
2025.06.09	01:00:32.288	0.84207	0.84251			6
2025.06.09	01:00:33.112	0.84205				2
2025.06.09	01:00:33.529	0.84207				2
2025.06.09	01:00:42.194	0.84206				2
2025.06.09	01:00:45.416	0.84207				2
2025.06.09	01:00:54.785	0.84206				2
2025.06.09	01:00:55.816	0.84207				2
2025.06.09	01:01:00.316	0.84207				2
2025.06.09	01:01:03.891	0.84204				2
2025.06.09	01:01:04.200	0.84203	0.84245			6
2025.06.09	01:01:04.574		0.84246			4
2025.06.09	01:01:05.656	0.84207	0.84241			6
2025.06.09	01:01:10.514	0.84208				2
2025.06.09	01:01:12.395	0.84205				2
2025.06.09	01:01:13.878	0.84206				2
2025.06.09	01:01:19.198	0.84210	0.84247			6
2025.06.09	01:01:19.575	0.84211				2
2025.06.09	01:01:20.733	0.84212				2
2025.06.09	01:01:22.064	0.84211				2
2025.06.09	01:01:24.367	0.84213				2
2025.06.09	01:01:24.673	0.84212				2
2025.06.09	01:01:24.998	0.84213				2
2025.06.09	01:01:26.694	0.84214	0.84249			6
2025.06.09	01:01:27.073	0.84215				2
2025.06.09	01:01:31.456	0.84217				2
2025.06.09	01:01:32.440	0.84218				2
2025.06.09	01:01:34.266	0.84216				2
2025.06.09	01:01:40.393	0.84215				2
2025.06.09	01:01:47.172	0.84216				2
2025.06.09	01:01:49.725	0.84215				2
2025.06.09	01:01:50.772	0.84216				2
2025.06.09	01:02:00.440	0.84216				2
2025.06.09	01:02:03.541	0.84218				2
2025.06.09	01:02:13.668	0.84219				2
2025.06.09	01:02:26.132	0.84218	0.84235			6
2025.06.09	01:02:45.421	0.84215				2
2025.06.09	01:02:45.822	0.84216				2
2025.06.09	01:02:50.405	0.84217				2
2025.06.09	01:02:50.787		0.84234			4
2025.06.09	01:02:53.773	0.84218				2
2025.06.09	01:03:00.373	0.84218				2
2025.06.09	01:03:00.823	0.84217				2
2025.06.09	01:03:10.275	0.84216				2
2025.06.09	01:03:20.844	0.84217	0.84235			6
2025.06.09	01:03:25.866	0.84218	0.84234			6
2025.06.09	01:03:29.203		0.84235			4
2025.06.09	01:03:30.407	0.84219				2
2025.06.09	01:03:42.903	0.84220				2
2025.06.09	01:03:47.708	0.84222				2
2025.06.09	01:03:48.850		0.84237			4
2025.06.09	01:03:51.156	0.84219				2
2025.06.09	01:03:58.648	0.84222	0.84239			6
2025.06.09	01:04:00.362	0.84222				2
2025.06.09	01:04:00.674		0.84240			4
2025.06.09	01:04:01.763	0.84223				2
2025.06.09	01:04:09.612	0.84222				2
2025.06.09	01:04:20.170	0.84223				2
2025.06.09	01:04:24.540		0.84243			4
2025.06.09	01:04:29.854	0.84224				2
2025.06.09	01:04:33.554		0.84242			4
2025.06.09	01:04:33.916		0.84241			4
2025.06.09	01:04:39.075		0.84242			4
2025.06.09	01:04:51.302		0.84243			4
2025.06.09	01:04:53.893		0.84242			4
2025.06.09	01:04:54.304	0.84225	0.84243			6
2025.06.09	01:04:55.064		0.84242			4
2025.06.09	01:04:55.386		0.84241			4
2025.06.09	01:04:59.056		0.84243			4
2025.06.09	01:05:01.574	0.84225				2
2025.06.09	01:05:05.804	0.84227				2
2025.06.09	01:05:09.647	0.84224				2
2025.06.09	01:05:10.314		0.84240			4
2025.06.09	01:05:12.668	0.84230	0.84244			6
2025.06.09	01:05:13.218	0.84231	0.84245			6
2025.06.09	01:05:15.866	0.84230				2
2025.06.09	01:05:20.275		0.84241			4
2025.06.09	01:05:23.329		0.84243			4
2025.06.09	01:05:29.978	0.84227	0.84242			6
2025.06.09	01:05:32.349	0.84229				2
2025.06.09	01:05:45.283	0.84227				2
2025.06.09	01:05:45.624	0.84228	0.84240			6
2025.06.09	01:05:47.908	0.84225				2
2025.06.09	01:05:48.704	0.84227	0.84242			6
2025.06.09	01:05:51.115	0.84226				2
2025.06.09	01:05:52.806	0.84225				2
2025.06.09	01:05:56.687		0.84241			4
2025.06.09	01:06:00.297	0.84225				2
2025.06.09	01:06:03.443	0.84226				2
2025.06.09	01:06:04.736	0.84227				2
2025.06.09	01:06:05.278	0.84225				2
2025.06.09	01:06:05.579	0.84226				2
2025.06.09	01:06:06.644	0.84227	0.84243			6
2025.06.09	01:06:06.976		0.84244			4
2025.06.09	01:06:07.393		0.84243			4
2025.06.09	01:06:08.332	0.84225				2
2025.06.09	01:06:12.674		0.84242			4
2025.06.09	01:06:13.006	0.84227	0.84245			6
2025.06.09	01:06:21.214		0.84243			4
2025.06.09	01:06:32.980	0.84228				2
2025.06.09	01:06:38.330	0.84229	0.84245			6
2025.06.09	01:06:43.874		0.84246			4
2025.06.09	01:06:48.713		0.84242			4
2025.06.09	01:06:49.244	0.84227				2
2025.06.09	01:06:50.359	0.84229				2
2025.06.09	01:07:02.380	0.84229				2
2025.06.09	01:07:05.358	0.84231				2
2025.06.09	01:07:11.307	0.84236	0.84247			6
2025.06.09	01:07:15.368	0.84238				2
2025.06.09	01:07:27.901	0.84235				2
2025.06.09	01:07:31.543	0.84240	0.84248			6
2025.06.09	01:07:33.074	0.84239				2
2025.06.09	01:07:35.214	0.84240				2
2025.06.09	01:07:41.933		0.84249			4
2025.06.09	01:07:43.582		0.84248			4
2025.06.09	01:07:47.366	0.84241				2
2025.06.09	01:07:56.938	0.84238				2
2025.06.09	01:07:57.673	0.84239				2
2025.06.09	01:08:00.212	0.84239				2
2025.06.09	01:08:02.773	0.84240				2
2025.06.09	01:08:04.575	0.84239				2
2025.06.09	01:08:15.214	0.84236				2
2025.06.09	01:08:16.642	0.84235				2
2025.06.09	01:08:17.312	0.84238				2
2025.06.09	01:08:25.245	0.84235	0.84245			6
2025.06.09	01:08:25.555	0.84238	0.84247			6
2025.06.09	01:08:30.213	0.84234				2
2025.06.09	01:08:32.365	0.84238				2
2025.06.09	01:08:45.214	0.84233				2
2025.06.09	01:09:00.407	0.84233				2
2025.06.09	01:09:00.839	0.84234				2
2025.06.09	01:09:14.449	0.84237				2
2025.06.09	01:09:18.156	0.84239				2
2025.06.09	01:09:25.594		0.84247			4
2025.06.09	01:09:30.213	0.84237				2
2025.06.09	01:09:30.665	0.84249	0.84255			6
2025.06.09	01:09:30.971	0.84250				2
2025.06.09	01:09:52.673	0.84246	0.84253			6
2025.06.09	01:09:52.986	0.84245				2
2025.06.09	01:09:59.713	0.84248	0.84255			6
2025.06.09	01:10:00.073	0.84249				2
2025.06.09	01:10:01.161	0.84250				2
2025.06.09	01:10:04.939		0.84256			4
2025.06.09	01:10:08.174	0.84249				2
2025.06.09	01:10:09.973	0.84250				2
2025.06.09	01:10:21.584	0.84249				2
2025.06.09	01:10:23.174	0.84248				2
2025.06.09	01:10:23.540	0.84245	0.84254			6
2025.06.09	01:10:25.529	0.84247	0.84256			6
2025.06.09	01:10:26.386	0.84246				2
2025.06.09	01:10:30.840		0.84254			4
2025.06.09	01:10:32.364	0.84247				2
2025.06.09	01:10:45.214	0.84245				2
2025.06.09	01:10:52.007	0.84249				2
2025.06.09	01:10:52.319	0.84245				2
2025.06.09	01:10:58.170	0.84247				2
2025.06.09	01:11:00.354	0.84247				2
2025.06.09	01:11:04.692	0.84251	0.84258			6
2025.06.09	01:11:05.032	0.84254	0.84255			6
2025.06.09	01:11:07.265	0.84250	0.84253			6
2025.06.09	01:11:10.753		0.84254			4
2025.06.09	01:11:13.408	0.84252				2
2025.06.09	01:11:20.941		0.84253			4
2025.06.09	01:11:24.377	0.84253	0.84254			6
2025.06.09	01:11:25.962	0.84254	0.84255			6
2025.06.09	01:11:38.248	0.84252	0.84254			6
2025.06.09	01:11:38.739	0.84253				2
2025.06.09	01:11:40.874	0.84252				2
2025.06.09	01:11:41.761	0.84253				2
2025.06.09	01:11:45.073	0.84252				2
2025.06.09	01:11:46.077	0.84251	0.84252			6
2025.06.09	01:11:49.099	0.84259	0.84260			6
2025.06.09	01:11:50.945	0.84258	0.84259			6
2025.06.09	01:11:51.582	0.84257	0.84258			6
2025.06.09	01:11:53.350	0.84258	0.84259			6
2025.06.09	01:11:53.671	0.84256	0.84258			6
2025.06.09	01:11:54.199	0.84257	0.84260			6
2025.06.09	01:11:55.826	0.84258				2
2025.06.09	01:11:57.433	0.84256				2
2025.06.09	01:11:57.739	0.84258				2
2025.06.09	01:12:00.073	0.84258				2
2025.06.09	01:12:00.390		0.84261			4
2025.06.09	01:12:00.701	0.84260				2
2025.06.09	01:12:01.016	0.84258				2
2025.06.09	01:12:05.044	0.84257	0.84263			6
2025.06.09	01:12:05.372	0.84256	0.84262			6
2025.06.09	01:12:06.445	0.84257				2
2025.06.09	01:12:11.052	0.84259	0.84260			6
2025.06.09	01:12:11.789	0.84258				2
2025.06.09	01:12:17.372	0.84259				2
2025.06.09	01:12:20.018	0.84264	0.84270			6
2025.06.09	01:12:26.089	0.84263	0.84267			6
2025.06.09	01:12:26.774	0.84264				2
2025.06.09	01:12:28.119	0.84265				2
2025.06.09	01:12:30.380	0.84264				2
2025.06.09	01:12:36.665	0.84263	0.84270			6
2025.06.09	01:12:38.778	0.84264				2
2025.06.09	01:12:40.878	0.84263				2
2025.06.09	01:12:41.382		0.84267			4
2025.06.09	01:12:41.778		0.84268			4
2025.06.09	01:12:43.451	0.84262				2
2025.06.09	01:12:49.874	0.84261				2
2025.06.09	01:12:54.373	0.84262				2
2025.06.09	01:12:56.474	0.84260				2
2025.06.09	01:12:59.357		0.84265			4
2025.06.09	01:13:02.174	0.84260				2
2025.06.09	01:13:02.605	0.84259				2
2025.06.09	01:13:03.483	0.84260	0.84268			6
2025.06.09	01:13:06.074	0.84261	0.84266			6
2025.06.09	01:13:06.380	0.84260	0.84270			6
2025.06.09	01:13:19.524	0.84259	0.84269			6
2025.06.09	01:13:19.873	0.84260				2
2025.06.09	01:13:20.746		0.84268			4
2025.06.09	01:13:21.568	0.84262	0.84270			6
2025.06.09	01:13:26.712	0.84261				2
2025.06.09	01:13:29.008	0.84262				2
2025.06.09	01:13:31.686	0.84263				2
2025.06.09	01:13:32.677	0.84261	0.84267			6
2025.06.09	01:13:33.578		0.84268			4
2025.06.09	01:13:36.351	0.84260	0.84266			6
2025.06.09	01:13:36.752		0.84268			4
2025.06.09	01:13:37.442	0.84261				2
2025.06.09	01:13:38.626		0.84267			4
2025.06.09	01:13:38.952	0.84263				2
2025.06.09	01:13:39.371	0.84265	0.84270			6
2025.06.09	01:13:40.579		0.84267			4
2025.06.09	01:13:49.047	0.84264				2
2025.06.09	01:13:49.861	0.84263				2
2025.06.09	01:13:50.472	0.84262				2
2025.06.09	01:13:54.474	0.84263				2
2025.06.09	01:13:56.459	0.84262				2
2025.06.09	01:14:02.681	0.84262				2
2025.06.09	01:14:05.392		0.84265			4
2025.06.09	01:14:06.073	0.84263				2
2025.06.09	01:14:07.065	0.84262				2
2025.06.09	01:14:13.276		0.84267			4
2025.06.09	01:14:16.905	0.84261				2
2025.06.09	01:14:17.537	0.84262				2
2025.06.09	01:14:18.360	0.84263				2
2025.06.09	01:14:20.044	0.84262				2
2025.06.09	01:14:23.172	0.84263				2
2025.06.09	01:14:25.748	0.84262	0.84265			6
2025.06.09	01:14:26.906	0.84263	0.84267			6
2025.06.09	01:14:31.704		0.84270			4
2025.06.09	01:14:34.946	0.84264				2
2025.06.09	01:14:36.375	0.84265				2
2025.06.09	01:14:38.177	0.84262	0.84268			6
2025.06.09	01:14:40.175	0.84261				2
2025.06.09	01:14:42.106		0.84267			4
2025.06.09	01:14:48.553	0.84260				2
2025.06.09	01:14:51.375	0.84262				2
2025.06.09	01:14:53.116	0.84263				2
2025.06.09	01:14:54.033	0.84261				2
2025.06.09	01:14:55.574	0.84262				2
2025.06.09	01:15:00.380	0.84262				2
2025.06.09	01:15:00.686	0.84260				2
2025.06.09	01:15:02.213	0.84259				2
2025.06.09	01:15:02.773	0.84262				2
2025.06.09	01:15:03.136	0.84260				2
2025.06.09	01:15:06.373	0.84261				2
2025.06.09	01:15:06.860	0.84262	0.84268			6
2025.06.09	01:15:08.868	0.84265	0.84273			6
2025.06.09	01:15:10.773		0.84271			4
2025.06.09	01:15:15.087	0.84266				2
2025.06.09	01:15:16.552	0.84263	0.84268			6
2025.06.09	01:15:16.860	0.84260	0.84264			6
2025.06.09	01:15:17.173		0.84266			4
2025.06.09	01:15:18.800	0.84261				2
2025.06.09	01:15:21.136	0.84260				2
2025.06.09	01:15:23.368	0.84261	0.84268			6
2025.06.09	01:15:23.787	0.84260	0.84266			6
2025.06.09	01:15:26.091	0.84259				2
2025.06.09	01:15:27.686	0.84260				2
2025.06.09	01:15:28.350		0.84264			4
2025.06.09	01:15:30.547		0.84263			4
2025.06.09	01:15:32.382	0.84259				2
2025.06.09	01:15:33.521	0.84260	0.84265			6
2025.06.09	01:15:33.852		0.84263			4
2025.06.09	01:15:35.775	0.84259	0.84265			6
2025.06.09	01:15:36.347		0.84263			4
2025.06.09	01:15:37.772	0.84260	0.84265			6
2025.06.09	01:15:38.853	0.84261				2
2025.06.09	01:15:39.480	0.84260	0.84263			6
2025.06.09	01:15:41.079		0.84265			4
2025.06.09	01:15:43.208	0.84261				2
2025.06.09	01:15:44.213	0.84260				2
2025.06.09	01:15:44.598		0.84267			4
2025.06.09	01:15:45.015	0.84261	0.84268			6
2025.06.09	01:15:48.207	0.84262	0.84267			6
2025.06.09	01:15:49.129	0.84261				2
2025.06.09	01:15:53.717	0.84262				2
2025.06.09	01:15:56.774	0.84261				2
2025.06.09	01:15:59.691	0.84262				2
2025.06.09	01:16:00.216	0.84262				2
2025.06.09	01:16:00.984	0.84263				2
2025.06.09	01:16:07.278	0.84262				2
2025.06.09	01:16:31.356	0.84261				2
2025.06.09	01:16:35.071		0.84265			4
2025.06.09	01:16:35.406		0.84267			4
2025.06.09	01:16:38.120	0.84262				2
2025.06.09	01:16:39.728	0.84260				2
2025.06.09	01:16:45.039	0.84262				2
2025.06.09	01:16:45.467	0.84260	0.84265			6
2025.06.09	01:16:49.958	0.84261				2
2025.06.09	01:16:51.705	0.84260				2
2025.06.09	01:17:00.376	0.84260				2
2025.06.09	01:17:03.620	0.84256	0.84260			6
2025.06.09	01:17:04.856	0.84258	0.84262			6
2025.06.09	01:17:09.367	0.84257	0.84260			6
2025.06.09	01:17:10.061	0.84258				2
2025.06.09	01:17:10.379	0.84257	0.84262			6
2025.06.09	01:17:12.367	0.84256				2
2025.06.09	01:17:17.434		0.84260			4
2025.06.09	01:17:27.008	0.84258				2
2025.06.09	01:17:29.773	0.84259				2
2025.06.09	01:18:03.443	0.84259				2
2025.06.09	01:18:11.692	0.84257				2
2025.06.09	01:18:18.185		0.84260			4
2025.06.09	01:18:21.318		0.84261			4
2025.06.09	01:18:22.992	0.84256				2
2025.06.09	01:18:23.331	0.84257				2
2025.06.09	01:18:25.136	0.84259	0.84266			6
2025.06.09	01:18:26.529	0.84260				2
2025.06.09	01:18:26.971	0.84261				2
2025.06.09	01:18:31.271	0.84262				2
2025.06.09	01:18:31.575	0.84261				2
2025.06.09	01:18:34.787	0.84262				2
2025.06.09	01:18:36.319	0.84260				2
2025.06.09	01:18:37.554	0.84261				2
2025.06.09	01:18:40.274	0.84262				2
2025.06.09	01:18:47.434	0.84261				2
2025.06.09	01:18:49.874	0.84260				2
2025.06.09	01:18:50.854	0.84261				2
2025.06.09	01:18:51.658	0.84262				2
2025.06.09	01:18:52.177	0.84260				2
2025.06.09	01:18:52.945	0.84262				2
2025.06.09	01:19:00.405	0.84262				2
2025.06.09	01:19:19.153	0.84260				2
2025.06.09	01:19:19.637	0.84262				2
2025.06.09	01:19:25.386		0.84266			4
2025.06.09	01:19:39.433	0.84263				2
2025.06.09	01:19:59.287	0.84265	0.84267			6
2025.06.09	01:19:59.618	0.84264				2
2025.06.09	01:20:00.045	0.84264				2
2025.06.09	01:20:05.948	0.84267	0.84269			6
2025.06.09	01:20:06.315	0.84266				2
2025.06.09	01:20:07.566	0.84265	0.84268			6
2025.06.09	01:20:12.072	0.84264				2
2025.06.09	01:20:14.773	0.84265				2
2025.06.09	01:20:18.073	0.84264				2
2025.06.09	01:20:20.876	0.84265				2
2025.06.09	01:20:25.987	0.84260				2
2025.06.09	01:20:27.934		0.84266			4
2025.06.09	01:20:29.190	0.84261				2
2025.06.09	01:20:29.737	0.84263	0.84267			6
2025.06.09	01:20:30.040	0.84265				2
2025.06.09	01:20:45.145	0.84266				2
2025.06.09	01:20:47.040	0.84272	0.84274			6
2025.06.09	01:20:49.357	0.84271				2
2025.06.09	01:20:50.966	0.84270				2
2025.06.09	01:20:51.482	0.84269				2
2025.06.09	01:20:53.720		0.84272			4
2025.06.09	01:20:54.217		0.84274			4
2025.06.09	01:20:54.815	0.84268	0.84272			6
2025.06.09	01:20:55.773	0.84269				2
2025.06.09	01:20:59.003	0.84271	0.84274			6
2025.06.09	01:20:59.324		0.84272			4
2025.06.09	01:21:01.878	0.84271				2
2025.06.09	01:21:04.349	0.84270				2
2025.06.09	01:21:04.777	0.84271				2
2025.06.09	01:21:08.364	0.84269	0.84274			6
2025.06.09	01:21:10.276	0.84270				2
2025.06.09	01:21:11.099	0.84267	0.84272			6
2025.06.09	01:21:13.069	0.84266	0.84271			6
2025.06.09	01:21:15.074	0.84265				2
2025.06.09	01:21:20.263	0.84268	0.84272			6
2025.06.09	01:21:22.796	0.84265				2
2025.06.09	01:21:26.024	0.84266	0.84271			6
2025.06.09	01:21:27.278	0.84265				2
2025.06.09	01:21:31.675	0.84266				2
2025.06.09	01:21:33.872		0.84269			4
2025.06.09	01:21:34.286		0.84271			4
2025.06.09	01:21:34.888		0.84269			4
2025.06.09	01:21:36.305		0.84271			4
2025.06.09	01:21:37.405	0.84267				2
2025.06.09	01:21:38.159	0.84266				2
2025.06.09	01:21:42.414	0.84267				2
2025.06.09	01:21:45.974	0.84266				2
2025.06.09	01:21:47.644	0.84265				2
2025.06.09	01:21:57.653	0.84266				2
2025.06.09	01:21:58.071	0.84265				2
2025.06.09	01:21:59.528	0.84266				2
2025.06.09	01:22:00.076	0.84265				2
2025.06.09	01:22:00.805		0.84272			4
2025.06.09	01:22:02.775	0.84266	0.84271			6
2025.06.09	01:22:04.813	0.84267				2
2025.06.09	01:22:05.469	0.84268	0.84274			6
2025.06.09	01:22:05.799		0.84272			4
2025.06.09	01:22:15.947	0.84270	0.84274			6
2025.06.09	01:22:24.427	0.84269				2
2025.06.09	01:22:30.877	0.84268				2
2025.06.09	01:22:31.733	0.84269				2
2025.06.09	01:22:32.750	0.84268				2
2025.06.09	01:22:33.117	0.84269				2
2025.06.09	01:22:33.674	0.84270				2
2025.06.09	01:22:37.575	0.84272	0.84276			6
2025.06.09	01:22:40.575	0.84273				2
2025.06.09	01:22:41.775	0.84272				2
2025.06.09	01:22:44.774	0.84273				2
2025.06.09	01:22:46.273	0.84272				2
2025.06.09	01:22:48.637	0.84273				2
2025.06.09	01:22:50.287		0.84275			4
2025.06.09	01:22:50.723	0.84270	0.84274			6
2025.06.09	01:22:51.672	0.84271				2
2025.06.09	01:22:51.995	0.84270				2
2025.06.09	01:22:52.989	0.84268	0.84273			6
2025.06.09	01:22:53.313	0.84269				2
2025.06.09	01:23:00.893	0.84269				2
2025.06.09	01:23:01.489	0.84268				2
2025.06.09	01:23:03.780	0.84269				2
2025.06.09	01:23:04.419	0.84272	0.84278			6
2025.06.09	01:23:04.958		0.84280			4
2025.06.09	01:23:05.371		0.84278			4
2025.06.09	01:23:05.685	0.84271	0.84274			6
2025.06.09	01:23:05.999	0.84270				2
2025.06.09	01:23:07.104	0.84271				2
2025.06.09	01:23:11.239	0.84270				2
2025.06.09	01:23:12.150	0.84271				2
2025.06.09	01:23:14.185	0.84270				2
2025.06.09	01:23:15.451	0.84271				2
2025.06.09	01:23:16.352	0.84270				2
2025.06.09	01:23:19.047	0.84271				2
2025.06.09	01:23:23.996	0.84272				2
2025.06.09	01:23:25.350	0.84271				2
2025.06.09	01:23:27.616	0.84272				2
2025.06.09	01:23:27.917	0.84271				2
2025.06.09	01:23:28.658	0.84270				2
2025.06.09	01:23:28.973	0.84271				2
2025.06.09	01:23:29.626	0.84270				2
2025.06.09	01:23:35.462	0.84271				2
2025.06.09	01:23:36.673	0.84270				2
2025.06.09	01:23:38.312	0.84271				2
2025.06.09	01:23:38.874	0.84270				2
2025.06.09	01:23:39.805	0.84271				2
2025.06.09	01:23:41.215	0.84270				2
2025.06.09	01:23:41.601	0.84271				2
2025.06.09	01:23:42.760	0.84270				2
2025.06.09	01:23:44.178	0.84271				2
2025.06.09	01:23:44.825	0.84269				2
2025.06.09	01:23:45.224	0.84270				2
2025.06.09	01:23:46.383	0.84269				2
2025.06.09	01:23:46.831	0.84270				2
2025.06.09	01:23:48.238	0.84269				2
2025.06.09	01:23:48.651	0.84270				2
2025.06.09	01:23:53.920	0.84271				2
2025.06.09	01:23:54.255		0.84276			4
2025.06.09	01:23:55.273	0.84272				2
2025.06.09	01:23:57.375	0.84271				2
2025.06.09	01:23:58.079	0.84272				2
2025.06.09	01:24:01.573	0.84272				2
2025.06.09	01:24:08.928	0.84271				2
2025.06.09	01:24:17.751	0.84272				2
2025.06.09	01:24:18.076	0.84271				2
2025.06.09	01:24:28.591	0.84272	0.84273			6
2025.06.09	01:24:28.903	0.84270				2
2025.06.09	01:24:33.819	0.84271				2
2025.06.09	01:24:44.096	0.84273	0.84274			6
2025.06.09	01:24:44.401	0.84274	0.84275			6
2025.06.09	01:24:44.733	0.84273				2
2025.06.09	01:24:56.324	0.84275	0.84276			6
2025.06.09	01:24:58.574	0.84273	0.84275			6
2025.06.09	01:25:00.398	0.84274				2
2025.06.09	01:25:01.573	0.84271				2
2025.06.09	01:25:01.934	0.84272				2
2025.06.09	01:25:04.274	0.84273				2
2025.06.09	01:25:07.640		0.84274			4
2025.06.09	01:25:08.413	0.84274	0.84275			6
2025.06.09	01:25:16.276	0.84273				2
2025.06.09	01:25:20.385		0.84274			4
2025.06.09	01:25:21.786	0.84272	0.84273			6
2025.06.09	01:25:37.116	0.84270	0.84271			6
2025.06.09	01:25:38.905	0.84271	0.84272			6
2025.06.09	01:25:50.462	0.84273	0.84274			6
2025.06.09	01:25:51.690	0.84272	0.84273			6
2025.06.09	01:25:58.520	0.84273	0.84274			6
2025.06.09	01:25:59.343	0.84272	0.84273			6
2025.06.09	01:26:00.237	0.84273	0.84274			6
2025.06.09	01:26:27.566	0.84271	0.84272			6
2025.06.09	01:26:31.669	0.84270	0.84271			6
2025.06.09	01:26:51.214	0.84271	0.84272			6
2025.06.09	01:26:52.757	0.84270	0.84271			6
2025.06.09	01:26:53.228	0.84271	0.84272			6
2025.06.09	01:27:00.013	0.84271				2
2025.06.09	01:27:50.260	0.84270	0.84271			6
2025.06.09	01:27:53.391	0.84271	0.84272			6
2025.06.09	01:27:53.698	0.84270	0.84271			6
2025.06.09	01:27:58.530	0.84269	0.84270			6
2025.06.09	01:27:59.963	0.84270	0.84271			6
2025.06.09	01:28:00.324	0.84270				2
2025.06.09	01:28:21.859	0.84269	0.84270			6
2025.06.09	01:28:22.211	0.84270	0.84271			6
2025.06.09	01:28:22.517	0.84266	0.84268			6
2025.06.09	01:28:22.819		0.84270			4
2025.06.09	01:28:24.569	0.84267	0.84268			6
2025.06.09	01:28:24.881		0.84270			4
2025.06.09	01:28:37.141	0.84266				2
2025.06.09	01:28:37.739	0.84267				2
2025.06.09	01:28:43.406	0.84265				2
2025.06.09	01:28:44.213	0.84264	0.84269			6
2025.06.09	01:28:44.572		0.84268			4
2025.06.09	01:28:44.945		0.84269			4
2025.06.09	01:28:46.863		0.84268			4
2025.06.09	01:28:49.570	0.84263				2
2025.06.09	01:28:51.308	0.84261	0.84265			6
2025.06.09	01:28:51.675		0.84262			4
2025.06.09	01:28:52.818	0.84260	0.84261			6
2025.06.09	01:28:53.807	0.84261	0.84262			6
2025.06.09	01:28:56.233	0.84260	0.84261			6
2025.06.09	01:28:56.964	0.84262	0.84265			6
2025.06.09	01:28:57.287		0.84263			4
2025.06.09	01:28:57.665	0.84260				2
2025.06.09	01:28:58.110	0.84262				2
2025.06.09	01:28:58.486	0.84261				2
2025.06.09	01:29:00.489	0.84261				2
2025.06.09	01:29:03.844	0.84262				2
2025.06.09	01:29:04.938	0.84261				2
2025.06.09	01:29:07.738		0.84262			4
2025.06.09	01:29:09.302		0.84263			4
2025.06.09	01:29:11.987	0.84264	0.84267			6
2025.06.09	01:29:14.155	0.84263				2
2025.06.09	01:29:45.836		0.84266			4
2025.06.09	01:29:47.763	0.84264				2
2025.06.09	01:29:51.073	0.84263				2
2025.06.09	01:30:00.309	0.84263				2
2025.06.09	01:30:02.079	0.84266	0.84267			6
2025.06.09	01:30:02.388	0.84265	0.84266			6
2025.06.09	01:30:04.512	0.84263				2
2025.06.09	01:30:06.518		0.84264			4
2025.06.09	01:30:08.717	0.84262				2
2025.06.09	01:30:20.401	0.84263				2
2025.06.09	01:30:22.600	0.84262				2
2025.06.09	01:30:25.082		0.84265			4
2025.06.09	01:30:25.442	0.84260				2
2025.06.09	01:30:25.873	0.84261				2
2025.06.09	01:30:26.177	0.84260				2
2025.06.09	01:30:27.406	0.84261				2
2025.06.09	01:30:27.807		0.84264			4
2025.06.09	01:30:30.352	0.84262	0.84265			6
2025.06.09	01:30:30.660		0.84267			4
2025.06.09	01:30:31.573	0.84263				2
2025.06.09	01:30:32.685	0.84262				2
2025.06.09	01:30:34.919	0.84263				2
2025.06.09	01:30:35.626	0.84262	0.84266			6
2025.06.09	01:30:42.431	0.84263				2
2025.06.09	01:30:42.755	0.84262				2
2025.06.09	01:30:43.707	0.84263				2
2025.06.09	01:30:45.161	0.84262	0.84265			6
2025.06.09	01:30:45.673	0.84261				2
2025.06.09	01:30:46.077		0.84263			4
2025.06.09	01:30:46.959	0.84262				2
2025.06.09	01:30:48.637	0.84261				2
2025.06.09	01:30:49.437	0.84260				2
2025.06.09	01:30:49.851	0.84261				2
2025.06.09	01:31:01.698	0.84261				2
2025.06.09	01:31:03.120	0.84259	0.84261			6
2025.06.09	01:31:06.243	0.84261	0.84262			6
2025.06.09	01:31:06.561		0.84263			4
2025.06.09	01:31:08.462		0.84262			4
2025.06.09	01:31:10.405	0.84260	0.84261			6
2025.06.09	01:31:12.419		0.84263			4
2025.06.09	01:31:12.737	0.84262				2
2025.06.09	01:31:18.754	0.84260	0.84261			6
2025.06.09	01:31:19.241		0.84263			4
2025.06.09	01:31:20.417		0.84262			4
2025.06.09	01:31:21.307	0.84261	0.84264			6
2025.06.09	01:31:21.696	0.84262				2
2025.06.09	01:31:23.129		0.84263			4
2025.06.09	01:31:23.494		0.84264			4
2025.06.09	01:31:30.395		0.84263			4
2025.06.09	01:31:40.940		0.84265			4
2025.06.09	01:31:41.513		0.84263			4
2025.06.09	01:31:48.559	0.84257	0.84261			6
2025.06.09	01:32:00.368	0.84257				2
2025.06.09	01:32:03.519	0.84258				2
2025.06.09	01:32:32.699	0.84257				2
2025.06.09	01:32:33.341	0.84255	0.84256			6
2025.06.09	01:32:33.736		0.84257			4
2025.06.09	01:32:41.197		0.84256			4
2025.06.09	01:32:41.563		0.84257			4
2025.06.09	01:32:42.894		0.84256			4
2025.06.09	01:32:46.854	0.84258	0.84259			6
2025.06.09	01:32:49.273	0.84257	0.84258			6
2025.06.09	01:32:52.573	0.84258	0.84259			6
2025.06.09	01:33:00.074	0.84258				2
2025.06.09	01:33:08.774	0.84257	0.84258			6
2025.06.09	01:33:10.873	0.84258	0.84259			6
2025.06.09	01:33:11.764	0.84257	0.84258			6
2025.06.09	01:33:24.523	0.84258	0.84259			6
2025.06.09	01:33:28.427	0.84257				2
2025.06.09	01:33:29.457	0.84258	0.84261			6
2025.06.09	01:33:34.649	0.84257	0.84260			6
2025.06.09	01:33:56.990	0.84258				2
2025.06.09	01:34:01.214	0.84258				2
2025.06.09	01:34:03.433		0.84261			4
2025.06.09	01:34:20.405		0.84260			4
2025.06.09	01:34:32.333		0.84261			4
2025.06.09	01:34:32.750		0.84260			4
2025.06.09	01:34:37.573	0.84257				2
2025.06.09	01:34:43.980		0.84261			4
2025.06.09	01:34:47.029		0.84260			4
2025.06.09	01:34:57.672	0.84258				2
2025.06.09	01:35:01.579	0.84258	0.84261			6
2025.06.09	01:35:13.651	0.84262	0.84263			6
2025.06.09	01:35:31.823	0.84264	0.84265			6
2025.06.09	01:35:32.894	0.84263	0.84264			6
2025.06.09	01:35:39.371	0.84262				2
2025.06.09	01:35:40.482	0.84261	0.84262			6
2025.06.09	01:35:48.694	0.84260	0.84261			6
2025.06.09	01:36:00.606	0.84260				2
2025.06.09	01:36:08.057	0.84261	0.84262			6
2025.06.09	01:36:46.458	0.84262	0.84263			6
2025.06.09	01:36:46.991	0.84265	0.84266			6
2025.06.09	01:36:48.213	0.84264	0.84265			6
2025.06.09	01:36:55.656	0.84263	0.84264			6
2025.06.09	01:37:00.044	0.84263				2
2025.06.09	01:37:04.036	0.84264	0.84265			6
2025.06.09	01:37:40.731		0.84266			4
2025.06.09	01:37:51.038		0.84265			4
2025.06.09	01:37:54.054		0.84266			4
2025.06.09	01:38:00.073	0.84264				2
2025.06.09	01:38:02.117		0.84265			4
2025.06.09	01:38:07.411	0.84265	0.84266			6
2025.06.09	01:38:08.661	0.84266	0.84267			6
2025.06.09	01:38:09.683	0.84265	0.84266			6
2025.06.09	01:38:18.533	0.84266	0.84267			6
2025.06.09	01:38:33.258	0.84268	0.84270			6
2025.06.09	01:38:45.772	0.84269				2
2025.06.09	01:38:53.245	0.84268	0.84269			6
2025.06.09	01:39:01.124	0.84267	0.84268			6
2025.06.09	01:39:04.784	0.84268	0.84269			6
2025.06.09	01:39:05.669	0.84269	0.84270			6
2025.06.09	01:39:06.167	0.84268				2
2025.06.09	01:39:12.812	0.84269				2
2025.06.09	01:39:15.945	0.84268				2
2025.06.09	01:40:00.374	0.84268				2
2025.06.09	01:40:02.175		0.84269			4
2025.06.09	01:40:18.031	0.84264	0.84267			6
2025.06.09	01:40:18.623		0.84266			4
2025.06.09	01:40:22.660	0.84266	0.84267			6
2025.06.09	01:40:24.337	0.84265				2
2025.06.09	01:40:28.395	0.84268	0.84270			6
2025.06.09	01:40:32.775	0.84266	0.84267			6
2025.06.09	01:40:33.124		0.84268			4
2025.06.09	01:40:34.099	0.84265	0.84267			6
2025.06.09	01:40:41.809	0.84264	0.84266			6
2025.06.09	01:40:44.687	0.84263				2
2025.06.09	01:41:00.339	0.84264				2
2025.06.09	01:41:00.649	0.84265	0.84267			6
2025.06.09	01:41:02.194	0.84264				2
2025.06.09	01:41:03.049		0.84266			4
2025.06.09	01:41:03.356	0.84265	0.84267			6
2025.06.09	01:41:06.343	0.84266				2
2025.06.09	01:41:10.272	0.84267	0.84268			6
2025.06.09	01:41:12.133	0.84266	0.84267			6
2025.06.09	01:41:15.673	0.84265				2
2025.06.09	01:41:21.746		0.84266			4
2025.06.09	01:41:34.377	0.84262	0.84263			6
2025.06.09	01:41:36.673	0.84261				2
2025.06.09	01:42:01.669	0.84261				2
2025.06.09	01:42:03.144	0.84262	0.84264			6
2025.06.09	01:42:08.163	0.84263				2
2025.06.09	01:42:29.133	0.84262				2
2025.06.09	01:42:29.460	0.84264	0.84265			6
2025.06.09	01:42:35.714	0.84263	0.84264			6
2025.06.09	01:42:37.359	0.84265	0.84266			6
2025.06.09	01:42:39.039		0.84267			4
2025.06.09	01:42:39.511		0.84266			4
2025.06.09	01:42:43.750	0.84264				2
2025.06.09	01:42:48.416		0.84265			4
2025.06.09	01:42:58.369	0.84265	0.84266			6
2025.06.09	01:43:00.644	0.84264	0.84265			6
2025.06.09	01:43:30.853	0.84263	0.84264			6
2025.06.09	01:43:49.997	0.84262	0.84263			6
2025.06.09	01:43:50.831		0.84264			4
2025.06.09	01:43:51.139	0.84263				2
2025.06.09	01:43:51.581	0.84262	0.84263			6
2025.06.09	01:43:57.788	0.84263	0.84264			6
2025.06.09	01:44:01.817	0.84263				2
2025.06.09	01:44:03.431		0.84265			4
2025.06.09	01:44:07.385	0.84262				2
2025.06.09	01:44:08.595	0.84261	0.84262			6
2025.06.09	01:44:12.256	0.84262	0.84263			6
2025.06.09	01:44:17.574		0.84264			4
2025.06.09	01:44:22.573	0.84263				2
2025.06.09	01:44:41.390	0.84264	0.84265			6
2025.06.09	01:44:41.747	0.84263	0.84264			6
2025.06.09	01:44:42.073	0.84264	0.84265			6
2025.06.09	01:44:42.555	0.84263	0.84264			6
2025.06.09	01:44:50.282	0.84264	0.84265			6
2025.06.09	01:44:51.321	0.84263	0.84264			6
2025.06.09	01:44:52.173	0.84264	0.84265			6
2025.06.09	01:45:01.572	0.84264				2
2025.06.09	01:45:07.189	0.84263	0.84267			6
2025.06.09	01:45:07.501	0.84267	0.84268			6
2025.06.09	01:45:07.938	0.84266	0.84267			6
2025.06.09	01:45:08.348	0.84267	0.84268			6
2025.06.09	01:45:08.982	0.84266	0.84267			6
2025.06.09	01:45:56.473		0.84269			4
2025.06.09	01:45:56.779	0.84269	0.84270			6
2025.06.09	01:45:57.373	0.84267	0.84269			6
2025.06.09	01:45:57.904		0.84270			4
2025.06.09	01:45:59.929		0.84269			4
2025.06.09	01:46:01.491	0.84267	0.84268			6
2025.06.09	01:46:10.389	0.84270	0.84271			6
2025.06.09	01:46:14.432	0.84267	0.84268			6
2025.06.09	01:46:15.420	0.84268	0.84269			6
2025.06.09	01:46:16.089	0.84267	0.84268			6
2025.06.09	01:46:17.119	0.84268	0.84269			6
2025.06.09	01:46:17.479	0.84267	0.84268			6
2025.06.09	01:46:26.494	0.84265	0.84266			6
2025.06.09	01:46:26.802	0.84266	0.84267			6
2025.06.09	01:46:35.701	0.84265	0.84266			6
2025.06.09	01:46:43.855	0.84263	0.84264			6
2025.06.09	01:47:00.632	0.84263				2
2025.06.09	01:47:43.901		0.84264			4
2025.06.09	01:48:01.115	0.84263	0.84266			6
2025.06.09	01:48:01.458		0.84264			4
2025.06.09	01:48:04.290	0.84262				2
2025.06.09	01:48:07.133	0.84263				2
2025.06.09	01:48:12.073	0.84264	0.84265			6
2025.06.09	01:48:14.250	0.84263	0.84264			6
2025.06.09	01:48:19.259	0.84262				2
2025.06.09	01:48:22.573	0.84263				2
2025.06.09	01:48:26.196	0.84262				2
2025.06.09	01:48:30.248	0.84267	0.84269			6
2025.06.09	01:48:30.553	0.84266				2
2025.06.09	01:48:36.992	0.84268				2
2025.06.09	01:48:38.541	0.84267				2
2025.06.09	01:48:40.101	0.84268				2
2025.06.09	01:48:41.122	0.84267				2
2025.06.09	01:48:43.064	0.84268				2
2025.06.09	01:48:44.473	0.84267				2
2025.06.09	01:48:52.447	0.84268				2
2025.06.09	01:48:55.406	0.84267				2
2025.06.09	01:48:56.102	0.84268				2
2025.06.09	01:48:56.551	0.84267				2
2025.06.09	01:48:56.920	0.84268				2
2025.06.09	01:49:00.896	0.84267				2
2025.06.09	01:49:03.019	0.84268				2
2025.06.09	01:49:30.853		0.84269			4
2025.06.09	01:49:51.374	0.84269	0.84270			6
2025.06.09	01:49:53.925	0.84268	0.84269			6
2025.06.09	01:50:00.370	0.84268				2
2025.06.09	01:50:01.481	0.84269	0.84270			6
2025.06.09	01:50:04.994	0.84268	0.84269			6
2025.06.09	01:50:05.394	0.84269	0.84270			6
2025.06.09	01:50:11.162	0.84268	0.84269			6
2025.06.09	01:50:25.573	0.84269	0.84270			6
2025.06.09	01:50:52.635	0.84268	0.84269			6
2025.06.09	01:50:53.668	0.84267	0.84268			6
2025.06.09	01:50:54.806	0.84265	0.84266			6
2025.06.09	01:51:03.890	0.84265				2
2025.06.09	01:51:10.110		0.84267			4
2025.06.09	01:51:11.327	0.84264				2
2025.06.09	01:51:17.778	0.84265				2
2025.06.09	01:51:25.992	0.84264				2
2025.06.09	01:51:33.376	0.84265				2
2025.06.09	01:51:39.602	0.84267	0.84270			6
2025.06.09	01:51:39.921	0.84265				2
2025.06.09	01:51:40.309	0.84267				2
2025.06.09	01:51:46.618		0.84268			4
2025.06.09	01:51:47.435		0.84270			4
2025.06.09	01:51:48.453		0.84268			4
2025.06.09	01:51:49.640		0.84270			4
2025.06.09	01:51:50.038		0.84268			4
2025.06.09	01:51:50.487		0.84270			4
2025.06.09	01:51:59.371	0.84268				2
2025.06.09	01:52:00.705	0.84268				2
2025.06.09	01:52:04.577	0.84267				2
2025.06.09	01:52:06.972	0.84268				2
2025.06.09	01:52:11.933	0.84267				2
2025.06.09	01:52:12.261	0.84268				2
2025.06.09	01:52:18.717	0.84265	0.84267			6
2025.06.09	01:52:30.456		0.84266			4
2025.06.09	01:52:44.001	0.84264				2
2025.06.09	01:52:56.773	0.84265				2
2025.06.09	01:53:02.971	0.84265				2
2025.06.09	01:53:12.930	0.84264				2
2025.06.09	01:53:21.973	0.84265				2
2025.06.09	01:53:25.029	0.84264				2
2025.06.09	01:53:32.743		0.84266			4
2025.06.09	01:53:39.153	0.84263	0.84264			6
2025.06.09	01:53:47.831	0.84262				2
2025.06.09	01:53:53.914	0.84263				2
2025.06.09	01:54:00.039	0.84263				2
2025.06.09	01:54:06.889	0.84262	0.84263			6
2025.06.09	01:54:16.759	0.84263	0.84264			6
2025.06.09	01:54:24.674	0.84262	0.84263			6
2025.06.09	01:54:26.079	0.84263	0.84264			6
2025.06.09	01:54:28.218	0.84266	0.84269			6
2025.06.09	01:54:31.371	0.84267				2
2025.06.09	01:55:00.773	0.84267				2
2025.06.09	01:55:28.597		0.84269			4
2025.06.09	01:55:33.848	0.84268				2
2025.06.09	01:56:01.307	0.84268				2
2025.06.09	01:56:10.574	0.84267	0.84268			6
2025.06.09	01:56:10.880	0.84268	0.84269			6
2025.06.09	01:56:12.225	0.84266				2
2025.06.09	01:56:12.790	0.84269	0.84270			6
2025.06.09	01:56:14.376	0.84268	0.84269			6
2025.06.09	01:56:15.002	0.84269	0.84270			6
2025.06.09	01:56:18.730	0.84270	0.84271			6
2025.06.09	01:57:00.067	0.84270				2
2025.06.09	01:57:01.491	0.84269	0.84270			6
2025.06.09	01:57:13.716	0.84267	0.84268			6
2025.06.09	01:57:34.474		0.84269			4
2025.06.09	01:57:35.902	0.84266	0.84267			6
2025.06.09	01:57:38.846	0.84267	0.84269			6
2025.06.09	01:57:41.648	0.84266	0.84267			6
2025.06.09	01:57:48.073	0.84265				2
2025.06.09	01:57:50.624		0.84266			4
2025.06.09	01:58:02.237	0.84262	0.84263			6
2025.06.09	01:58:04.837		0.84264			4
2025.06.09	01:58:34.527	0.84261				2
2025.06.09	01:58:34.968	0.84262				2
2025.06.09	01:58:38.646	0.84265	0.84267			6
2025.06.09	01:58:39.378	0.84266				2
2025.06.09	01:58:42.735	0.84267	0.84270			6
2025.06.09	01:58:53.602	0.84269				2
2025.06.09	01:58:55.198	0.84268	0.84269			6
2025.06.09	01:59:00.880	0.84269	0.84270			6
2025.06.09	01:59:16.266	0.84270	0.84271			6
2025.06.09	01:59:20.056	0.84269	0.84270			6
2025.06.09	01:59:23.643	0.84268	0.84269			6
2025.06.09	01:59:27.872	0.84267				2
2025.06.09	01:59:29.591	0.84266	0.84267			6
2025.06.09	01:59:30.703	0.84265	0.84266			6
2025.06.09	01:59:42.013	0.84266	0.84267			6
2025.06.09	01:59:45.260	0.84268	0.84269			6
2025.06.09	01:59:55.921	0.84269	0.84270			6
2025.06.09	02:00:00.336	0.84269				2
2025.06.09	02:00:00.816	0.84268	0.84269			6
2025.06.09	02:00:01.651	0.84269	0.84270			6
2025.06.09	02:00:03.718	0.84270	0.84271			6
2025.06.09	02:00:05.101	0.84271	0.84272			6
2025.06.09	02:00:06.219	0.84270	0.84271			6
2025.06.09	02:00:10.731	0.84273	0.84275			6
2025.06.09	02:00:11.945	0.84272				2
2025.06.09	02:00:14.816	0.84273				2
2025.06.09	02:00:15.876	0.84275	0.84276			6
2025.06.09	02:00:16.935	0.84277	0.84278			6
2025.06.09	02:00:19.446	0.84276	0.84277			6
2025.06.09	02:00:20.324	0.84275				2
2025.06.09	02:00:26.436	0.84273	0.84275			6
2025.06.09	02:00:29.970	0.84271	0.84272			6
2025.06.09	02:00:37.961	0.84270				2
2025.06.09	02:00:42.739	0.84271				2
2025.06.09	02:00:48.698	0.84272	0.84273			6
2025.06.09	02:00:55.199	0.84273	0.84274			6
2025.06.09	02:00:57.761	0.84272	0.84273			6
2025.06.09	02:01:01.579	0.84272				2
2025.06.09	02:01:03.398	0.84271	0.84272			6
2025.06.09	02:01:07.679	0.84272	0.84273			6
2025.06.09	02:01:09.375	0.84273	0.84274			6
2025.06.09	02:01:12.407	0.84275	0.84276			6
2025.06.09	02:01:12.922	0.84274	0.84275			6
2025.06.09	02:01:13.474	0.84275	0.84276			6
2025.06.09	02:01:16.000	0.84276	0.84277			6
2025.06.09	02:01:16.304	0.84275	0.84276			6
2025.06.09	02:01:16.642	0.84277	0.84278			6
2025.06.09	02:01:22.317	0.84275	0.84276			6
2025.06.09	02:01:23.379		0.84277			4
2025.06.09	02:01:23.845		0.84276			4
2025.06.09	02:01:24.168		0.84277			4
2025.06.09	02:01:24.751		0.84276			4
2025.06.09	02:01:27.699	0.84274	0.84275			6
2025.06.09	02:01:37.319	0.84273	0.84274			6
2025.06.09	02:01:46.572	0.84272	0.84273			6
2025.06.09	02:01:48.871	0.84274	0.84275			6
2025.06.09	02:01:55.496	0.84276	0.84277			6
2025.06.09	02:01:57.908	0.84277	0.84278			6
2025.06.09	02:02:00.157	0.84276	0.84277			6
2025.06.09	02:02:06.771	0.84277	0.84278			6
2025.06.09	02:02:08.205	0.84275	0.84276			6
2025.06.09	02:02:11.738	0.84274	0.84275			6
2025.06.09	02:02:15.775	0.84275	0.84276			6
2025.06.09	02:02:16.115	0.84276	0.84277			6
2025.06.09	02:02:25.185		0.84278			4
2025.06.09	02:02:30.780	0.84277				2
2025.06.09	02:02:38.358	0.84276	0.84277			6
2025.06.09	02:02:38.684		0.84278			4
2025.06.09	02:02:41.481	0.84279	0.84280			6
2025.06.09	02:02:49.792	0.84278	0.84279			6
2025.06.09	02:03:01.001	0.84279	0.84280			6
2025.06.09	02:03:01.367	0.84278	0.84279			6
2025.06.09	02:03:02.353	0.84279	0.84280			6
2025.06.09	02:03:02.688	0.84278				2
2025.06.09	02:03:02.999	0.84279				2
2025.06.09	02:03:07.944	0.84278	0.84279			6
2025.06.09	02:03:15.315	0.84277	0.84278			6
2025.06.09	02:03:16.119		0.84279			4
2025.06.09	02:03:18.878	0.84278				2
2025.06.09	02:03:31.028	0.84277	0.84278			6
2025.06.09	02:03:33.837	0.84276	0.84277			6
2025.06.09	02:03:35.271	0.84278	0.84279			6
2025.06.09	02:03:43.619	0.84279	0.84280			6
2025.06.09	02:03:45.384	0.84278	0.84279			6
2025.06.09	02:03:49.751	0.84279	0.84280			6
2025.06.09	02:03:50.076	0.84278	0.84279			6
2025.06.09	02:03:56.909	0.84279	0.84280			6
2025.06.09	02:03:58.395	0.84277	0.84278			6
2025.06.09	02:03:58.703	0.84278	0.84279			6
2025.06.09	02:04:00.474	0.84278				2
2025.06.09	02:04:21.821	0.84277	0.84278			6
2025.06.09	02:04:26.675		0.84279			4
2025.06.09	02:04:29.097		0.84278			4
2025.06.09	02:04:30.500	0.84276	0.84277			6
2025.06.09	02:05:07.273	0.84276				2
2025.06.09	02:05:08.523	0.84279	0.84280			6
2025.06.09	02:05:09.176	0.84278	0.84279			6
2025.06.09	02:05:09.480	0.84277	0.84278			6
2025.06.09	02:05:09.943	0.84280	0.84281			6
2025.06.09	02:05:10.650	0.84281	0.84282			6
2025.06.09	02:05:11.909	0.84280	0.84281			6
2025.06.09	02:05:15.314	0.84281	0.84282			6
2025.06.09	02:05:15.620	0.84280	0.84281			6
2025.06.09	02:05:15.925	0.84281	0.84282			6
2025.06.09	02:05:17.724	0.84280	0.84281			6
2025.06.09	02:05:18.055	0.84281	0.84282			6
2025.06.09	02:05:18.388	0.84280	0.84281			6
2025.06.09	02:05:18.734	0.84281	0.84282			6
2025.06.09	02:05:20.384	0.84280	0.84281			6
2025.06.09	02:05:20.748	0.84281	0.84282			6
2025.06.09	02:05:21.469	0.84280	0.84281			6
2025.06.09	02:05:21.782	0.84279	0.84280			6
2025.06.09	02:05:24.753	0.84280	0.84281			6
2025.06.09	02:05:59.656	0.84279	0.84280			6
2025.06.09	02:06:00.463	0.84280	0.84281			6
2025.06.09	02:06:42.176	0.84279	0.84280			6
2025.06.09	02:07:00.153	0.84279				2
2025.06.09	02:07:05.173	0.84280	0.84281			6
2025.06.09	02:07:13.947	0.84279	0.84280			6
2025.06.09	02:07:50.826	0.84278	0.84279			6
2025.06.09	02:07:51.374	0.84277	0.84278			6
2025.06.09	02:07:58.656	0.84280	0.84281			6
2025.06.09	02:07:59.807	0.84281	0.84282			6
2025.06.09	02:08:00.169	0.84281				2
2025.06.09	02:08:03.093	0.84276	0.84277			6
2025.06.09	02:08:12.846	0.84275	0.84276			6
2025.06.09	02:08:13.164	0.84274	0.84275			6
2025.06.09	02:08:15.300		0.84276			4
2025.06.09	02:08:15.943		0.84275			4
2025.06.09	02:08:25.771	0.84273	0.84274			6
2025.06.09	02:08:38.012	0.84272	0.84273			6
2025.06.09	02:08:39.944	0.84273	0.84274			6
2025.06.09	02:08:56.701	0.84272	0.84273			6
2025.06.09	02:08:58.949	0.84273	0.84274			6
2025.06.09	02:08:59.612	0.84272	0.84273			6
2025.06.09	02:09:00.342	0.84273	0.84274			6
2025.06.09	02:09:04.387	0.84272	0.84273			6
2025.06.09	02:09:06.980	0.84273	0.84274			6
2025.06.09	02:09:07.282	0.84272	0.84273			6
2025.06.09	02:09:10.274	0.84273	0.84274			6
2025.06.09	02:09:16.458	0.84274	0.84275			6
2025.06.09	02:09:20.212	0.84275	0.84276			6
2025.06.09	02:09:27.030	0.84273	0.84274			6
2025.06.09	02:09:31.967	0.84274	0.84275			6
2025.06.09	02:09:36.504	0.84273	0.84274			6
2025.06.09	02:09:42.004		0.84275			4
2025.06.09	02:09:42.350		0.84274			4
2025.06.09	02:09:43.975	0.84274	0.84275			6
2025.06.09	02:09:47.692	0.84273	0.84274			6
2025.06.09	02:09:48.578	0.84274	0.84275			6
2025.06.09	02:09:53.809	0.84275	0.84276			6
2025.06.09	02:09:56.172	0.84276	0.84277			6
2025.06.09	02:10:00.517	0.84276				2
2025.06.09	02:10:00.979	0.84275	0.84276			6
2025.06.09	02:10:01.921	0.84276	0.84277			6
2025.06.09	02:10:02.610	0.84274	0.84275			6
2025.06.09	02:10:04.409		0.84276			4
2025.06.09	02:10:04.846	0.84275				2
2025.06.09	02:10:06.360		0.84277			4
2025.06.09	02:10:06.826		0.84276			4
2025.06.09	02:10:07.889	0.84274				2
2025.06.09	02:10:08.201	0.84275				2
2025.06.09	02:10:11.362	0.84274	0.84275			6
2025.06.09	02:11:00.355	0.84274				2
2025.06.09	02:11:09.278	0.84278	0.84279			6
2025.06.09	02:11:09.581	0.84277	0.84278			6
2025.06.09	02:11:24.301	0.84278	0.84279			6
2025.06.09	02:11:25.057	0.84279	0.84280			6
2025.06.09	02:11:34.343	0.84280	0.84281			6
2025.06.09	02:11:43.907	0.84281	0.84282			6
2025.06.09	02:11:49.877	0.84282	0.84283			6
2025.06.09	02:11:50.765		0.84284			4
2025.06.09	02:11:55.573	0.84283				2
2025.06.09	02:12:01.923	0.84283				2
2025.06.09	02:12:10.574	0.84282	0.84283			6
2025.06.09	02:12:12.385	0.84283	0.84284			6
2025.06.09	02:12:23.320	0.84282	0.84283			6
2025.06.09	02:12:40.308	0.84281	0.84282			6
2025.06.09	02:12:43.491	0.84278	0.84279			6
2025.06.09	02:12:45.861	0.84277	0.84278			6
2025.06.09	02:12:48.979	0.84276	0.84277			6
2025.06.09	02:12:55.733	0.84277	0.84278			6
2025.06.09	02:13:00.810	0.84276	0.84277			6
2025.06.09	02:13:02.275	0.84277	0.84278			6
2025.06.09	02:13:16.867	0.84279	0.84280			6
2025.06.09	02:13:17.180	0.84280	0.84281			6
2025.06.09	02:13:33.447	0.84279	0.84280			6
2025.06.09	02:13:41.384	0.84281	0.84282			6
2025.06.09	02:13:43.223	0.84279	0.84281			6
2025.06.09	02:13:44.943		0.84282			4
2025.06.09	02:13:58.673	0.84281				2
2025.06.09	02:14:01.010	0.84281				2
2025.06.09	02:14:13.338	0.84279				2
2025.06.09	02:14:28.892		0.84280			4
2025.06.09	02:14:29.217	0.84280	0.84284			6
2025.06.09	02:14:29.519		0.84283			4
2025.06.09	02:14:30.007	0.84282	0.84284			6
2025.06.09	02:14:31.052	0.84283				2
2025.06.09	02:15:01.392	0.84282	0.84283			6
2025.06.09	02:15:02.011	0.84280	0.84281			6
2025.06.09	02:15:02.766	0.84281	0.84282			6
2025.06.09	02:15:03.101	0.84280	0.84281			6
2025.06.09	02:15:13.831	0.84281	0.84282			6
2025.06.09	02:15:25.624	0.84280	0.84281			6
2025.06.09	02:15:27.627	0.84281	0.84282			6
2025.06.09	02:15:29.305	0.84279	0.84280			6
2025.06.09	02:15:33.062	0.84278	0.84279			6
2025.06.09	02:15:38.686	0.84277	0.84278			6
2025.06.09	02:15:39.249	0.84276	0.84277			6
2025.06.09	02:15:42.454	0.84278	0.84279			6
2025.06.09	02:15:56.687	0.84277	0.84278			6
2025.06.09	02:15:59.361	0.84276	0.84277			6
2025.06.09	02:16:00.553	0.84276				2
2025.06.09	02:16:00.898	0.84280	0.84281			6
2025.06.09	02:16:02.275	0.84279	0.84280			6
2025.06.09	02:16:12.488	0.84278	0.84279			6
2025.06.09	02:16:12.832	0.84276	0.84277			6
2025.06.09	02:16:13.275	0.84278	0.84279			6
2025.06.09	02:16:15.249	0.84277	0.84278			6
2025.06.09	02:16:26.796	0.84278	0.84279			6
2025.06.09	02:16:27.355	0.84277	0.84278			6
2025.06.09	02:16:28.989	0.84276	0.84277			6
2025.06.09	02:16:42.607	0.84277	0.84278			6
2025.06.09	02:16:43.436	0.84276	0.84277			6
2025.06.09	02:16:45.673	0.84277	0.84278			6
2025.06.09	02:17:01.679	0.84276	0.84277			6
2025.06.09	02:17:24.466	0.84277	0.84278			6
2025.06.09	02:17:32.851	0.84278	0.84279			6
2025.06.09	02:17:33.342	0.84277	0.84278			6
2025.06.09	02:17:39.158	0.84278	0.84279			6
2025.06.09	02:17:42.062	0.84277	0.84278			6
2025.06.09	02:17:45.121	0.84278	0.84279			6
2025.06.09	02:18:00.405	0.84278				2
2025.06.09	02:18:03.380	0.84279	0.84280			6
2025.06.09	02:18:04.375	0.84278	0.84279			6
2025.06.09	02:18:40.689	0.84279	0.84280			6
2025.06.09	02:18:57.318	0.84280	0.84281			6
2025.06.09	02:19:00.703	0.84280				2
2025.06.09	02:19:28.243	0.84281	0.84282			6
2025.06.09	02:19:36.661	0.84280	0.84281			6
2025.06.09	02:19:39.060	0.84281	0.84282			6
2025.06.09	02:19:41.746	0.84279	0.84280			6
2025.06.09	02:20:01.087	0.84279				2
2025.06.09	02:20:41.765		0.84280			4
2025.06.09	02:20:49.780	0.84280	0.84281			6
2025.06.09	02:20:52.642	0.84278	0.84279			6
2025.06.09	02:20:54.671	0.84279	0.84280			6
2025.06.09	02:20:57.104	0.84280	0.84281			6
2025.06.09	02:21:00.974	0.84280				2
2025.06.09	02:21:22.791	0.84281	0.84282			6
2025.06.09	02:21:23.291	0.84280	0.84281			6
2025.06.09	02:21:25.544	0.84281	0.84282			6
2025.06.09	02:21:28.231	0.84280	0.84281			6
2025.06.09	02:21:51.990	0.84281	0.84282			6
2025.06.09	02:21:59.911	0.84280	0.84281			6
2025.06.09	02:22:00.405	0.84280				2
2025.06.09	02:22:04.215	0.84281	0.84282			6
2025.06.09	02:22:05.999	0.84280	0.84281			6
2025.06.09	02:22:09.249	0.84281	0.84282			6
2025.06.09	02:22:18.330	0.84280	0.84281			6
2025.06.09	02:22:38.169	0.84279				2
2025.06.09	02:22:48.980	0.84280				2
2025.06.09	02:22:49.991	0.84279				2
2025.06.09	02:22:54.470	0.84280				2
2025.06.09	02:23:00.382	0.84280				2
2025.06.09	02:23:18.439		0.84281			4
2025.06.09	02:23:35.238	0.84281	0.84282			6
2025.06.09	02:23:35.655	0.84280	0.84281			6
2025.06.09	02:24:00.190	0.84280				2
2025.06.09	02:24:36.159		0.84281			4
2025.06.09	02:24:48.406		0.84282			4
2025.06.09	02:24:50.349	0.84282	0.84283			6
2025.06.09	02:24:52.272	0.84283	0.84284			6
2025.06.09	02:24:53.792	0.84282	0.84283			6
2025.06.09	02:24:54.100	0.84281	0.84282			6
2025.06.09	02:24:54.402	0.84282	0.84283			6
2025.06.09	02:24:56.979	0.84283	0.84284			6
2025.06.09	02:24:57.396	0.84282	0.84283			6
2025.06.09	02:24:59.345	0.84281	0.84282			6
2025.06.09	02:25:00.105	0.84281				2
2025.06.09	02:25:03.233	0.84280	0.84281			6
2025.06.09	02:25:20.926	0.84279	0.84280			6
2025.06.09	02:25:32.785	0.84275	0.84276			6
2025.06.09	02:25:37.702	0.84276	0.84278			6
2025.06.09	02:25:38.047	0.84275	0.84277			6
2025.06.09	02:25:39.988		0.84278			4
2025.06.09	02:25:42.513		0.84277			4
2025.06.09	02:25:43.102		0.84278			4
2025.06.09	02:25:46.717	0.84276				2
2025.06.09	02:25:47.411	0.84275				2
2025.06.09	02:25:57.937	0.84276				2
2025.06.09	02:26:00.283	0.84276				2
2025.06.09	02:26:01.784		0.84277			4
2025.06.09	02:26:10.182	0.84275				2
2025.06.09	02:26:30.349	0.84277	0.84279			6
2025.06.09	02:26:30.722		0.84278			4
2025.06.09	02:26:32.341	0.84278	0.84280			6
2025.06.09	02:26:37.083	0.84276	0.84278			6
2025.06.09	02:26:38.205	0.84277	0.84279			6
2025.06.09	02:26:50.635	0.84278				2
2025.06.09	02:26:51.876	0.84277				2
2025.06.09	02:27:00.405	0.84277				2
2025.06.09	02:27:04.111		0.84278			4
2025.06.09	02:27:06.411		0.84279			4
2025.06.09	02:27:11.482		0.84278			4
2025.06.09	02:27:32.685		0.84279			4
2025.06.09	02:27:39.449		0.84278			4
2025.06.09	02:27:40.353		0.84279			4
2025.06.09	02:28:00.217	0.84277				2
2025.06.09	02:28:01.036		0.84278			4
2025.06.09	02:28:01.765	0.84276				2
2025.06.09	02:28:06.342		0.84277			4
2025.06.09	02:28:07.722		0.84278			4
2025.06.09	02:28:11.122	0.84277				2
2025.06.09	02:28:20.392		0.84279			4
2025.06.09	02:28:31.603		0.84278			4
2025.06.09	02:28:31.923		0.84279			4
2025.06.09	02:28:44.296	0.84278				2
2025.06.09	02:28:51.232	0.84277				2
2025.06.09	02:28:53.609	0.84275				2
2025.06.09	02:28:57.210	0.84279	0.84280			6
2025.06.09	02:28:59.531		0.84281			4
2025.06.09	02:29:04.002	0.84279				2
2025.06.09	02:29:45.624		0.84280			4
2025.06.09	02:30:00.378	0.84279				2
2025.06.09	02:30:03.430	0.84278	0.84279			6
2025.06.09	02:30:06.332	0.84277	0.84278			6
2025.06.09	02:30:10.609	0.84275	0.84276			6
2025.06.09	02:30:11.349	0.84276	0.84277			6
2025.06.09	02:30:12.341	0.84275	0.84276			6
2025.06.09	02:30:12.660	0.84276	0.84277			6
2025.06.09	02:30:14.204	0.84277	0.84278			6
2025.06.09	02:30:21.943	0.84274	0.84275			6
2025.06.09	02:30:23.154	0.84275	0.84276			6
2025.06.09	02:30:23.550	0.84274	0.84275			6
2025.06.09	02:30:24.832	0.84275	0.84276			6
2025.06.09	02:30:26.664	0.84274	0.84275			6
2025.06.09	02:30:29.236	0.84272	0.84273			6
2025.06.09	02:30:39.397	0.84273	0.84274			6
2025.06.09	02:30:39.708	0.84274	0.84275			6
2025.06.09	02:30:41.498	0.84272	0.84274			6
2025.06.09	02:30:51.422		0.84273			4
2025.06.09	02:30:51.901		0.84274			4
2025.06.09	02:30:58.530		0.84273			4
2025.06.09	02:30:58.840		0.84274			4
2025.06.09	02:31:00.074	0.84272				2
2025.06.09	02:31:00.396	0.84271	0.84273			6
2025.06.09	02:31:01.165	0.84272				2
2025.06.09	02:31:01.509		0.84274			4
2025.06.09	02:31:01.826		0.84273			4
2025.06.09	02:31:02.235		0.84274			4
2025.06.09	02:31:03.977	0.84273				2
2025.06.09	02:31:04.305	0.84272	0.84273			6
2025.06.09	02:31:12.636	0.84273	0.84274			6
2025.06.09	02:31:21.970	0.84274	0.84275			6
2025.06.09	02:31:22.321	0.84275	0.84276			6
2025.06.09	02:31:30.685	0.84274	0.84275			6
2025.06.09	02:31:42.139	0.84275	0.84276			6
2025.06.09	02:31:43.744	0.84274	0.84275			6
2025.06.09	02:31:45.374	0.84275	0.84276			6
2025.06.09	02:31:48.898	0.84274	0.84275			6
2025.06.09	02:31:52.227	0.84275	0.84276			6
2025.06.09	02:32:00.451	0.84275				2
2025.06.09	02:32:01.270	0.84274	0.84275			6
2025.06.09	02:33:00.566	0.84274				2
2025.06.09	02:33:02.351		0.84275			4
2025.06.09	02:33:05.189	0.84273	0.84274			6
2025.06.09	02:33:41.577	0.84274	0.84275			6
2025.06.09	02:33:57.769	0.84273	0.84274			6
2025.06.09	02:34:00.371	0.84273				2
2025.06.09	02:34:01.425	0.84274	0.84275			6
2025.06.09	02:34:01.952	0.84272	0.84273			6
2025.06.09	02:34:07.378	0.84270	0.84271			6
2025.06.09	02:34:07.838		0.84272			4
2025.06.09	02:34:10.920		0.84271			4
2025.06.09	02:34:12.073		0.84272			4
2025.06.09	02:34:14.408		0.84271			4
2025.06.09	02:34:14.852		0.84272			4
2025.06.09	02:34:16.166		0.84271			4
2025.06.09	02:34:16.941		0.84272			4
2025.06.09	02:34:17.675		0.84271			4
2025.06.09	02:34:21.726		0.84272			4
2025.06.09	02:34:30.239		0.84271			4
2025.06.09	02:34:30.637		0.84272			4
2025.06.09	02:34:42.450		0.84271			4
2025.06.09	02:34:43.092		0.84272			4
2025.06.09	02:34:47.423	0.84271				2
2025.06.09	02:34:55.012	0.84272	0.84273			6
2025.06.09	02:35:00.397	0.84272				2
2025.06.09	02:35:01.684	0.84271	0.84272			6
2025.06.09	02:35:27.573	0.84270	0.84271			6
2025.06.09	02:35:32.704	0.84271	0.84272			6
2025.06.09	02:35:34.126	0.84268	0.84269			6
2025.06.09	02:35:41.709	0.84269	0.84270			6
2025.06.09	02:35:45.083	0.84270	0.84271			6
2025.06.09	02:35:46.207	0.84271	0.84272			6
2025.06.09	02:35:49.717	0.84270	0.84271			6
2025.06.09	02:35:57.678	0.84271	0.84272			6
2025.06.09	02:36:00.407	0.84271				2
2025.06.09	02:36:43.994	0.84272	0.84273			6
2025.06.09	02:36:44.499	0.84271	0.84272			6
2025.06.09	02:36:44.927	0.84272	0.84273			6
2025.06.09	02:36:45.648	0.84271	0.84272			6
2025.06.09	02:36:56.187	0.84268	0.84269			6
2025.06.09	02:36:56.837	0.84269	0.84270			6
2025.06.09	02:36:58.347	0.84267	0.84268			6
2025.06.09	02:37:00.320	0.84267				2
2025.06.09	02:37:21.763	0.84266	0.84267			6
2025.06.09	02:38:00.039	0.84266				2
2025.06.09	02:38:10.676	0.84267	0.84268			6
2025.06.09	02:38:11.173	0.84266	0.84267			6
2025.06.09	02:38:18.243	0.84265	0.84266			6
2025.06.09	02:38:37.791	0.84266	0.84267			6
2025.06.09	02:38:44.607	0.84265	0.84266			6
2025.06.09	02:38:45.188	0.84266	0.84267			6
2025.06.09	02:38:47.392	0.84265	0.84266			6
2025.06.09	02:38:47.878	0.84266	0.84267			6
2025.06.09	02:38:51.409	0.84265	0.84266			6
2025.06.09	02:38:57.025	0.84266	0.84267			6
2025.06.09	02:39:00.107	0.84265	0.84266			6
2025.06.09	02:39:00.451	0.84266	0.84267			6
2025.06.09	02:39:02.046	0.84265	0.84266			6
2025.06.09	02:39:03.427	0.84266	0.84267			6
2025.06.09	02:39:19.652	0.84265	0.84266			6
2025.06.09	02:39:23.020	0.84263	0.84264			6
2025.06.09	02:39:26.316	0.84264	0.84265			6
2025.06.09	02:39:32.425	0.84263	0.84264			6
2025.06.09	02:40:05.180	0.84263				2
2025.06.09	02:40:17.807	0.84262	0.84263			6
2025.06.09	02:40:35.110	0.84261				2
2025.06.09	02:40:39.416	0.84262				2
2025.06.09	02:41:00.453	0.84262				2
2025.06.09	02:41:08.013	0.84264	0.84265			6
2025.06.09	02:41:13.293	0.84263	0.84264			6
2025.06.09	02:41:17.683	0.84264	0.84265			6
2025.06.09	02:41:18.007	0.84265	0.84266			6
2025.06.09	02:41:18.896	0.84264	0.84265			6
2025.06.09	02:41:27.822	0.84263	0.84264			6
2025.06.09	02:41:49.857	0.84262	0.84263			6
2025.06.09	02:41:50.219	0.84261	0.84262			6
2025.06.09	02:42:01.151	0.84261				2
2025.06.09	02:42:01.764	0.84262	0.84263			6
2025.06.09	02:42:04.271	0.84261	0.84262			6
2025.06.09	02:42:11.518	0.84263	0.84264			6
2025.06.09	02:42:12.071	0.84261	0.84262			6
2025.06.09	02:42:18.999	0.84262	0.84263			6
2025.06.09	02:42:19.301	0.84261	0.84262			6
2025.06.09	02:42:22.496	0.84262	0.84263			6
2025.06.09	02:42:31.971	0.84261	0.84262			6
2025.06.09	02:42:36.451	0.84262	0.84263			6
2025.06.09	02:42:43.392	0.84261	0.84262			6
2025.06.09	02:42:54.967	0.84262	0.84263			6
2025.06.09	02:42:56.353	0.84263	0.84264			6
2025.06.09	02:42:57.049	0.84264	0.84265			6
2025.06.09	02:43:00.045	0.84264				2
2025.06.09	02:43:27.753	0.84263	0.84264			6
2025.06.09	02:43:28.077		0.84265			4
2025.06.09	02:43:32.268	0.84264				2
2025.06.09	02:43:33.522	0.84263				2
2025.06.09	02:43:34.907		0.84264			4
2025.06.09	02:43:39.692		0.84265			4
2025.06.09	02:43:40.176		0.84264			4
2025.06.09	02:44:00.408	0.84263				2
2025.06.09	02:44:11.142	0.84264	0.84265			6
2025.06.09	02:44:14.972	0.84263	0.84264			6
2025.06.09	02:44:15.460	0.84262	0.84263			6
2025.06.09	02:44:30.371	0.84263	0.84264			6
2025.06.09	02:44:31.282	0.84262	0.84263			6
2025.06.09	02:44:35.072	0.84263	0.84264			6
2025.06.09	02:44:35.816	0.84262	0.84263			6
2025.06.09	02:44:36.382	0.84266	0.84267			6
2025.06.09	02:44:39.076	0.84265	0.84266			6
2025.06.09	02:44:47.464	0.84263	0.84265			6
2025.06.09	02:44:49.574		0.84264			4
2025.06.09	02:44:50.045		0.84265			4
2025.06.09	02:44:52.471		0.84264			4
2025.06.09	02:44:54.169		0.84265			4
2025.06.09	02:44:54.482	0.84262	0.84263			6
2025.06.09	02:45:00.316	0.84262				2
2025.06.09	02:45:01.698	0.84259	0.84261			6
2025.06.09	02:45:03.106	0.84261	0.84262			6
2025.06.09	02:45:03.657	0.84260	0.84261			6
2025.06.09	02:45:05.217	0.84259				2
2025.06.09	02:45:05.883		0.84260			4
2025.06.09	02:45:06.425		0.84261			4
2025.06.09	02:45:06.750		0.84260			4
2025.06.09	02:45:12.289	0.84255	0.84258			6
2025.06.09	02:45:15.961	0.84258	0.84259			6
2025.06.09	02:45:19.643	0.84259	0.84260			6
2025.06.09	02:45:31.317	0.84261	0.84262			6
2025.06.09	02:45:33.491	0.84262	0.84263			6
2025.06.09	02:45:43.183	0.84264	0.84265			6
2025.06.09	02:45:44.162	0.84265	0.84266			6
2025.06.09	02:45:48.833	0.84264	0.84265			6
2025.06.09	02:45:54.342	0.84265	0.84266			6
2025.06.09	02:46:02.345	0.84265				2
2025.06.09	02:46:12.141	0.84264	0.84265			6
2025.06.09	02:46:22.966	0.84262	0.84263			6
2025.06.09	02:46:28.882	0.84263	0.84264			6
2025.06.09	02:46:30.198	0.84264	0.84265			6
2025.06.09	02:46:30.570	0.84263	0.84264			6
2025.06.09	02:46:31.248	0.84264	0.84265			6
2025.06.09	02:46:33.133	0.84263	0.84264			6
2025.06.09	02:46:36.542	0.84264	0.84265			6
2025.06.09	02:46:59.445	0.84263	0.84264			6
2025.06.09	02:47:00.300	0.84263				2
2025.06.09	02:47:02.344	0.84264	0.84265			6
2025.06.09	02:47:02.650	0.84263	0.84264			6
2025.06.09	02:48:00.533	0.84263				2
2025.06.09	02:48:02.824		0.84264			4
2025.06.09	02:48:04.024	0.84264	0.84265			6
2025.06.09	02:48:08.646		0.84266			4
2025.06.09	02:48:09.374		0.84265			4
2025.06.09	02:48:18.794	0.84265	0.84266			6
2025.06.09	02:48:32.143	0.84264	0.84265			6
2025.06.09	02:48:43.937	0.84263	0.84264			6
2025.06.09	02:48:56.143		0.84266			4
2025.06.09	02:48:56.647		0.84267			4
2025.06.09	02:48:57.548	0.84265				2
2025.06.09	02:49:00.314	0.84265				2
2025.06.09	02:49:03.542		0.84268			4
2025.06.09	02:49:08.916		0.84267			4
2025.06.09	02:49:12.106		0.84268			4
2025.06.09	02:49:12.778		0.84267			4
2025.06.09	02:49:17.071		0.84268			4
2025.06.09	02:49:20.203		0.84267			4
2025.06.09	02:49:21.286		0.84268			4
2025.06.09	02:49:22.694		0.84267			4
2025.06.09	02:49:23.776		0.84268			4
2025.06.09	02:49:24.561		0.84267			4
2025.06.09	02:49:24.906		0.84268			4
2025.06.09	02:49:34.272		0.84269			4
2025.06.09	02:49:35.335		0.84268			4
2025.06.09	02:49:35.639		0.84269			4
2025.06.09	02:49:36.124		0.84268			4
2025.06.09	02:49:36.449		0.84269			4
2025.06.09	02:50:00.522	0.84265				2
2025.06.09	02:50:19.134	0.84268	0.84271			6
2025.06.09	02:50:19.479		0.84272			4
2025.06.09	02:50:19.780	0.84266	0.84270			6
2025.06.09	02:50:29.000		0.84271			4
2025.06.09	02:50:29.827		0.84270			4
2025.06.09	02:50:30.355	0.84267	0.84271			6
2025.06.09	02:50:30.674	0.84266	0.84270			6
2025.06.09	02:50:31.366	0.84268				2
2025.06.09	02:50:54.210		0.84269			4
2025.06.09	02:50:55.081		0.84270			4
2025.06.09	02:50:55.586	0.84269				2
2025.06.09	02:51:00.726	0.84269				2
2025.06.09	02:51:30.569	0.84270	0.84271			6
2025.06.09	02:51:50.525	0.84269	0.84270			6
2025.06.09	02:51:51.763		0.84271			4
2025.06.09	02:51:53.370		0.84270			4
2025.06.09	02:51:57.476	0.84270	0.84271			6
2025.06.09	02:51:58.409	0.84267	0.84270			6
2025.06.09	02:52:00.355	0.84267				2
2025.06.09	02:52:03.555	0.84271	0.84272			6
2025.06.09	02:52:17.099	0.84270				2
2025.06.09	02:52:17.409	0.84271				2
2025.06.09	02:52:18.110	0.84270				2
2025.06.09	02:52:19.139	0.84271				2
2025.06.09	02:52:19.832	0.84270				2
2025.06.09	02:52:24.316	0.84271				2
2025.06.09	02:52:25.066		0.84273			4
2025.06.09	02:52:25.392		0.84272			4
2025.06.09	02:52:31.717	0.84272	0.84273			6
2025.06.09	02:52:36.397	0.84271	0.84272			6
2025.06.09	02:52:36.700	0.84270				2
2025.06.09	02:52:37.598	0.84271				2
2025.06.09	02:52:55.419	0.84269	0.84271			6
2025.06.09	02:52:55.728		0.84270			4
2025.06.09	02:53:00.694	0.84268				2
