<DATE>	<TIME>	<BID>	<ASK>	<LAST>	<VOLUME>	<FLAGS>
2025.10.22	00:03:31.074	0.86662	0.86807			6
2025.10.22	00:03:33.708	0.86667				2
2025.10.22	00:04:11.124	0.86667				2
2025.10.22	00:04:33.706	0.86669	0.86807			6
2025.10.22	00:05:05.932	0.86669				2
2025.10.22	00:05:34.354		0.86807			4
2025.10.22	00:06:00.816	0.86669				2
2025.10.22	00:06:35.201		0.86807			4
2025.10.22	00:07:01.126	0.86669				2
2025.10.22	00:07:36.362		0.86807			4
2025.10.22	00:07:46.097	0.86664	0.86841			6
2025.10.22	00:08:11.128	0.86664				2
2025.10.22	00:08:33.705	0.86656	0.86833			6
2025.10.22	00:09:01.126	0.86656				2
2025.10.22	00:09:36.111		0.86833			4
2025.10.22	00:10:00.377	0.86667	0.86817			6
2025.10.22	00:10:01.546	0.86664				2
2025.10.22	00:10:03.356		0.86816			4
2025.10.22	00:10:11.532	0.86684	0.86803			6
2025.10.22	00:10:46.076		0.86804			4
2025.10.22	00:11:00.271	0.86684				2
2025.10.22	00:11:04.741	0.86673	0.86819			6
2025.10.22	00:11:06.295	0.86664	0.86817			6
2025.10.22	00:11:06.654	0.86684	0.86804			6
2025.10.22	00:11:07.650	0.86664	0.86817			6
2025.10.22	00:11:08.210	0.86662	0.86818			6
2025.10.22	00:11:08.596	0.86661	0.86820			6
2025.10.22	00:11:13.603	0.86684	0.86804			6
2025.10.22	00:11:14.531	0.86661	0.86820			6
2025.10.22	00:11:19.955	0.86664	0.86817			6
2025.10.22	00:11:20.354	0.86684	0.86804			6
2025.10.22	00:11:21.348	0.86664	0.86817			6
2025.10.22	00:11:24.690	0.86669	0.86812			6
2025.10.22	00:11:26.697		0.86811			4
2025.10.22	00:11:27.299	0.86684	0.86804			6
2025.10.22	00:11:28.272	0.86669	0.86811			6
2025.10.22	00:11:29.890		0.86812			4
2025.10.22	00:11:31.254		0.86811			4
2025.10.22	00:11:34.137	0.86684	0.86804			6
2025.10.22	00:11:35.101	0.86669	0.86811			6
2025.10.22	00:11:42.655	0.86670				2
2025.10.22	00:11:56.976	0.86669				2
2025.10.22	00:11:57.956	0.86670				2
2025.10.22	00:12:00.351	0.86670				2
2025.10.22	00:12:07.389	0.86671	0.86810			6
2025.10.22	00:12:08.229	0.86670	0.86811			6
2025.10.22	00:12:08.754	0.86669	0.86812			6
2025.10.22	00:12:10.854		0.86811			4
2025.10.22	00:12:25.842	0.86670				2
2025.10.22	00:12:27.056		0.86810			4
2025.10.22	00:12:36.354		0.86811			4
2025.10.22	00:12:38.733	0.86671	0.86810			6
2025.10.22	00:12:39.053	0.86670	0.86811			6
2025.10.22	00:12:45.353		0.86810			4
2025.10.22	00:12:49.252		0.86811			4
2025.10.22	00:12:51.052		0.86810			4
2025.10.22	00:13:01.468	0.86670				2
2025.10.22	00:13:04.855	0.86671				2
2025.10.22	00:13:11.302	0.86675				2
2025.10.22	00:13:18.809	0.86674	0.86811			6
2025.10.22	00:13:42.353		0.86810			4
2025.10.22	00:14:02.823	0.86674				2
2025.10.22	00:14:07.855	0.86675				2
2025.10.22	00:14:27.500	0.86674				2
2025.10.22	00:14:28.740	0.86675				2
2025.10.22	00:14:37.570	0.86674				2
2025.10.22	00:14:38.755	0.86675				2
2025.10.22	00:14:45.228		0.86810			4
2025.10.22	00:15:01.228	0.86675				2
2025.10.22	00:15:04.210	0.86676				2
2025.10.22	00:15:08.379	0.86675				2
2025.10.22	00:15:15.951	0.86673	0.86812			6
2025.10.22	00:15:18.953	0.86674	0.86811			6
2025.10.22	00:15:24.055		0.86812			4
2025.10.22	00:15:33.164	0.86673				2
2025.10.22	00:16:01.117	0.86673				2
2025.10.22	00:16:05.863	0.86674				2
2025.10.22	00:16:07.207	0.86673				2
2025.10.22	00:16:08.237	0.86670	0.86811			6
2025.10.22	00:16:27.593		0.86812			4
2025.10.22	00:16:43.128	0.86667				2
2025.10.22	00:17:05.196	0.86667				2
2025.10.22	00:17:30.023	0.86668	0.86812			6
2025.10.22	00:17:32.455	0.86667	0.86813			6
2025.10.22	00:17:50.702	0.86675				2
2025.10.22	00:17:55.002	0.86680				2
2025.10.22	00:18:05.228	0.86680				2
2025.10.22	00:18:25.936	0.86679	0.86814			6
2025.10.22	00:18:28.253	0.86680	0.86813			6
2025.10.22	00:18:35.674	0.86681				2
2025.10.22	00:18:40.017	0.86679				2
2025.10.22	00:18:45.842	0.86681				2
2025.10.22	00:18:50.064	0.86679				2
2025.10.22	00:18:50.702	0.86681				2
2025.10.22	00:19:01.124	0.86681				2
2025.10.22	00:19:30.052		0.86813			4
2025.10.22	00:19:52.560	0.86680				2
2025.10.22	00:20:07.236	0.86680				2
2025.10.22	00:20:30.956		0.86813			4
2025.10.22	00:20:38.357	0.86677				2
2025.10.22	00:20:49.256	0.86678				2
2025.10.22	00:20:52.972	0.86676				2
2025.10.22	00:21:02.214	0.86676				2
2025.10.22	00:21:31.124		0.86813			4
2025.10.22	00:21:43.800	0.86675				2
2025.10.22	00:21:48.174		0.86814			4
2025.10.22	00:21:50.382	0.86745	0.86827			6
2025.10.22	00:22:00.052	0.86745	0.86826			6
2025.10.22	00:22:01.126	0.86749	0.86864			6
2025.10.22	00:22:03.398	0.86748				2
2025.10.22	00:22:04.089	0.86749				2
2025.10.22	00:22:05.815	0.86748				2
2025.10.22	00:22:07.959	0.86747				2
2025.10.22	00:22:15.740	0.86748				2
2025.10.22	00:22:25.229	0.86749				2
2025.10.22	00:22:32.645		0.86842			4
2025.10.22	00:22:36.113	0.86748	0.86836			6
2025.10.22	00:22:38.191	0.86754	0.86846			6
2025.10.22	00:22:38.673	0.86756	0.86845			6
2025.10.22	00:22:39.275	0.86753	0.86846			6
2025.10.22	00:22:41.043	0.86751	0.86848			6
2025.10.22	00:22:43.019	0.86749	0.86839			6
2025.10.22	00:22:46.016	0.86757	0.86862			6
2025.10.22	00:22:46.325	0.86756	0.86863			6
2025.10.22	00:22:46.638		0.86866			4
2025.10.22	00:22:50.152	0.86757	0.86865			6
2025.10.22	00:22:50.673	0.86758	0.86864			6
2025.10.22	00:22:51.762	0.86757	0.86865			6
2025.10.22	00:22:53.249		0.86863			4
2025.10.22	00:22:56.083		0.86864			4
2025.10.22	00:22:56.655		0.86852			4
2025.10.22	00:22:58.851	0.86738	0.86818			6
2025.10.22	00:23:00.353	0.86728	0.86817			6
2025.10.22	00:23:02.303	0.86731	0.86814			6
2025.10.22	00:23:02.810		0.86813			4
2025.10.22	00:23:04.067	0.86720	0.86814			6
2025.10.22	00:23:05.567	0.86731				2
2025.10.22	00:23:07.390	0.86730	0.86815			6
2025.10.22	00:23:11.405	0.86727				2
2025.10.22	00:23:16.021	0.86726	0.86816			6
2025.10.22	00:23:16.554	0.86727				2
2025.10.22	00:23:21.126	0.86729	0.86814			6
2025.10.22	00:23:22.824		0.86813			4
2025.10.22	00:23:24.928	0.86731	0.86811			6
2025.10.22	00:23:28.350	0.86732				2
2025.10.22	00:23:38.347	0.86731				2
2025.10.22	00:23:56.277	0.86728	0.86812			6
2025.10.22	00:24:00.335	0.86730				2
2025.10.22	00:24:00.927	0.86731	0.86813			6
2025.10.22	00:24:02.580	0.86728	0.86814			6
2025.10.22	00:24:06.615	0.86725	0.86817			6
2025.10.22	00:24:08.347	0.86727				2
2025.10.22	00:24:10.359	0.86730	0.86814			6
2025.10.22	00:24:18.349	0.86728				2
2025.10.22	00:24:21.746		0.86815			4
2025.10.22	00:24:33.352		0.86814			4
2025.10.22	00:24:45.352	0.86729				2
2025.10.22	00:24:48.313	0.86730				2
2025.10.22	00:24:58.350	0.86729				2
2025.10.22	00:25:00.308	0.86730				2
2025.10.22	00:25:03.749	0.86729				2
2025.10.22	00:25:08.342	0.86731				2
2025.10.22	00:25:08.892	0.86732				2
2025.10.22	00:25:15.046		0.86813			4
2025.10.22	00:25:16.048	0.86730	0.86814			6
2025.10.22	00:25:18.864	0.86729	0.86815			6
2025.10.22	00:25:22.064	0.86730	0.86814			6
2025.10.22	00:25:22.897	0.86729	0.86815			6
2025.10.22	00:25:23.894	0.86731	0.86814			6
2025.10.22	00:25:25.425	0.86729	0.86815			6
2025.10.22	00:25:26.424	0.86730	0.86814			6
2025.10.22	00:25:27.428	0.86729				2
2025.10.22	00:25:28.439	0.86730				2
2025.10.22	00:25:30.447	0.86731	0.86813			6
2025.10.22	00:25:31.469	0.86728	0.86814			6
2025.10.22	00:25:32.356	0.86730	0.86813			6
2025.10.22	00:25:33.480	0.86729	0.86814			6
2025.10.22	00:25:34.480	0.86730	0.86813			6
2025.10.22	00:25:35.484	0.86729	0.86814			6
2025.10.22	00:25:36.055	0.86730				2
2025.10.22	00:25:36.488	0.86731	0.86813			6
2025.10.22	00:25:36.955	0.86730				2
2025.10.22	00:25:37.495	0.86731				2
2025.10.22	00:25:38.503	0.86732	0.86812			6
2025.10.22	00:25:38.994	0.86723	0.86813			6
2025.10.22	00:25:41.803	0.86730	0.86814			6
2025.10.22	00:25:42.653	0.86729	0.86815			6
2025.10.22	00:25:44.346	0.86722				2
2025.10.22	00:25:58.700	0.86709	0.86811			6
2025.10.22	00:26:00.366	0.86709				2
2025.10.22	00:26:02.132	0.86707				2
2025.10.22	00:26:22.156	0.86709				2
2025.10.22	00:26:23.533	0.86708				2
2025.10.22	00:26:26.136	0.86709				2
2025.10.22	00:26:28.131	0.86710				2
2025.10.22	00:26:30.735	0.86709				2
2025.10.22	00:26:32.173	0.86708				2
2025.10.22	00:26:46.917	0.86709				2
2025.10.22	00:26:52.215	0.86708				2
2025.10.22	00:26:53.708	0.86709				2
2025.10.22	00:26:58.551		0.86790			4
2025.10.22	00:27:00.358	0.86709				2
2025.10.22	00:27:02.334	0.86711	0.86812			6
2025.10.22	00:27:12.352	0.86709				2
2025.10.22	00:27:15.646	0.86711	0.86796			6
2025.10.22	00:27:23.686		0.86799			4
2025.10.22	00:27:32.755	0.86708				2
2025.10.22	00:27:42.756	0.86709				2
2025.10.22	00:27:49.198	0.86708				2
2025.10.22	00:28:03.355	0.86708				2
2025.10.22	00:28:28.161		0.86799			4
2025.10.22	00:28:32.632	0.86711				2
2025.10.22	00:29:01.124	0.86711				2
2025.10.22	00:29:29.153		0.86799			4
2025.10.22	00:29:38.591	0.86712	0.86800			6
2025.10.22	00:29:45.025	0.86713				2
2025.10.22	00:29:51.668	0.86716				2
2025.10.22	00:30:00.303	0.86716	0.86809			6
2025.10.22	00:30:00.616	0.86715				2
2025.10.22	00:30:11.121	0.86716	0.86808			6
2025.10.22	00:30:13.585		0.86806			4
2025.10.22	00:30:15.609	0.86717	0.86809			6
2025.10.22	00:30:38.156	0.86718				2
2025.10.22	00:30:38.535	0.86719	0.86812			6
2025.10.22	00:31:01.126	0.86719				2
2025.10.22	00:31:01.551	0.86703	0.86811			6
2025.10.22	00:31:03.844	0.86705				2
2025.10.22	00:31:06.301	0.86716				2
2025.10.22	00:31:09.358		0.86812			4
2025.10.22	00:31:14.929	0.86717				2
2025.10.22	00:31:41.124		0.86811			4
2025.10.22	00:32:00.384	0.86717				2
2025.10.22	00:32:01.854		0.86812			4
2025.10.22	00:32:06.228	0.86721				2
2025.10.22	00:32:45.053		0.86811			4
2025.10.22	00:32:45.894	0.86729	0.86817			6
2025.10.22	00:32:46.950		0.86818			4
2025.10.22	00:32:59.467		0.86820			4
2025.10.22	00:33:00.350	0.86732				2
2025.10.22	00:33:14.239	0.86731	0.86819			6
2025.10.22	00:33:17.480		0.86820			4
2025.10.22	00:33:21.447	0.86732				2
2025.10.22	00:33:22.222	0.86731				2
2025.10.22	00:33:33.042		0.86818			4
2025.10.22	00:34:01.124	0.86731				2
2025.10.22	00:34:07.080	0.86735	0.86823			6
2025.10.22	00:34:09.570	0.86737				2
2025.10.22	00:34:16.947	0.86741	0.86829			6
2025.10.22	00:34:20.992		0.86828			4
2025.10.22	00:34:29.131		0.86827			4
2025.10.22	00:34:32.655	0.86742				2
2025.10.22	00:35:01.853	0.86742				2
2025.10.22	00:35:13.041	0.86744	0.86831			6
2025.10.22	00:35:15.701	0.86747	0.86832			6
2025.10.22	00:35:16.219	0.86744	0.86831			6
2025.10.22	00:35:23.132		0.86828			4
2025.10.22	00:35:37.951		0.86830			4
2025.10.22	00:35:53.454		0.86829			4
2025.10.22	00:35:57.364		0.86831			4
2025.10.22	00:35:58.855		0.86830			4
2025.10.22	00:36:00.444	0.86744				2
2025.10.22	00:36:08.755		0.86829			4
2025.10.22	00:36:18.796		0.86827			4
2025.10.22	00:36:19.147	0.86739				2
2025.10.22	00:36:23.214		0.86826			4
2025.10.22	00:36:24.352		0.86827			4
2025.10.22	00:36:25.007	0.86740				2
2025.10.22	00:36:25.785		0.86828			4
2025.10.22	00:36:30.653		0.86827			4
2025.10.22	00:36:32.878	0.86744	0.86828			6
2025.10.22	00:36:33.921		0.86827			4
2025.10.22	00:36:42.004		0.86825			4
2025.10.22	00:36:45.271	0.86752				2
2025.10.22	00:36:47.753		0.86826			4
2025.10.22	00:36:48.062	0.86753				2
2025.10.22	00:36:48.951	0.86752				2
2025.10.22	00:36:51.954	0.86753				2
2025.10.22	00:36:53.529	0.86752				2
2025.10.22	00:36:57.117	0.86753				2
2025.10.22	00:36:59.219	0.86752				2
2025.10.22	00:37:00.653	0.86752				2
2025.10.22	00:37:15.355		0.86825			4
2025.10.22	00:37:28.855		0.86826			4
2025.10.22	00:37:31.458		0.86825			4
2025.10.22	00:37:36.203		0.86826			4
2025.10.22	00:37:37.556		0.86825			4
2025.10.22	00:38:04.253	0.86752				2
2025.10.22	00:38:06.651		0.86824			4
2025.10.22	00:38:28.319		0.86825			4
2025.10.22	00:38:29.026		0.86824			4
2025.10.22	00:38:37.553	0.86747	0.86825			6
2025.10.22	00:38:47.290		0.86824			4
2025.10.22	00:38:49.795		0.86822			4
2025.10.22	00:39:00.353	0.86747				2
2025.10.22	00:39:00.902		0.86824			4
2025.10.22	00:39:08.865		0.86823			4
2025.10.22	00:39:09.950		0.86825			4
2025.10.22	00:39:12.955		0.86824			4
2025.10.22	00:39:20.933		0.86825			4
2025.10.22	00:39:26.124		0.86823			4
2025.10.22	00:39:30.055		0.86822			4
2025.10.22	00:39:31.554		0.86823			4
2025.10.22	00:39:35.586		0.86824			4
2025.10.22	00:39:55.549		0.86823			4
2025.10.22	00:40:00.458	0.86747	0.86822			6
2025.10.22	00:40:01.126		0.86823			4
2025.10.22	00:40:06.203		0.86824			4
2025.10.22	00:40:08.862	0.86751				2
2025.10.22	00:40:09.652		0.86825			4
2025.10.22	00:40:15.955		0.86824			4
2025.10.22	00:40:26.033		0.86822			4
2025.10.22	00:40:26.986	0.86747	0.86823			6
2025.10.22	00:40:27.921		0.86821			4
2025.10.22	00:40:37.178		0.86822			4
2025.10.22	00:40:38.272		0.86821			4
2025.10.22	00:40:39.354		0.86820			4
2025.10.22	00:40:46.265		0.86822			4
2025.10.22	00:40:48.089		0.86821			4
2025.10.22	00:40:51.853		0.86822			4
2025.10.22	00:40:53.212		0.86821			4
2025.10.22	00:40:53.575		0.86822			4
2025.10.22	00:40:55.273		0.86823			4
2025.10.22	00:40:56.998		0.86824			4
2025.10.22	00:40:58.315		0.86821			4
2025.10.22	00:41:01.251	0.86747				2
2025.10.22	00:41:02.991		0.86823			4
2025.10.22	00:41:05.728		0.86825			4
2025.10.22	00:41:08.762		0.86823			4
2025.10.22	00:41:09.748		0.86822			4
2025.10.22	00:41:10.949		0.86825			4
2025.10.22	00:41:14.001		0.86822			4
2025.10.22	00:41:16.190		0.86825			4
2025.10.22	00:41:18.932	0.86750	0.86824			6
2025.10.22	00:41:26.648		0.86825			4
2025.10.22	00:41:27.228	0.86747	0.86826			6
2025.10.22	00:41:29.674		0.86824			4
2025.10.22	00:41:36.947		0.86826			4
2025.10.22	00:41:37.460	0.86749				2
2025.10.22	00:41:38.816	0.86748	0.86825			6
2025.10.22	00:41:40.141		0.86824			4
2025.10.22	00:41:44.373	0.86751				2
2025.10.22	00:41:47.542		0.86825			4
2025.10.22	00:41:54.221		0.86829			4
2025.10.22	00:42:00.732	0.86751				2
2025.10.22	00:42:19.551	0.86755				2
2025.10.22	00:42:22.251	0.86748				2
2025.10.22	00:42:22.583		0.86828			4
2025.10.22	00:42:24.559		0.86829			4
2025.10.22	00:42:30.424		0.86828			4
2025.10.22	00:42:35.510		0.86829			4
2025.10.22	00:42:38.135		0.86825			4
2025.10.22	00:43:01.944	0.86748				2
2025.10.22	00:43:15.653		0.86824			4
2025.10.22	00:43:18.053		0.86825			4
2025.10.22	00:43:21.431	0.86754	0.86824			6
2025.10.22	00:43:38.291	0.86750				2
2025.10.22	00:43:39.653		0.86823			4
2025.10.22	00:43:47.753		0.86824			4
2025.10.22	00:43:56.461		0.86823			4
2025.10.22	00:44:00.361	0.86750				2
2025.10.22	00:44:06.967		0.86824			4
2025.10.22	00:44:19.971	0.86753				2
2025.10.22	00:44:41.422		0.86825			4
2025.10.22	00:44:48.794		0.86824			4
2025.10.22	00:45:00.830	0.86753				2
2025.10.22	00:45:03.112	0.86769	0.86832			6
2025.10.22	00:45:06.674	0.86749	0.86824			6
2025.10.22	00:45:11.019	0.86761	0.86812			6
2025.10.22	00:45:13.799		0.86811			4
2025.10.22	00:45:14.166		0.86812			4
2025.10.22	00:45:14.525		0.86813			4
2025.10.22	00:45:15.374	0.86765				2
2025.10.22	00:45:19.012		0.86812			4
2025.10.22	00:45:19.912		0.86813			4
2025.10.22	00:45:40.515		0.86812			4
2025.10.22	00:45:42.382	0.86768	0.86814			6
2025.10.22	00:45:49.803		0.86812			4
2025.10.22	00:45:52.098		0.86813			4
2025.10.22	00:45:53.110		0.86814			4
2025.10.22	00:46:01.400	0.86768				2
2025.10.22	00:46:30.282	0.86772				2
2025.10.22	00:46:46.852	0.86773				2
2025.10.22	00:46:54.053		0.86813			4
2025.10.22	00:46:55.976	0.86772	0.86814			6
2025.10.22	00:47:01.955	0.86772				2
2025.10.22	00:47:03.130	0.86773				2
2025.10.22	00:47:06.681	0.86772				2
2025.10.22	00:47:27.394	0.86763				2
2025.10.22	00:47:56.701		0.86814			4
2025.10.22	00:48:00.981	0.86763				2
2025.10.22	00:48:21.785	0.86762				2
2025.10.22	00:48:25.911	0.86760	0.86815			6
2025.10.22	00:49:01.499	0.86760				2
2025.10.22	00:49:04.252	0.86761	0.86814			6
2025.10.22	00:49:11.776	0.86762	0.86813			6
2025.10.22	00:49:23.457		0.86814			4
2025.10.22	00:49:38.152	0.86761				2
2025.10.22	00:49:38.750	0.86760	0.86809			6
2025.10.22	00:49:53.117	0.86761				2
2025.10.22	00:49:57.930	0.86758	0.86803			6
2025.10.22	00:49:58.347	0.86759				2
2025.10.22	00:50:00.176	0.86759				2
2025.10.22	00:50:10.221	0.86760				2
2025.10.22	00:50:12.939		0.86808			4
2025.10.22	00:50:22.494	0.86759				2
2025.10.22	00:50:31.493	0.86760	0.86807			6
2025.10.22	00:50:32.714	0.86759				2
2025.10.22	00:50:33.121		0.86804			4
2025.10.22	00:50:33.949		0.86806			4
2025.10.22	00:50:40.696		0.86807			4
2025.10.22	00:50:40.997		0.86805			4
2025.10.22	00:50:42.028	0.86760				2
2025.10.22	00:50:43.552		0.86806			4
2025.10.22	00:50:55.997		0.86805			4
2025.10.22	00:50:57.975		0.86806			4
2025.10.22	00:50:58.831		0.86805			4
2025.10.22	00:51:00.648	0.86760	0.86804			6
2025.10.22	00:51:03.330		0.86806			4
2025.10.22	00:51:03.643		0.86805			4
2025.10.22	00:51:14.829	0.86759				2
2025.10.22	00:51:21.558	0.86762				2
2025.10.22	00:51:28.869	0.86764				2
2025.10.22	00:51:35.452		0.86804			4
2025.10.22	00:52:01.124	0.86764				2
2025.10.22	00:52:07.856	0.86760				2
2025.10.22	00:52:16.851		0.86803			4
2025.10.22	00:52:35.037	0.86763				2
2025.10.22	00:53:01.126	0.86763				2
2025.10.22	00:53:19.853		0.86803			4
2025.10.22	00:53:52.822		0.86802			4
2025.10.22	00:53:55.855		0.86801			4
2025.10.22	00:54:03.120	0.86763				2
2025.10.22	00:54:04.201		0.86800			4
2025.10.22	00:54:04.648	0.86764				2
2025.10.22	00:54:09.686	0.86759	0.86799			6
2025.10.22	00:54:24.452	0.86758	0.86793			6
2025.10.22	00:54:24.756	0.86756	0.86791			6
2025.10.22	00:54:26.765	0.86757				2
2025.10.22	00:54:27.645		0.86792			4
2025.10.22	00:54:52.538	0.86759				2
2025.10.22	00:54:53.152	0.86760				2
2025.10.22	00:54:53.806	0.86759				2
2025.10.22	00:54:54.557	0.86760				2
2025.10.22	00:54:54.862	0.86759				2
2025.10.22	00:54:55.178	0.86753	0.86798			6
2025.10.22	00:55:01.111	0.86758	0.86803			6
2025.10.22	00:55:02.059		0.86804			4
2025.10.22	00:55:04.421		0.86802			4
2025.10.22	00:55:05.752	0.86759				2
2025.10.22	00:55:07.856		0.86801			4
2025.10.22	00:55:09.086		0.86802			4
2025.10.22	00:55:11.455	0.86760	0.86801			6
2025.10.22	00:55:17.155	0.86761	0.86800			6
2025.10.22	00:55:22.555	0.86762	0.86799			6
2025.10.22	00:55:32.752		0.86798			4
2025.10.22	00:55:38.452	0.86763				2
2025.10.22	00:55:41.216		0.86797			4
2025.10.22	00:55:48.056	0.86764				2
2025.10.22	00:56:01.858	0.86764				2
2025.10.22	00:56:09.481	0.86762	0.86795			6
2025.10.22	00:56:17.756	0.86763				2
2025.10.22	00:56:21.954	0.86765	0.86793			6
2025.10.22	00:56:23.501	0.86767	0.86791			6
2025.10.22	00:57:01.123	0.86767				2
2025.10.22	00:57:04.536	0.86774				2
2025.10.22	00:57:06.690	0.86772				2
2025.10.22	00:57:16.816	0.86770	0.86793			6
2025.10.22	00:57:18.921	0.86762	0.86792			6
2025.10.22	00:57:24.353	0.86761				2
2025.10.22	00:57:27.904	0.86769	0.86793			6
2025.10.22	00:57:29.075	0.86778	0.86797			6
2025.10.22	00:57:29.444		0.86798			4
2025.10.22	00:57:33.342	0.86770	0.86795			6
2025.10.22	00:57:35.442		0.86794			4
2025.10.22	00:57:43.856		0.86795			4
2025.10.22	00:58:00.476	0.86770				2
2025.10.22	00:58:02.943		0.86794			4
2025.10.22	00:58:07.566	0.86768				2
2025.10.22	00:58:12.047	0.86765				2
2025.10.22	00:58:17.968	0.86763				2
2025.10.22	00:58:20.821		0.86795			4
2025.10.22	00:58:24.495	0.86772	0.86794			6
2025.10.22	00:58:27.064		0.86795			4
2025.10.22	00:58:27.808	0.86774	0.86802			6
2025.10.22	00:58:28.303		0.86803			4
2025.10.22	00:58:31.763		0.86806			4
2025.10.22	00:58:33.010		0.86804			4
2025.10.22	00:58:33.603		0.86828			4
2025.10.22	00:58:33.959		0.86819			4
2025.10.22	00:58:34.276		0.86824			4
2025.10.22	00:58:34.720		0.86818			4
2025.10.22	00:58:35.993		0.86821			4
2025.10.22	00:58:37.615		0.86820			4
2025.10.22	00:58:37.985		0.86824			4
2025.10.22	00:58:38.676		0.86819			4
2025.10.22	00:58:39.657		0.86818			4
2025.10.22	00:58:44.155		0.86816			4
2025.10.22	00:58:45.405		0.86815			4
2025.10.22	00:58:48.654		0.86814			4
2025.10.22	00:58:49.656		0.86813			4
2025.10.22	00:58:50.936		0.86812			4
2025.10.22	00:58:53.770		0.86810			4
2025.10.22	00:58:59.455		0.86809			4
2025.10.22	00:59:00.331	0.86774				2
2025.10.22	00:59:03.845	0.86779	0.86813			6
2025.10.22	00:59:08.784	0.86780				2
2025.10.22	00:59:10.566		0.86812			4
2025.10.22	00:59:23.802	0.86748	0.86816			6
2025.10.22	00:59:24.953		0.86815			4
2025.10.22	00:59:25.834	0.86784				2
2025.10.22	00:59:26.259		0.86816			4
2025.10.22	00:59:26.615		0.86817			4
2025.10.22	00:59:26.954		0.86818			4
2025.10.22	00:59:28.101		0.86817			4
2025.10.22	00:59:30.387		0.86816			4
2025.10.22	00:59:36.601		0.86815			4
2025.10.22	00:59:39.924	0.86749	0.86813			6
2025.10.22	00:59:40.236	0.86748				2
2025.10.22	00:59:40.970	0.86781				2
2025.10.22	00:59:48.479		0.86812			4
2025.10.22	00:59:50.609		0.86813			4
2025.10.22	00:59:51.547		0.86814			4
2025.10.22	00:59:53.475		0.86815			4
2025.10.22	00:59:55.659		0.86814			4
2025.10.22	01:00:00.309	0.86781	0.86811			6
2025.10.22	01:00:00.620		0.86813			4
2025.10.22	01:00:01.056		0.86820			4
2025.10.22	01:00:01.386	0.86780	0.86796			6
2025.10.22	01:00:01.690	0.86762	0.86802			6
2025.10.22	01:00:02.000		0.86797			4
2025.10.22	01:00:02.370		0.86796			4
2025.10.22	01:00:03.568		0.86804			4
2025.10.22	01:00:04.555		0.86802			4
2025.10.22	01:00:04.858	0.86761	0.86803			6
2025.10.22	01:00:05.508	0.86757	0.86801			6
2025.10.22	01:00:05.810	0.86755	0.86799			6
2025.10.22	01:00:06.158	0.86756	0.86803			6
2025.10.22	01:00:06.460	0.86759	0.86804			6
2025.10.22	01:00:07.110	0.86761	0.86793			6
2025.10.22	01:00:08.504		0.86791			4
2025.10.22	01:00:08.826		0.86792			4
2025.10.22	01:00:09.202		0.86793			4
2025.10.22	01:00:10.072	0.86760	0.86792			6
2025.10.22	01:00:10.378	0.86759				2
2025.10.22	01:00:10.879	0.86758	0.86791			6
2025.10.22	01:00:11.216	0.86760	0.86793			6
2025.10.22	01:00:11.520		0.86791			4
2025.10.22	01:00:12.216		0.86792			4
2025.10.22	01:00:15.422	0.86761				2
2025.10.22	01:00:15.737	0.86760	0.86793			6
2025.10.22	01:00:16.467	0.86727	0.86791			6
2025.10.22	01:00:17.201		0.86790			4
2025.10.22	01:00:17.800		0.86789			4
2025.10.22	01:00:18.878		0.86791			4
2025.10.22	01:00:20.752		0.86790			4
2025.10.22	01:00:21.831		0.86791			4
2025.10.22	01:00:22.272		0.86795			4
2025.10.22	01:00:25.379		0.86794			4
2025.10.22	01:00:27.078		0.86795			4
2025.10.22	01:00:30.328		0.86794			4
2025.10.22	01:00:31.228		0.86795			4
2025.10.22	01:00:31.621		0.86794			4
2025.10.22	01:00:31.929	0.86726	0.86786			6
2025.10.22	01:00:32.235		0.86787			4
2025.10.22	01:00:32.770		0.86786			4
2025.10.22	01:00:33.080		0.86785			4
2025.10.22	01:00:33.647		0.86787			4
2025.10.22	01:00:35.203		0.86786			4
2025.10.22	01:00:36.174		0.86787			4
2025.10.22	01:00:40.272	0.86732	0.86788			6
2025.10.22	01:00:40.775	0.86729				2
2025.10.22	01:00:42.255	0.86734	0.86789			6
2025.10.22	01:00:43.100	0.86732	0.86788			6
2025.10.22	01:00:43.424		0.86789			4
2025.10.22	01:00:47.753	0.86765				2
2025.10.22	01:00:50.731		0.86788			4
2025.10.22	01:00:51.429	0.86760	0.86787			6
2025.10.22	01:00:52.657	0.86759				2
2025.10.22	01:00:53.174	0.86760	0.86788			6
2025.10.22	01:00:53.477	0.86770	0.86791			6
2025.10.22	01:00:53.801	0.86769				2
2025.10.22	01:00:54.130	0.86770				2
2025.10.22	01:00:55.045		0.86792			4
2025.10.22	01:00:55.443	0.86769				2
2025.10.22	01:00:56.556	0.86770	0.86791			6
2025.10.22	01:00:57.334	0.86769				2
2025.10.22	01:00:58.798	0.86767	0.86790			6
2025.10.22	01:00:59.104	0.86771	0.86795			6
2025.10.22	01:00:59.436	0.86770	0.86791			6
2025.10.22	01:00:59.740	0.86771				2
2025.10.22	01:01:00.308	0.86771				2
2025.10.22	01:01:00.674	0.86770				2
2025.10.22	01:01:03.511	0.86764	0.86789			6
2025.10.22	01:01:03.833		0.86790			4
2025.10.22	01:01:04.190	0.86765				2
2025.10.22	01:01:05.801	0.86767	0.86791			6
2025.10.22	01:01:06.912		0.86790			4
2025.10.22	01:01:12.711	0.86777	0.86794			6
2025.10.22	01:01:13.020		0.86795			4
2025.10.22	01:01:13.401	0.86776	0.86796			6
2025.10.22	01:01:13.723	0.86775	0.86794			6
2025.10.22	01:01:14.377	0.86777				2
2025.10.22	01:01:14.949	0.86778				2
2025.10.22	01:01:23.805	0.86773	0.86793			6
2025.10.22	01:01:26.627	0.86774	0.86794			6
2025.10.22	01:01:27.193	0.86773	0.86793			6
2025.10.22	01:01:35.162	0.86774				2
2025.10.22	01:01:37.682	0.86770	0.86791			6
2025.10.22	01:01:39.473	0.86769	0.86792			6
2025.10.22	01:01:39.816	0.86770				2
2025.10.22	01:01:40.236	0.86767				2
2025.10.22	01:01:43.254	0.86763	0.86791			6
2025.10.22	01:01:49.131	0.86761				2
2025.10.22	01:01:52.452	0.86770	0.86793			6
2025.10.22	01:01:53.559	0.86769				2
2025.10.22	01:01:55.112	0.86762	0.86794			6
2025.10.22	01:01:55.419	0.86767	0.86793			6
2025.10.22	01:01:56.352	0.86766	0.86794			6
2025.10.22	01:01:57.062	0.86767	0.86793			6
2025.10.22	01:01:58.311	0.86766	0.86794			6
2025.10.22	01:01:58.707	0.86777				2
2025.10.22	01:02:00.005	0.86777				2
2025.10.22	01:02:00.401	0.86776				2
2025.10.22	01:02:00.706	0.86775				2
2025.10.22	01:02:02.753		0.86795			4
2025.10.22	01:02:04.372	0.86774				2
2025.10.22	01:02:10.178	0.86775				2
2025.10.22	01:02:14.043	0.86774				2
2025.10.22	01:02:15.217	0.86775				2
2025.10.22	01:02:19.286		0.86794			4
2025.10.22	01:02:24.232	0.86776				2
2025.10.22	01:02:26.505	0.86773				2
2025.10.22	01:02:26.855	0.86775	0.86795			6
2025.10.22	01:02:29.008	0.86774				2
2025.10.22	01:02:33.252	0.86777				2
2025.10.22	01:02:36.955	0.86771				2
2025.10.22	01:02:37.825	0.86774				2
2025.10.22	01:02:40.783		0.86794			4
2025.10.22	01:02:42.644	0.86776	0.86795			6
2025.10.22	01:02:45.376	0.86774				2
2025.10.22	01:02:46.374	0.86773				2
2025.10.22	01:02:48.703	0.86776				2
2025.10.22	01:02:50.928	0.86777				2
2025.10.22	01:02:53.207	0.86775				2
2025.10.22	01:02:53.599	0.86776				2
2025.10.22	01:02:56.296	0.86777				2
2025.10.22	01:02:56.598		0.86794			4
2025.10.22	01:02:57.071	0.86776	0.86792			6
2025.10.22	01:02:57.378		0.86797			4
2025.10.22	01:02:58.492		0.86794			4
2025.10.22	01:02:59.535		0.86796			4
2025.10.22	01:03:00.034	0.86776	0.86794			6
2025.10.22	01:03:00.427		0.86795			4
2025.10.22	01:03:01.535	0.86775	0.86794			6
2025.10.22	01:03:02.351	0.86776	0.86795			6
2025.10.22	01:03:02.698	0.86775	0.86794			6
2025.10.22	01:03:03.016	0.86776				2
2025.10.22	01:03:03.378		0.86795			4
2025.10.22	01:03:03.993		0.86794			4
2025.10.22	01:03:04.312	0.86777				2
2025.10.22	01:03:05.134	0.86774	0.86795			6
2025.10.22	01:03:05.439	0.86762	0.86792			6
2025.10.22	01:03:05.741		0.86791			4
2025.10.22	01:03:06.059	0.86761				2
2025.10.22	01:03:08.181		0.86792			4
2025.10.22	01:03:08.949		0.86791			4
2025.10.22	01:03:11.917	0.86775	0.86798			6
2025.10.22	01:03:13.336	0.86762	0.86791			6
2025.10.22	01:03:19.263		0.86792			4
2025.10.22	01:03:21.346	0.86771	0.86789			6
2025.10.22	01:03:21.671		0.86791			4
2025.10.22	01:03:22.666	0.86770	0.86789			6
2025.10.22	01:03:22.973	0.86771	0.86792			6
2025.10.22	01:03:24.657		0.86791			4
2025.10.22	01:03:27.342	0.86772	0.86790			6
2025.10.22	01:03:31.437	0.86776	0.86794			6
2025.10.22	01:03:32.192	0.86777				2
2025.10.22	01:03:32.921	0.86778	0.86796			6
2025.10.22	01:03:33.239	0.86779	0.86797			6
2025.10.22	01:03:34.348	0.86784	0.86801			6
2025.10.22	01:03:35.247	0.86785				2
2025.10.22	01:03:41.125	0.86786				2
2025.10.22	01:03:42.517		0.86802			4
2025.10.22	01:03:43.020	0.86787	0.86803			6
2025.10.22	01:03:45.355		0.86804			4
2025.10.22	01:03:45.957		0.86803			4
2025.10.22	01:03:51.068	0.86786	0.86802			6
2025.10.22	01:04:00.003	0.86786				2
2025.10.22	01:04:00.670	0.86787				2
2025.10.22	01:04:01.364	0.86788				2
2025.10.22	01:04:02.442	0.86786	0.86800			6
2025.10.22	01:04:11.415	0.86783	0.86796			6
2025.10.22	01:04:21.125	0.86780	0.86794			6
2025.10.22	01:04:22.044		0.86792			4
2025.10.22	01:04:31.125		0.86793			4
2025.10.22	01:05:00.354	0.86780	0.86792			6
2025.10.22	01:05:01.729		0.86791			4
2025.10.22	01:05:11.363		0.86793			4
2025.10.22	01:05:38.592	0.86779	0.86792			6
2025.10.22	01:05:40.525		0.86791			4
2025.10.22	01:05:41.826	0.86778	0.86792			6
2025.10.22	01:05:43.279		0.86793			4
2025.10.22	01:05:46.631		0.86791			4
2025.10.22	01:05:48.952		0.86793			4
2025.10.22	01:05:51.095	0.86777	0.86792			6
2025.10.22	01:06:01.125	0.86776				2
2025.10.22	01:06:03.046	0.86777				2
2025.10.22	01:06:10.463	0.86778				2
2025.10.22	01:06:14.778	0.86779	0.86791			6
2025.10.22	01:06:15.783	0.86778				2
2025.10.22	01:06:18.052		0.86790			4
2025.10.22	01:06:23.312	0.86777	0.86791			6
2025.10.22	01:06:25.253		0.86792			4
2025.10.22	01:06:30.061	0.86778				2
2025.10.22	01:06:38.274	0.86779				2
2025.10.22	01:06:41.527	0.86778				2
2025.10.22	01:06:53.383	0.86779	0.86791			6
2025.10.22	01:06:56.452		0.86792			4
2025.10.22	01:07:02.445	0.86779				2
2025.10.22	01:07:19.067		0.86791			4
2025.10.22	01:07:20.159	0.86778	0.86792			6
2025.10.22	01:07:31.253		0.86791			4
2025.10.22	01:07:45.653		0.86792			4
2025.10.22	01:07:46.612	0.86779				2
2025.10.22	01:07:50.152	0.86778				2
2025.10.22	01:08:05.154	0.86779	0.86791			6
2025.10.22	01:08:24.937	0.86778	0.86790			6
2025.10.22	01:09:02.215	0.86779				2
2025.10.22	01:09:27.516		0.86790			4
2025.10.22	01:09:32.237		0.86789			4
2025.10.22	01:09:32.847		0.86790			4
2025.10.22	01:09:36.659	0.86780				2
2025.10.22	01:09:39.954	0.86779				2
2025.10.22	01:10:00.607	0.86779				2
2025.10.22	01:10:02.442		0.86789			4
2025.10.22	01:10:04.836	0.86780				2
2025.10.22	01:10:05.427	0.86779	0.86787			6
2025.10.22	01:10:06.115	0.86778	0.86786			6
2025.10.22	01:10:06.770	0.86777	0.86787			6
2025.10.22	01:10:18.054	0.86776				2
2025.10.22	01:10:31.093	0.86777				2
2025.10.22	01:10:32.196	0.86778				2
2025.10.22	01:10:36.025	0.86777				2
2025.10.22	01:10:37.189	0.86778				2
2025.10.22	01:10:40.027	0.86777				2
2025.10.22	01:10:42.464	0.86778				2
2025.10.22	01:10:42.769	0.86783	0.86790			6
2025.10.22	01:10:45.352	0.86780	0.86789			6
2025.10.22	01:10:47.322	0.86777				2
2025.10.22	01:10:47.976	0.86778	0.86788			6
2025.10.22	01:10:51.953		0.86787			4
2025.10.22	01:10:52.263	0.86777				2
2025.10.22	01:10:54.615	0.86778				2
2025.10.22	01:10:59.280	0.86779	0.86786			6
2025.10.22	01:11:00.334	0.86779				2
2025.10.22	01:11:00.719		0.86785			4
2025.10.22	01:11:02.555	0.86780	0.86786			6
2025.10.22	01:11:08.306	0.86779				2
2025.10.22	01:11:17.153	0.86780				2
2025.10.22	01:11:26.372	0.86781	0.86787			6
2025.10.22	01:11:38.508	0.86779				2
2025.10.22	01:11:43.845	0.86780				2
2025.10.22	01:11:44.170	0.86778	0.86786			6
2025.10.22	01:11:45.365	0.86781	0.86788			6
2025.10.22	01:11:52.552		0.86789			4
2025.10.22	01:11:53.152	0.86782				2
2025.10.22	01:11:56.060		0.86788			4
2025.10.22	01:12:00.701	0.86781				2
2025.10.22	01:12:05.241		0.86789			4
2025.10.22	01:12:09.652	0.86780				2
2025.10.22	01:12:12.472	0.86782				2
2025.10.22	01:12:14.964		0.86787			4
2025.10.22	01:12:17.452	0.86781				2
2025.10.22	01:12:28.663	0.86780				2
2025.10.22	01:12:35.753	0.86781				2
2025.10.22	01:12:38.846		0.86786			4
2025.10.22	01:12:48.863		0.86787			4
2025.10.22	01:13:00.658	0.86781				2
2025.10.22	01:13:15.052	0.86780				2
2025.10.22	01:13:16.430	0.86781				2
2025.10.22	01:13:30.396		0.86786			4
2025.10.22	01:13:34.655	0.86777	0.86784			6
2025.10.22	01:13:39.043		0.86785			4
2025.10.22	01:13:44.345	0.86778				2
2025.10.22	01:13:48.654	0.86779				2
2025.10.22	01:14:00.627	0.86781	0.86786			6
2025.10.22	01:14:07.371	0.86780				2
2025.10.22	01:14:10.443	0.86781				2
2025.10.22	01:14:38.753		0.86787			4
2025.10.22	01:14:44.153		0.86786			4
2025.10.22	01:15:00.722	0.86780				2
2025.10.22	01:15:06.552	0.86775	0.86781			6
2025.10.22	01:15:07.535	0.86773	0.86780			6
2025.10.22	01:15:10.173	0.86775				2
2025.10.22	01:15:36.434		0.86779			4
2025.10.22	01:16:00.353	0.86775				2
2025.10.22	01:16:36.652		0.86779			4
2025.10.22	01:16:40.060		0.86778			4
2025.10.22	01:16:40.368	0.86776	0.86780			6
2025.10.22	01:16:40.669	0.86777	0.86781			6
2025.10.22	01:16:44.119		0.86782			4
2025.10.22	01:16:50.462	0.86778				2
2025.10.22	01:17:00.660	0.86777				2
2025.10.22	01:17:13.036	0.86775	0.86779			6
2025.10.22	01:17:13.561	0.86776	0.86780			6
2025.10.22	01:17:13.869	0.86775				2
2025.10.22	01:17:16.044		0.86779			4
2025.10.22	01:17:45.978	0.86777	0.86782			6
2025.10.22	01:17:57.770	0.86775	0.86780			6
2025.10.22	01:17:58.078	0.86776				2
2025.10.22	01:18:00.622	0.86775				2
2025.10.22	01:18:09.652	0.86776				2
2025.10.22	01:18:10.103		0.86779			4
2025.10.22	01:18:15.994	0.86775	0.86780			6
2025.10.22	01:18:19.366	0.86776	0.86779			6
2025.10.22	01:18:19.766	0.86775	0.86780			6
2025.10.22	01:18:24.895	0.86776				2
2025.10.22	01:18:37.005	0.86775	0.86779			6
2025.10.22	01:18:40.255	0.86776				2
2025.10.22	01:18:57.487	0.86774	0.86778			6
2025.10.22	01:18:57.926	0.86775				2
2025.10.22	01:18:58.647	0.86776				2
2025.10.22	01:19:00.671	0.86775				2
2025.10.22	01:19:06.312	0.86773				2
2025.10.22	01:19:06.617	0.86775				2
2025.10.22	01:19:11.127	0.86774				2
2025.10.22	01:19:16.855	0.86775				2
2025.10.22	01:20:00.313	0.86775	0.86779			6
2025.10.22	01:20:08.153	0.86774				2
2025.10.22	01:20:16.162	0.86775				2
2025.10.22	01:20:41.470	0.86772	0.86776			6
2025.10.22	01:20:46.318	0.86771	0.86775			6
2025.10.22	01:21:00.604	0.86771				2
2025.10.22	01:21:11.992		0.86776			4
2025.10.22	01:21:15.334		0.86775			4
2025.10.22	01:21:30.653		0.86776			4
2025.10.22	01:21:33.828	0.86769	0.86774			6
2025.10.22	01:21:34.137	0.86770	0.86775			6
2025.10.22	01:21:34.444	0.86769				2
2025.10.22	01:21:34.778	0.86770				2
2025.10.22	01:21:35.086		0.86774			4
2025.10.22	01:21:35.403		0.86775			4
2025.10.22	01:21:37.361	0.86769	0.86773			6
2025.10.22	01:21:39.879		0.86775			4
2025.10.22	01:21:40.565		0.86773			4
2025.10.22	01:21:41.073		0.86775			4
2025.10.22	01:21:42.623		0.86773			4
2025.10.22	01:21:43.211		0.86775			4
2025.10.22	01:21:44.429		0.86773			4
2025.10.22	01:21:46.364	0.86768	0.86772			6
2025.10.22	01:21:47.029	0.86769				2
2025.10.22	01:21:47.339	0.86768	0.86774			6
2025.10.22	01:21:47.993	0.86769	0.86772			6
2025.10.22	01:21:48.736		0.86773			4
2025.10.22	01:21:54.896		0.86772			4
2025.10.22	01:21:55.576		0.86773			4
2025.10.22	01:22:00.353	0.86770	0.86775			6
2025.10.22	01:22:00.661		0.86774			4
2025.10.22	01:22:04.196	0.86771	0.86775			6
2025.10.22	01:22:06.169	0.86770				2
2025.10.22	01:22:09.713		0.86776			4
2025.10.22	01:22:10.016		0.86775			4
2025.10.22	01:22:11.752		0.86776			4
2025.10.22	01:22:13.089		0.86775			4
2025.10.22	01:22:33.784	0.86769	0.86777			6
2025.10.22	01:22:37.385		0.86776			4
2025.10.22	01:22:45.380	0.86770				2
2025.10.22	01:22:45.965		0.86775			4
2025.10.22	01:22:46.515		0.86776			4
2025.10.22	01:23:00.384	0.86769	0.86774			6
2025.10.22	01:23:08.497	0.86768	0.86773			6
2025.10.22	01:23:09.557	0.86769	0.86774			6
2025.10.22	01:23:10.482	0.86768	0.86773			6
2025.10.22	01:23:41.145	0.86769				2
2025.10.22	01:23:48.344		0.86774			4
2025.10.22	01:24:00.668	0.86769				2
2025.10.22	01:24:01.515	0.86768	0.86773			6
2025.10.22	01:24:02.671	0.86769				2
2025.10.22	01:24:11.010	0.86770				2
2025.10.22	01:24:11.998	0.86768				2
2025.10.22	01:24:21.009	0.86769				2
2025.10.22	01:24:26.274		0.86772			4
2025.10.22	01:24:27.086	0.86768				2
2025.10.22	01:24:30.654		0.86773			4
2025.10.22	01:24:31.770		0.86772			4
2025.10.22	01:24:36.403		0.86773			4
2025.10.22	01:24:54.531		0.86772			4
2025.10.22	01:25:00.316	0.86768				2
2025.10.22	01:25:00.641	0.86767				2
2025.10.22	01:25:05.019		0.86771			4
2025.10.22	01:25:09.341	0.86768	0.86772			6
2025.10.22	01:25:13.552	0.86767				2
2025.10.22	01:25:15.631	0.86768				2
2025.10.22	01:25:18.387	0.86765	0.86768			6
2025.10.22	01:25:21.756	0.86764				2
2025.10.22	01:25:23.915	0.86765				2
2025.10.22	01:25:30.227	0.86766				2
2025.10.22	01:25:31.076	0.86765				2
2025.10.22	01:26:00.865	0.86765				2
2025.10.22	01:26:04.916	0.86763	0.86767			6
2025.10.22	01:26:05.916	0.86764				2
2025.10.22	01:26:10.256		0.86768			4
2025.10.22	01:26:11.563	0.86765				2
2025.10.22	01:26:16.264	0.86763	0.86766			6
2025.10.22	01:26:20.886	0.86766	0.86772			6
2025.10.22	01:26:21.236	0.86767	0.86771			6
2025.10.22	01:26:28.739	0.86768				2
2025.10.22	01:26:30.343		0.86772			4
2025.10.22	01:26:49.256	0.86769				2
2025.10.22	01:27:00.363	0.86769				2
2025.10.22	01:27:12.963	0.86768	0.86770			6
2025.10.22	01:27:16.413	0.86767				2
2025.10.22	01:27:37.820	0.86768	0.86771			6
2025.10.22	01:27:38.903	0.86769				2
2025.10.22	01:27:48.808	0.86767				2
2025.10.22	01:27:51.052	0.86769				2
2025.10.22	01:27:58.273	0.86768				2
2025.10.22	01:28:00.630	0.86766	0.86768			6
2025.10.22	01:28:01.770	0.86764				2
2025.10.22	01:28:06.493	0.86765				2
2025.10.22	01:28:12.250		0.86769			4
2025.10.22	01:28:38.568	0.86766				2
2025.10.22	01:28:42.653	0.86765	0.86768			6
2025.10.22	01:28:43.045		0.86769			4
2025.10.22	01:29:00.456	0.86765				2
2025.10.22	01:29:02.633	0.86766				2
2025.10.22	01:29:06.531	0.86765				2
2025.10.22	01:29:10.016	0.86766				2
2025.10.22	01:29:38.810	0.86764				2
2025.10.22	01:29:42.333	0.86763				2
2025.10.22	01:29:43.834	0.86764	0.86769			6
2025.10.22	01:29:44.519	0.86766				2
2025.10.22	01:30:00.052	0.86765	0.86770			6
2025.10.22	01:30:03.191	0.86768	0.86769			6
2025.10.22	01:30:06.606	0.86765				2
2025.10.22	01:30:07.358		0.86770			4
2025.10.22	01:30:15.376	0.86766	0.86771			6
2025.10.22	01:30:18.270		0.86770			4
2025.10.22	01:30:27.068	0.86764	0.86769			6
2025.10.22	01:30:28.923	0.86765				2
2025.10.22	01:30:35.336	0.86764				2
2025.10.22	01:30:36.836	0.86767	0.86771			6
2025.10.22	01:30:38.273	0.86765				2
2025.10.22	01:30:38.697		0.86770			4
2025.10.22	01:30:41.203	0.86764				2
2025.10.22	01:30:43.213	0.86765				2
2025.10.22	01:30:44.216		0.86769			4
2025.10.22	01:30:58.272		0.86771			4
2025.10.22	01:31:00.482	0.86765	0.86770			6
2025.10.22	01:31:00.783		0.86769			4
2025.10.22	01:31:01.268		0.86770			4
2025.10.22	01:31:02.369		0.86769			4
2025.10.22	01:31:04.972	0.86766				2
2025.10.22	01:31:13.752		0.86770			4
2025.10.22	01:31:15.536		0.86771			4
2025.10.22	01:31:20.475		0.86773			4
2025.10.22	01:31:20.778	0.86767	0.86774			6
2025.10.22	01:31:22.075	0.86768	0.86773			6
2025.10.22	01:31:23.977	0.86769				2
2025.10.22	01:31:30.475	0.86770	0.86774			6
2025.10.22	01:31:51.256	0.86771	0.86775			6
2025.10.22	01:31:51.570	0.86770				2
2025.10.22	01:32:00.437	0.86770				2
2025.10.22	01:32:09.793	0.86772	0.86776			6
2025.10.22	01:32:20.290		0.86777			4
2025.10.22	01:32:20.693		0.86778			4
2025.10.22	01:32:21.041		0.86776			4
2025.10.22	01:32:25.272		0.86778			4
2025.10.22	01:32:26.854		0.86777			4
2025.10.22	01:32:29.727		0.86776			4
2025.10.22	01:32:41.382	0.86771	0.86775			6
2025.10.22	01:32:42.381	0.86773	0.86777			6
2025.10.22	01:32:44.232		0.86778			4
2025.10.22	01:32:46.451		0.86777			4
2025.10.22	01:32:47.778	0.86775				2
2025.10.22	01:32:48.080	0.86773				2
2025.10.22	01:32:57.433	0.86772	0.86776			6
2025.10.22	01:32:57.780	0.86771				2
2025.10.22	01:33:00.430	0.86772				2
2025.10.22	01:33:05.152		0.86777			4
2025.10.22	01:33:07.186	0.86771	0.86776			6
2025.10.22	01:33:07.509		0.86775			4
2025.10.22	01:33:10.839	0.86770				2
2025.10.22	01:33:20.926	0.86771				2
2025.10.22	01:33:24.906	0.86770				2
2025.10.22	01:33:46.415	0.86771	0.86778			6
2025.10.22	01:33:47.280	0.86770	0.86775			6
2025.10.22	01:34:00.800	0.86769				2
2025.10.22	01:34:01.126	0.86771	0.86776			6
2025.10.22	01:34:01.437		0.86775			4
2025.10.22	01:34:12.215	0.86770				2
2025.10.22	01:34:14.631	0.86771	0.86776			6
2025.10.22	01:34:18.653	0.86772				2
2025.10.22	01:34:54.963	0.86771	0.86775			6
2025.10.22	01:35:00.409	0.86771				2
2025.10.22	01:35:01.196	0.86770				2
2025.10.22	01:35:01.726	0.86771				2
2025.10.22	01:35:03.471	0.86770				2
2025.10.22	01:35:05.660	0.86771				2
2025.10.22	01:35:06.234	0.86772				2
2025.10.22	01:35:27.052	0.86771				2
2025.10.22	01:35:37.315	0.86769	0.86774			6
2025.10.22	01:35:44.454		0.86773			4
2025.10.22	01:35:51.007	0.86768				2
2025.10.22	01:35:55.687	0.86769	0.86774			6
2025.10.22	01:35:57.877	0.86770				2
2025.10.22	01:36:00.652	0.86770				2
2025.10.22	01:36:06.309	0.86769	0.86773			6
2025.10.22	01:36:06.663	0.86768				2
2025.10.22	01:36:07.000	0.86767				2
2025.10.22	01:36:08.394	0.86769				2
2025.10.22	01:36:09.891	0.86767				2
2025.10.22	01:36:10.955	0.86768				2
2025.10.22	01:36:11.392	0.86769				2
2025.10.22	01:36:15.356	0.86768				2
2025.10.22	01:36:17.026	0.86769				2
2025.10.22	01:36:21.654	0.86768				2
2025.10.22	01:36:24.957		0.86772			4
2025.10.22	01:36:35.207	0.86769	0.86773			6
2025.10.22	01:36:36.708		0.86774			4
2025.10.22	01:36:37.697		0.86773			4
2025.10.22	01:36:53.919		0.86774			4
2025.10.22	01:36:55.416		0.86775			4
2025.10.22	01:36:55.930		0.86774			4
2025.10.22	01:36:56.919	0.86771				2
2025.10.22	01:36:58.418	0.86772	0.86775			6
2025.10.22	01:36:59.920		0.86776			4
2025.10.22	01:37:00.952	0.86772				2
2025.10.22	01:37:04.230		0.86775			4
2025.10.22	01:37:04.761	0.86771				2
2025.10.22	01:37:05.723	0.86772				2
2025.10.22	01:37:13.855		0.86776			4
2025.10.22	01:37:18.353		0.86775			4
2025.10.22	01:37:20.505	0.86771				2
2025.10.22	01:37:36.316	0.86772	0.86776			6
2025.10.22	01:37:37.346		0.86775			4
2025.10.22	01:37:54.653		0.86776			4
2025.10.22	01:37:59.612		0.86775			4
2025.10.22	01:38:00.137	0.86772				2
2025.10.22	01:38:12.989	0.86770	0.86774			6
2025.10.22	01:38:15.366		0.86773			4
2025.10.22	01:38:19.396	0.86769				2
2025.10.22	01:38:21.171	0.86771	0.86775			6
2025.10.22	01:38:22.666	0.86772				2
2025.10.22	01:38:28.791	0.86771				2
2025.10.22	01:38:30.850	0.86772				2
2025.10.22	01:38:36.651	0.86771				2
2025.10.22	01:38:57.374	0.86772				2
2025.10.22	01:39:00.615	0.86771				2
2025.10.22	01:39:01.045	0.86770				2
2025.10.22	01:39:06.652	0.86773	0.86774			6
2025.10.22	01:39:07.130	0.86770				2
2025.10.22	01:39:10.297	0.86771	0.86775			6
2025.10.22	01:39:11.588	0.86772				2
2025.10.22	01:39:18.653		0.86776			4
2025.10.22	01:39:45.382	0.86773				2
2025.10.22	01:39:51.048	0.86772	0.86775			6
2025.10.22	01:40:00.952	0.86772				2
2025.10.22	01:40:25.215	0.86770	0.86773			6
2025.10.22	01:40:26.347	0.86769				2
2025.10.22	01:40:49.397	0.86770				2
2025.10.22	01:40:52.132	0.86771	0.86774			6
2025.10.22	01:41:00.613	0.86771				2
2025.10.22	01:41:01.242	0.86770				2
2025.10.22	01:41:05.658	0.86771	0.86773			6
2025.10.22	01:41:26.330	0.86769	0.86772			6
2025.10.22	01:41:26.756	0.86767				2
2025.10.22	01:41:42.162	0.86769				2
2025.10.22	01:41:45.715	0.86770	0.86773			6
2025.10.22	01:41:57.920		0.86774			4
2025.10.22	01:42:00.586	0.86770	0.86773			6
2025.10.22	01:42:14.211		0.86774			4
2025.10.22	01:42:22.861	0.86771				2
2025.10.22	01:42:31.597	0.86770				2
2025.10.22	01:42:33.971	0.86769				2
2025.10.22	01:42:35.050	0.86770				2
2025.10.22	01:42:36.177	0.86769				2
2025.10.22	01:42:41.620		0.86772			4
2025.10.22	01:42:42.917	0.86768				2
2025.10.22	01:42:43.386	0.86769				2
2025.10.22	01:43:01.919	0.86768				2
2025.10.22	01:43:03.458		0.86771			4
2025.10.22	01:43:17.657	0.86769	0.86772			6
2025.10.22	01:43:26.761		0.86773			4
2025.10.22	01:43:27.671	0.86768	0.86772			6
2025.10.22	01:43:39.165	0.86769	0.86773			6
2025.10.22	01:43:39.764	0.86768	0.86772			6
2025.10.22	01:43:56.710	0.86769				2
2025.10.22	01:43:57.829		0.86773			4
2025.10.22	01:43:59.239	0.86770	0.86774			6
2025.10.22	01:44:00.270	0.86770				2
2025.10.22	01:44:00.615	0.86769	0.86773			6
2025.10.22	01:44:10.119		0.86772			4
2025.10.22	01:44:17.153		0.86771			4
2025.10.22	01:44:32.413		0.86772			4
2025.10.22	01:44:38.865		0.86773			4
2025.10.22	01:44:44.612		0.86772			4
2025.10.22	01:45:00.343	0.86769				2
2025.10.22	01:45:19.252		0.86771			4
2025.10.22	01:45:37.856	0.86767	0.86770			6
2025.10.22	01:45:58.816	0.86766				2
2025.10.22	01:46:00.645	0.86766				2
2025.10.22	01:46:16.098		0.86769			4
2025.10.22	01:46:25.336		0.86770			4
2025.10.22	01:46:34.209		0.86769			4
2025.10.22	01:46:45.378		0.86770			4
2025.10.22	01:46:49.096	0.86767				2
2025.10.22	01:47:00.619	0.86766				2
2025.10.22	01:47:17.493	0.86767				2
2025.10.22	01:47:20.825	0.86766				2
2025.10.22	01:47:30.054		0.86771			4
2025.10.22	01:47:43.653	0.86768				2
2025.10.22	01:47:45.346		0.86772			4
2025.10.22	01:47:45.850	0.86769	0.86773			6
2025.10.22	01:47:46.348	0.86770	0.86775			6
2025.10.22	01:47:46.664	0.86771				2
2025.10.22	01:47:48.340	0.86770				2
2025.10.22	01:47:50.905	0.86772				2
2025.10.22	01:47:58.156	0.86773				2
2025.10.22	01:48:01.125	0.86773				2
2025.10.22	01:48:42.182	0.86774				2
2025.10.22	01:48:43.875	0.86773				2
2025.10.22	01:48:49.119		0.86775			4
2025.10.22	01:48:53.084		0.86776			4
2025.10.22	01:48:53.892	0.86774	0.86777			6
2025.10.22	01:48:56.639		0.86776			4
2025.10.22	01:49:00.652	0.86774				2
2025.10.22	01:49:04.600	0.86773				2
2025.10.22	01:49:38.862		0.86775			4
2025.10.22	01:50:00.740	0.86772	0.86774			6
2025.10.22	01:50:01.585	0.86771				2
2025.10.22	01:50:03.656		0.86775			4
2025.10.22	01:50:03.964	0.86770	0.86774			6
2025.10.22	01:50:06.385	0.86772	0.86773			6
2025.10.22	01:50:06.925	0.86771				2
2025.10.22	01:50:07.357	0.86772	0.86775			6
2025.10.22	01:50:13.569	0.86773				2
2025.10.22	01:50:15.529		0.86776			4
2025.10.22	01:50:17.224	0.86774	0.86778			6
2025.10.22	01:50:17.577	0.86773	0.86775			6
2025.10.22	01:50:18.094		0.86776			4
2025.10.22	01:50:19.639	0.86774				2
2025.10.22	01:50:20.797	0.86773	0.86775			6
2025.10.22	01:50:21.435	0.86772				2
2025.10.22	01:50:29.572	0.86770	0.86774			6
2025.10.22	01:50:29.877	0.86772				2
2025.10.22	01:50:36.652	0.86771				2
2025.10.22	01:51:00.448	0.86771	0.86773			6
2025.10.22	01:51:07.033	0.86769				2
2025.10.22	01:51:07.353	0.86770				2
2025.10.22	01:51:07.768	0.86769				2
2025.10.22	01:51:12.249	0.86771				2
2025.10.22	01:51:13.068	0.86770				2
2025.10.22	01:51:13.428	0.86769	0.86772			6
2025.10.22	01:51:14.244	0.86770				2
2025.10.22	01:51:24.217		0.86773			4
2025.10.22	01:51:34.208	0.86769	0.86771			6
2025.10.22	01:51:47.688	0.86768				2
2025.10.22	01:51:51.109	0.86770	0.86774			6
2025.10.22	01:52:00.970	0.86770				2
2025.10.22	01:52:03.928	0.86771				2
2025.10.22	01:52:06.717	0.86770	0.86773			6
2025.10.22	01:52:25.797		0.86774			4
2025.10.22	01:52:31.732		0.86773			4
2025.10.22	01:52:39.221		0.86774			4
2025.10.22	01:52:47.964	0.86771	0.86775			6
2025.10.22	01:53:00.868	0.86771				2
2025.10.22	01:53:08.628	0.86770	0.86773			6
2025.10.22	01:53:38.459		0.86772			4
2025.10.22	01:53:41.578		0.86774			4
2025.10.22	01:53:43.664		0.86773			4
2025.10.22	01:53:49.175	0.86771				2
2025.10.22	01:53:49.477	0.86770				2
2025.10.22	01:54:00.686	0.86770				2
2025.10.22	01:54:16.955	0.86769				2
2025.10.22	01:54:18.031		0.86772			4
2025.10.22	01:54:19.039	0.86768	0.86770			6
2025.10.22	01:54:23.705		0.86771			4
2025.10.22	01:54:41.379	0.86767				2
2025.10.22	01:54:49.654		0.86770			4
2025.10.22	01:54:56.655		0.86771			4
2025.10.22	01:54:57.065	0.86766	0.86770			6
2025.10.22	01:55:00.418	0.86766				2
2025.10.22	01:55:00.806	0.86767	0.86771			6
2025.10.22	01:55:01.182	0.86768	0.86769			6
2025.10.22	01:55:16.897	0.86764	0.86768			6
2025.10.22	01:55:17.579	0.86765	0.86769			6
2025.10.22	01:55:18.116	0.86764				2
2025.10.22	01:55:20.682	0.86767				2
2025.10.22	01:55:21.216	0.86768				2
2025.10.22	01:55:42.903	0.86767	0.86768			6
2025.10.22	01:55:43.211	0.86764				2
2025.10.22	01:55:43.607	0.86766				2
2025.10.22	01:55:44.099	0.86765				2
2025.10.22	01:55:58.397		0.86767			4
2025.10.22	01:55:58.755		0.86766			4
2025.10.22	01:56:00.446	0.86765				2
2025.10.22	01:56:02.401	0.86764				2
2025.10.22	01:56:03.423	0.86763				2
2025.10.22	01:56:21.127		0.86765			4
2025.10.22	01:56:35.264		0.86766			4
2025.10.22	01:57:00.752	0.86764				2
2025.10.22	01:57:06.777		0.86768			4
2025.10.22	01:57:14.150	0.86765				2
2025.10.22	01:57:25.327	0.86766				2
2025.10.22	01:57:37.693		0.86769			4
2025.10.22	01:57:45.812	0.86765				2
2025.10.22	01:57:46.350	0.86766				2
2025.10.22	01:58:00.716	0.86766				2
2025.10.22	01:58:01.018		0.86770			4
2025.10.22	01:58:01.340		0.86771			4
2025.10.22	01:58:04.244	0.86769	0.86772			6
2025.10.22	01:58:04.594	0.86767	0.86771			6
2025.10.22	01:58:05.971	0.86766				2
2025.10.22	01:58:06.626		0.86770			4
2025.10.22	01:58:08.430		0.86771			4
2025.10.22	01:58:09.427		0.86770			4
2025.10.22	01:58:10.342	0.86767	0.86771			6
2025.10.22	01:58:40.799	0.86770	0.86772			6
2025.10.22	01:58:56.536	0.86767	0.86771			6
2025.10.22	01:58:58.636	0.86769				2
2025.10.22	01:59:00.431	0.86769				2
2025.10.22	01:59:01.380	0.86767				2
2025.10.22	01:59:02.976	0.86769				2
2025.10.22	01:59:03.771	0.86770				2
2025.10.22	01:59:08.472		0.86772			4
2025.10.22	01:59:11.926	0.86768				2
2025.10.22	01:59:34.940	0.86770				2
2025.10.22	01:59:36.525	0.86771				2
2025.10.22	01:59:38.691	0.86768	0.86771			6
2025.10.22	01:59:45.280	0.86771	0.86774			6
2025.10.22	02:00:00.376	0.86771				2
2025.10.22	02:00:05.607	0.86767	0.86771			6
2025.10.22	02:00:06.001	0.86769				2
2025.10.22	02:00:06.380	0.86771	0.86773			6
2025.10.22	02:00:07.844		0.86772			4
2025.10.22	02:00:10.278	0.86772	0.86775			6
2025.10.22	02:00:11.587	0.86771	0.86774			6
2025.10.22	02:00:11.996	0.86772	0.86775			6
2025.10.22	02:00:12.310	0.86771	0.86773			6
2025.10.22	02:00:12.674		0.86772			4
2025.10.22	02:00:17.565	0.86770				2
2025.10.22	02:00:26.328		0.86774			4
2025.10.22	02:00:30.052	0.86771				2
2025.10.22	02:00:34.437	0.86774	0.86776			6
2025.10.22	02:00:35.984	0.86771	0.86775			6
2025.10.22	02:00:36.324	0.86773				2
2025.10.22	02:00:36.820		0.86774			4
2025.10.22	02:00:37.355	0.86772				2
2025.10.22	02:00:38.272	0.86773	0.86775			6
2025.10.22	02:00:41.443		0.86774			4
2025.10.22	02:00:42.240	0.86772				2
2025.10.22	02:00:45.806	0.86773				2
2025.10.22	02:00:47.295	0.86772				2
2025.10.22	02:00:47.836	0.86773				2
2025.10.22	02:00:56.648	0.86774	0.86775			6
2025.10.22	02:01:00.429	0.86774				2
2025.10.22	02:01:05.724	0.86775	0.86777			6
2025.10.22	02:01:11.845	0.86774	0.86776			6
2025.10.22	02:01:27.463		0.86777			4
2025.10.22	02:01:28.012	0.86775	0.86776			6
2025.10.22	02:01:28.318		0.86777			4
2025.10.22	02:01:28.698		0.86776			4
2025.10.22	02:01:30.385	0.86774				2
2025.10.22	02:01:33.329		0.86775			4
2025.10.22	02:01:33.630	0.86773				2
2025.10.22	02:01:36.014	0.86775	0.86776			6
2025.10.22	02:01:38.282	0.86774				2
2025.10.22	02:02:00.174	0.86774				2
2025.10.22	02:02:06.088		0.86775			4
2025.10.22	02:02:12.999	0.86775	0.86778			6
2025.10.22	02:02:14.307		0.86777			4
2025.10.22	02:02:14.733		0.86778			4
2025.10.22	02:02:16.333		0.86777			4
2025.10.22	02:02:20.697		0.86776			4
2025.10.22	02:02:25.804		0.86777			4
2025.10.22	02:02:26.685		0.86778			4
2025.10.22	02:02:27.829		0.86776			4
2025.10.22	02:02:29.055	0.86774	0.86775			6
2025.10.22	02:02:29.384	0.86773	0.86774			6
2025.10.22	02:02:31.240	0.86775	0.86776			6
2025.10.22	02:02:35.549		0.86777			4
2025.10.22	02:02:39.465	0.86774	0.86776			6
2025.10.22	02:02:48.955		0.86775			4
2025.10.22	02:03:00.574	0.86775	0.86777			6
2025.10.22	02:03:02.434	0.86774				2
2025.10.22	02:03:21.957		0.86776			4
2025.10.22	02:03:45.651		0.86777			4
2025.10.22	02:03:50.855		0.86776			4
2025.10.22	02:03:55.377	0.86775	0.86777			6
2025.10.22	02:03:57.602		0.86776			4
2025.10.22	02:04:00.646	0.86774	0.86775			6
2025.10.22	02:04:05.733	0.86772				2
2025.10.22	02:04:06.055		0.86774			4
2025.10.22	02:04:06.386	0.86771				2
2025.10.22	02:04:08.864	0.86774	0.86776			6
2025.10.22	02:04:12.009		0.86777			4
2025.10.22	02:04:17.097		0.86776			4
2025.10.22	02:04:19.234		0.86775			4
2025.10.22	02:04:23.499		0.86776			4
2025.10.22	02:04:27.658		0.86775			4
2025.10.22	02:04:31.668		0.86776			4
2025.10.22	02:04:40.016		0.86775			4
2025.10.22	02:04:49.571	0.86775	0.86777			6
2025.10.22	02:04:50.387	0.86776	0.86780			6
2025.10.22	02:04:50.803	0.86773	0.86779			6
2025.10.22	02:04:54.352	0.86775	0.86778			6
2025.10.22	02:05:00.416	0.86775				2
2025.10.22	02:05:00.725	0.86774	0.86777			6
2025.10.22	02:05:01.195	0.86775				2
2025.10.22	02:05:17.741		0.86778			4
2025.10.22	02:05:33.652		0.86777			4
2025.10.22	02:05:35.973		0.86776			4
2025.10.22	02:05:41.733		0.86778			4
2025.10.22	02:05:46.186		0.86779			4
2025.10.22	02:06:00.354	0.86775	0.86777			6
2025.10.22	02:06:19.060		0.86776			4
2025.10.22	02:06:22.556		0.86777			4
2025.10.22	02:06:25.845		0.86778			4
2025.10.22	02:06:32.509		0.86777			4
2025.10.22	02:06:44.308		0.86778			4
2025.10.22	02:06:56.448		0.86779			4
2025.10.22	02:07:00.528	0.86775				2
2025.10.22	02:07:04.207		0.86778			4
2025.10.22	02:07:33.052	0.86771	0.86774			6
2025.10.22	02:07:40.610		0.86773			4
2025.10.22	02:07:41.510		0.86774			4
2025.10.22	02:07:45.377		0.86773			4
2025.10.22	02:08:00.690	0.86771	0.86774			6
2025.10.22	02:08:02.956	0.86773	0.86775			6
2025.10.22	02:08:03.814	0.86772	0.86776			6
2025.10.22	02:08:09.446	0.86771	0.86774			6
2025.10.22	02:08:11.169	0.86773	0.86776			6
2025.10.22	02:08:11.872	0.86774				2
2025.10.22	02:08:23.882		0.86775			4
2025.10.22	02:08:29.308	0.86773				2
2025.10.22	02:08:29.734	0.86774	0.86776			6
2025.10.22	02:08:38.296	0.86773	0.86775			6
2025.10.22	02:08:39.418	0.86775	0.86776			6
2025.10.22	02:08:45.140		0.86778			4
2025.10.22	02:08:47.877		0.86779			4
2025.10.22	02:08:50.188	0.86773	0.86776			6
2025.10.22	02:08:50.497	0.86772	0.86774			6
2025.10.22	02:08:50.835		0.86773			4
2025.10.22	02:08:52.819	0.86770				2
2025.10.22	02:08:53.121		0.86772			4
2025.10.22	02:08:56.968		0.86774			4
2025.10.22	02:08:58.175		0.86773			4
2025.10.22	02:08:58.833		0.86775			4
2025.10.22	02:09:00.263	0.86770	0.86774			6
2025.10.22	02:09:00.763		0.86773			4
2025.10.22	02:09:02.828		0.86775			4
2025.10.22	02:09:03.952		0.86774			4
2025.10.22	02:09:04.288		0.86773			4
2025.10.22	02:09:26.578	0.86769	0.86772			6
2025.10.22	02:09:33.214		0.86771			4
2025.10.22	02:09:42.360	0.86767	0.86770			6
2025.10.22	02:09:51.654		0.86771			4
2025.10.22	02:09:54.862	0.86766	0.86770			6
2025.10.22	02:10:00.354	0.86766				2
2025.10.22	02:10:02.309		0.86769			4
2025.10.22	02:10:04.690	0.86767	0.86770			6
2025.10.22	02:10:12.383	0.86766				2
2025.10.22	02:10:33.193	0.86770	0.86771			6
2025.10.22	02:10:33.501	0.86767	0.86770			6
2025.10.22	02:10:38.327	0.86766				2
2025.10.22	02:10:45.377	0.86767				2
2025.10.22	02:10:58.031	0.86770	0.86771			6
2025.10.22	02:11:00.439	0.86770				2
2025.10.22	02:11:14.753	0.86769	0.86772			6
2025.10.22	02:11:15.064		0.86773			4
2025.10.22	02:11:15.378	0.86768	0.86771			6
2025.10.22	02:11:30.597	0.86767				2
2025.10.22	02:11:33.818	0.86768				2
2025.10.22	02:11:34.363	0.86767				2
2025.10.22	02:11:35.243	0.86768				2
2025.10.22	02:11:38.195	0.86767				2
2025.10.22	02:11:38.861	0.86768				2
2025.10.22	02:11:39.406	0.86767				2
2025.10.22	02:11:45.407	0.86768				2
2025.10.22	02:12:00.603	0.86768				2
2025.10.22	02:12:15.422		0.86771			4
2025.10.22	02:13:03.461	0.86768				2
2025.10.22	02:13:17.036		0.86771			4
2025.10.22	02:13:22.785	0.86767				2
2025.10.22	02:13:33.777	0.86769	0.86772			6
2025.10.22	02:13:52.259		0.86771			4
2025.10.22	02:13:55.560		0.86772			4
2025.10.22	02:14:01.487	0.86769				2
2025.10.22	02:14:08.300	0.86767				2
2025.10.22	02:14:10.776	0.86769				2
2025.10.22	02:14:11.082	0.86771				2
2025.10.22	02:14:18.322	0.86770				2
2025.10.22	02:14:21.221	0.86771	0.86773			6
2025.10.22	02:14:26.072	0.86770				2
2025.10.22	02:14:28.327	0.86771				2
2025.10.22	02:14:28.864	0.86770	0.86772			6
2025.10.22	02:14:37.429		0.86774			4
2025.10.22	02:14:38.859		0.86775			4
2025.10.22	02:14:47.378		0.86774			4
2025.10.22	02:14:53.165	0.86775	0.86779			6
2025.10.22	02:15:00.312	0.86775	0.86778			6
2025.10.22	02:15:00.712		0.86779			4
2025.10.22	02:15:03.879		0.86778			4
2025.10.22	02:15:13.655	0.86772	0.86775			6
2025.10.22	02:15:32.994	0.86770	0.86774			6
2025.10.22	02:15:37.358		0.86775			4
2025.10.22	02:15:37.660		0.86774			4
2025.10.22	02:15:39.390		0.86773			4
2025.10.22	02:16:00.138	0.86770				2
2025.10.22	02:16:10.435	0.86769				2
2025.10.22	02:16:13.643		0.86772			4
2025.10.22	02:16:16.209	0.86770				2
2025.10.22	02:16:17.772	0.86771	0.86775			6
2025.10.22	02:16:22.708	0.86769	0.86772			6
2025.10.22	02:16:30.227		0.86771			4
2025.10.22	02:16:42.192		0.86772			4
2025.10.22	02:16:51.357	0.86770				2
2025.10.22	02:17:00.722	0.86770				2
2025.10.22	02:17:25.257		0.86774			4
2025.10.22	02:17:31.033		0.86773			4
2025.10.22	02:17:36.072		0.86774			4
2025.10.22	02:17:36.732		0.86773			4
2025.10.22	02:17:55.433	0.86771	0.86774			6
2025.10.22	02:17:58.877		0.86775			4
2025.10.22	02:18:00.471	0.86771				2
2025.10.22	02:18:22.901	0.86772				2
2025.10.22	02:18:23.488	0.86774	0.86777			6
2025.10.22	02:18:23.809		0.86776			4
2025.10.22	02:18:27.056	0.86775				2
2025.10.22	02:18:31.373		0.86777			4
2025.10.22	02:18:32.819		0.86778			4
2025.10.22	02:18:41.514	0.86777	0.86779			6
2025.10.22	02:18:41.817		0.86780			4
2025.10.22	02:18:46.446		0.86781			4
2025.10.22	02:19:00.660	0.86777				2
2025.10.22	02:19:32.893	0.86778				2
2025.10.22	02:19:40.895	0.86777	0.86780			6
2025.10.22	02:20:02.216	0.86777				2
2025.10.22	02:20:06.827		0.86779			4
2025.10.22	02:20:14.141	0.86776				2
2025.10.22	02:20:28.052	0.86774	0.86778			6
2025.10.22	02:20:37.728		0.86775			4
2025.10.22	02:20:38.031		0.86778			4
2025.10.22	02:20:40.457	0.86775	0.86779			6
2025.10.22	02:21:01.125	0.86775				2
2025.10.22	02:21:35.429	0.86777	0.86780			6
2025.10.22	02:21:57.908	0.86776	0.86779			6
2025.10.22	02:22:01.126	0.86776				2
2025.10.22	02:22:03.483	0.86775				2
2025.10.22	02:22:14.246		0.86778			4
2025.10.22	02:22:45.378	0.86776				2
2025.10.22	02:22:51.173	0.86777	0.86779			6
2025.10.22	02:23:00.459	0.86777	0.86780			6
2025.10.22	02:23:04.968		0.86779			4
2025.10.22	02:23:15.360	0.86774	0.86778			6
2025.10.22	02:23:26.636	0.86775				2
2025.10.22	02:23:46.202	0.86776				2
2025.10.22	02:24:00.741	0.86776				2
2025.10.22	02:24:18.422		0.86778			4
2025.10.22	02:25:05.529	0.86774				2
2025.10.22	02:25:09.095	0.86775				2
2025.10.22	02:25:13.375		0.86779			4
2025.10.22	02:25:14.547		0.86778			4
2025.10.22	02:25:17.389	0.86776				2
2025.10.22	02:25:18.863	0.86774				2
2025.10.22	02:25:53.451	0.86773	0.86777			6
2025.10.22	02:26:00.321	0.86773				2
2025.10.22	02:26:30.385		0.86776			4
2025.10.22	02:26:33.486	0.86772				2
2025.10.22	02:26:43.553	0.86773				2
2025.10.22	02:26:53.053		0.86777			4
2025.10.22	02:27:00.638	0.86773				2
2025.10.22	02:27:28.154	0.86774	0.86779			6
2025.10.22	02:27:39.770		0.86778			4
2025.10.22	02:28:00.465	0.86774				2
2025.10.22	02:28:20.696		0.86777			4
2025.10.22	02:28:21.425	0.86772	0.86776			6
2025.10.22	02:28:47.128		0.86775			4
2025.10.22	02:29:00.641	0.86772				2
2025.10.22	02:29:04.933		0.86776			4
2025.10.22	02:29:08.422	0.86773				2
2025.10.22	02:29:32.783	0.86772				2
2025.10.22	02:29:46.366	0.86774	0.86777			6
2025.10.22	02:29:48.860	0.86775				2
2025.10.22	02:29:49.169		0.86778			4
2025.10.22	02:29:51.787	0.86778	0.86781			6
2025.10.22	02:29:52.522		0.86780			4
2025.10.22	02:29:58.432		0.86781			4
2025.10.22	02:29:59.596	0.86779				2
2025.10.22	02:29:59.899	0.86777				2
2025.10.22	02:30:00.294	0.86777				2
2025.10.22	02:30:02.292	0.86776	0.86779			6
2025.10.22	02:30:25.508	0.86775	0.86778			6
2025.10.22	02:30:28.873	0.86774				2
2025.10.22	02:30:30.177		0.86777			4
2025.10.22	02:30:32.318		0.86778			4
2025.10.22	02:30:37.077	0.86775				2
2025.10.22	02:31:00.455	0.86775				2
2025.10.22	02:31:00.986	0.86776				2
2025.10.22	02:31:02.346	0.86775				2
2025.10.22	02:31:03.592	0.86774				2
2025.10.22	02:31:15.196	0.86775				2
2025.10.22	02:31:17.376		0.86777			4
2025.10.22	02:31:31.429		0.86776			4
2025.10.22	02:31:32.164	0.86773				2
2025.10.22	02:31:32.787		0.86775			4
2025.10.22	02:31:43.307		0.86776			4
2025.10.22	02:32:14.937	0.86773				2
2025.10.22	02:32:23.641	0.86775				2
2025.10.22	02:32:39.986		0.86777			4
2025.10.22	02:33:00.470	0.86775				2
2025.10.22	02:33:27.042		0.86778			4
2025.10.22	02:33:33.595		0.86777			4
2025.10.22	02:33:55.012	0.86774				2
2025.10.22	02:34:00.618	0.86774				2
2025.10.22	02:34:22.702	0.86775				2
2025.10.22	02:34:34.302		0.86777			4
2025.10.22	02:34:58.286	0.86776				2
2025.10.22	02:34:58.644	0.86775				2
2025.10.22	02:35:00.669	0.86775				2
2025.10.22	02:35:10.409	0.86776				2
2025.10.22	02:35:11.981	0.86775				2
2025.10.22	02:35:25.404	0.86774				2
2025.10.22	02:35:35.431		0.86777			4
2025.10.22	02:36:00.526	0.86774				2
2025.10.22	02:36:09.524	0.86775				2
2025.10.22	02:36:19.101		0.86776			4
2025.10.22	02:36:20.592		0.86777			4
2025.10.22	02:36:35.231		0.86776			4
2025.10.22	02:36:43.737	0.86773				2
2025.10.22	02:36:50.013		0.86777			4
2025.10.22	02:36:51.885	0.86774				2
2025.10.22	02:36:55.786	0.86773	0.86776			6
2025.10.22	02:37:00.647	0.86773				2
2025.10.22	02:37:13.801		0.86775			4
2025.10.22	02:37:14.484	0.86772				2
2025.10.22	02:38:00.598	0.86772				2
2025.10.22	02:38:22.216		0.86775			4
2025.10.22	02:38:28.838	0.86771				2
2025.10.22	02:38:31.604		0.86774			4
2025.10.22	02:38:40.776	0.86772				2
2025.10.22	02:38:48.482	0.86774	0.86776			6
2025.10.22	02:38:49.386		0.86777			4
2025.10.22	02:39:00.664	0.86774				2
2025.10.22	02:39:49.130	0.86773				2
2025.10.22	02:39:49.441		0.86777			4
2025.10.22	02:39:50.299		0.86776			4
2025.10.22	02:40:00.657	0.86773				2
2025.10.22	02:40:29.729	0.86774	0.86777			6
2025.10.22	02:41:00.609	0.86774				2
2025.10.22	02:41:16.239	0.86772	0.86775			6
2025.10.22	02:41:49.702	0.86773				2
2025.10.22	02:41:59.545	0.86772				2
2025.10.22	02:42:01.421	0.86772				2
2025.10.22	02:42:02.289	0.86773	0.86776			6
2025.10.22	02:42:27.367	0.86772	0.86775			6
2025.10.22	02:42:43.949	0.86774	0.86776			6
2025.10.22	02:42:45.380		0.86777			4
2025.10.22	02:43:00.645	0.86774				2
2025.10.22	02:43:46.231		0.86777			4
2025.10.22	02:44:00.837	0.86774				2
2025.10.22	02:44:47.717		0.86777			4
2025.10.22	02:44:48.508	0.86780	0.86782			6
2025.10.22	02:44:49.542		0.86783			4
2025.10.22	02:45:00.634	0.86780				2
2025.10.22	02:45:02.483	0.86781				2
2025.10.22	02:45:02.878	0.86784	0.86786			6
2025.10.22	02:45:04.066		0.86787			4
2025.10.22	02:45:08.066	0.86785				2
2025.10.22	02:45:10.349	0.86784				2
2025.10.22	02:45:24.903	0.86785				2
2025.10.22	02:45:25.909	0.86784				2
2025.10.22	02:45:36.291	0.86785	0.86788			6
2025.10.22	02:45:39.600	0.86787	0.86789			6
2025.10.22	02:45:48.754		0.86788			4
2025.10.22	02:45:49.336		0.86789			4
2025.10.22	02:45:58.862	0.86786	0.86787			6
2025.10.22	02:45:59.198	0.86788	0.86791			6
2025.10.22	02:45:59.502		0.86789			4
2025.10.22	02:45:59.853		0.86790			4
2025.10.22	02:46:00.515	0.86787	0.86788			6
2025.10.22	02:46:01.547	0.86786	0.86787			6
2025.10.22	02:46:02.463	0.86787	0.86788			6
2025.10.22	02:46:04.323	0.86785	0.86787			6
2025.10.22	02:46:13.719	0.86784				2
2025.10.22	02:46:14.039	0.86786	0.86789			6
2025.10.22	02:46:14.830	0.86787	0.86790			6
2025.10.22	02:46:15.166		0.86791			4
2025.10.22	02:46:17.604	0.86786				2
2025.10.22	02:46:17.924	0.86787	0.86792			6
2025.10.22	02:46:18.614		0.86791			4
2025.10.22	02:46:20.420	0.86786	0.86789			6
2025.10.22	02:46:23.056		0.86791			4
2025.10.22	02:46:24.324		0.86790			4
2025.10.22	02:46:28.533	0.86788	0.86792			6
2025.10.22	02:46:29.463	0.86786	0.86789			6
2025.10.22	02:46:32.812	0.86790	0.86792			6
2025.10.22	02:46:33.311		0.86793			4
2025.10.22	02:46:41.144	0.86791				2
2025.10.22	02:46:43.260	0.86792				2
2025.10.22	02:46:43.858	0.86791				2
2025.10.22	02:46:51.450	0.86792	0.86794			6
2025.10.22	02:46:51.759	0.86791	0.86793			6
2025.10.22	02:46:52.078	0.86793	0.86795			6
2025.10.22	02:46:52.826		0.86796			4
2025.10.22	02:46:53.138	0.86794				2
2025.10.22	02:46:54.142	0.86793				2
2025.10.22	02:46:54.478	0.86792	0.86794			6
2025.10.22	02:46:58.363	0.86791	0.86796			6
2025.10.22	02:47:00.424	0.86791				2
2025.10.22	02:47:00.857	0.86790	0.86794			6
2025.10.22	02:47:05.836	0.86791				2
2025.10.22	02:47:07.043	0.86792				2
2025.10.22	02:47:17.406	0.86791				2
2025.10.22	02:47:22.595	0.86789				2
2025.10.22	02:47:23.716	0.86790				2
2025.10.22	02:47:24.178	0.86791				2
2025.10.22	02:47:25.220		0.86795			4
2025.10.22	02:47:34.376	0.86792				2
2025.10.22	02:47:36.583		0.86794			4
2025.10.22	02:47:52.205		0.86795			4
2025.10.22	02:47:54.447		0.86794			4
2025.10.22	02:48:00.478	0.86790	0.86793			6
2025.10.22	02:48:12.539		0.86792			4
2025.10.22	02:48:21.713	0.86789	0.86794			6
2025.10.22	02:48:22.954	0.86790				2
2025.10.22	02:48:25.780	0.86789				2
2025.10.22	02:48:32.471	0.86790				2
2025.10.22	02:48:41.125		0.86793			4
2025.10.22	02:48:41.953	0.86791	0.86794			6
2025.10.22	02:48:42.391	0.86792	0.86793			6
2025.10.22	02:48:49.846	0.86791				2
2025.10.22	02:49:02.999	0.86788	0.86792			6
2025.10.22	02:49:03.513	0.86789				2
2025.10.22	02:49:05.011	0.86788				2
2025.10.22	02:49:38.356	0.86789				2
2025.10.22	02:49:50.441	0.86788				2
2025.10.22	02:50:00.077	0.86788				2
2025.10.22	02:50:00.610	0.86787				2
2025.10.22	02:50:05.892	0.86788	0.86792			6
2025.10.22	02:50:10.898	0.86787				2
2025.10.22	02:50:20.169	0.86788				2
2025.10.22	02:50:24.527		0.86791			4
2025.10.22	02:50:27.741	0.86789				2
2025.10.22	02:50:29.200	0.86788				2
2025.10.22	02:50:30.446		0.86792			4
2025.10.22	02:50:45.125	0.86792	0.86793			6
2025.10.22	02:50:45.765		0.86794			4
2025.10.22	02:50:48.772	0.86791				2
2025.10.22	02:50:49.080	0.86789	0.86793			6
2025.10.22	02:50:52.992	0.86790				2
2025.10.22	02:50:53.580	0.86789				2
2025.10.22	02:51:00.452	0.86789	0.86792			6
2025.10.22	02:51:04.292	0.86790				2
2025.10.22	02:51:10.682	0.86789				2
2025.10.22	02:51:12.934	0.86787				2
2025.10.22	02:51:16.367	0.86789	0.86795			6
2025.10.22	02:51:16.744	0.86790	0.86794			6
2025.10.22	02:51:21.615	0.86791				2
2025.10.22	02:51:33.332	0.86790				2
2025.10.22	02:51:36.878		0.86792			4
2025.10.22	02:51:37.179	0.86791	0.86794			6
2025.10.22	02:51:40.515	0.86792	0.86795			6
2025.10.22	02:51:42.853	0.86791	0.86794			6
2025.10.22	02:51:47.804	0.86790	0.86793			6
2025.10.22	02:52:01.230	0.86790				2
2025.10.22	02:52:02.136	0.86792	0.86794			6
2025.10.22	02:52:02.791	0.86791				2
2025.10.22	02:52:24.074	0.86790	0.86793			6
2025.10.22	02:52:24.441	0.86791				2
2025.10.22	02:52:26.635	0.86790	0.86792			6
2025.10.22	02:52:29.267	0.86791				2
2025.10.22	02:52:32.883	0.86792	0.86794			6
2025.10.22	02:52:37.184	0.86791	0.86793			6
2025.10.22	02:52:41.842		0.86794			4
2025.10.22	02:52:42.347		0.86793			4
2025.10.22	02:52:45.155		0.86794			4
2025.10.22	02:52:48.583	0.86793	0.86795			6
2025.10.22	02:52:50.736		0.86794			4
2025.10.22	02:52:52.839		0.86795			4
2025.10.22	02:52:55.278		0.86794			4
2025.10.22	02:53:00.078	0.86793				2
2025.10.22	02:53:01.140		0.86795			4
2025.10.22	02:53:01.743		0.86794			4
2025.10.22	02:53:07.931		0.86795			4
2025.10.22	02:53:08.238		0.86796			4
2025.10.22	02:53:08.719	0.86794	0.86795			6
2025.10.22	02:53:11.125	0.86793				2
2025.10.22	02:53:13.448	0.86794				2
2025.10.22	02:53:17.858	0.86793				2
2025.10.22	02:53:19.137	0.86794				2
2025.10.22	02:53:19.498		0.86796			4
2025.10.22	02:53:26.032	0.86795				2
2025.10.22	02:53:26.371	0.86794				2
2025.10.22	02:53:28.887	0.86793	0.86795			6
2025.10.22	02:53:30.772	0.86794	0.86796			6
2025.10.22	02:53:32.707		0.86795			4
2025.10.22	02:53:33.900	0.86793				2
2025.10.22	02:53:52.142	0.86792	0.86794			6
2025.10.22	02:54:00.476	0.86792				2
2025.10.22	02:54:04.786		0.86795			4
2025.10.22	02:54:05.091		0.86794			4
2025.10.22	02:54:11.827	0.86793				2
2025.10.22	02:54:20.498	0.86792				2
2025.10.22	02:54:27.084	0.86793	0.86795			6
2025.10.22	02:54:28.840	0.86794				2
2025.10.22	02:54:44.863	0.86795	0.86796			6
2025.10.22	02:54:45.172	0.86793	0.86795			6
2025.10.22	02:54:48.471	0.86794				2
2025.10.22	02:54:50.313	0.86793				2
2025.10.22	02:55:00.429	0.86794	0.86796			6
2025.10.22	02:55:00.832	0.86795				2
2025.10.22	02:55:03.195	0.86794				2
2025.10.22	02:55:04.130	0.86795				2
2025.10.22	02:55:06.539	0.86794				2
2025.10.22	02:55:07.692	0.86795				2
2025.10.22	02:55:09.977	0.86794				2
2025.10.22	02:55:17.313	0.86795				2
2025.10.22	02:55:17.628	0.86794	0.86797			6
2025.10.22	02:55:17.938	0.86796				2
2025.10.22	02:55:19.173	0.86797	0.86798			6
2025.10.22	02:55:20.340	0.86796				2
2025.10.22	02:55:21.081	0.86795	0.86797			6
2025.10.22	02:55:21.823	0.86794	0.86796			6
2025.10.22	02:55:26.250	0.86797	0.86798			6
2025.10.22	02:55:27.840	0.86794	0.86796			6
2025.10.22	02:55:55.190	0.86793	0.86794			6
2025.10.22	02:55:55.736		0.86795			4
2025.10.22	02:55:56.244	0.86792	0.86794			6
2025.10.22	02:55:57.902	0.86793	0.86795			6
2025.10.22	02:55:58.240	0.86795	0.86796			6
2025.10.22	02:56:00.325	0.86795				2
2025.10.22	02:56:05.362		0.86797			4
2025.10.22	02:56:12.583	0.86796				2
2025.10.22	02:56:12.908	0.86795				2
2025.10.22	02:56:20.378	0.86796	0.86798			6
2025.10.22	02:56:20.730		0.86797			4
2025.10.22	02:56:38.753	0.86797	0.86798			6
2025.10.22	02:56:39.066	0.86796	0.86797			6
2025.10.22	02:56:39.985	0.86795				2
2025.10.22	02:56:40.293	0.86796				2
2025.10.22	02:56:43.055	0.86795				2
2025.10.22	02:56:43.773	0.86796				2
2025.10.22	02:56:45.121		0.86798			4
2025.10.22	02:56:45.909		0.86797			4
2025.10.22	02:56:46.875	0.86798	0.86799			6
2025.10.22	02:56:47.212	0.86797				2
2025.10.22	02:56:47.551		0.86798			4
2025.10.22	02:56:49.696	0.86796	0.86797			6
2025.10.22	02:56:52.104	0.86795				2
2025.10.22	02:56:52.988	0.86796				2
2025.10.22	02:56:54.379	0.86797	0.86799			6
2025.10.22	02:56:55.320	0.86795	0.86797			6
2025.10.22	02:56:55.626	0.86796				2
2025.10.22	02:56:58.672	0.86795				2
2025.10.22	02:57:00.057	0.86796				2
2025.10.22	02:57:01.637	0.86795				2
2025.10.22	02:57:03.562	0.86794	0.86796			6
2025.10.22	02:57:03.881	0.86793	0.86795			6
2025.10.22	02:57:16.351	0.86795	0.86796			6
2025.10.22	02:57:16.667	0.86794	0.86795			6
2025.10.22	02:57:25.162	0.86795	0.86796			6
2025.10.22	02:57:28.199	0.86794				2
2025.10.22	02:57:29.244	0.86795				2
2025.10.22	02:57:34.170		0.86797			4
2025.10.22	02:57:37.164	0.86796				2
2025.10.22	02:57:39.148	0.86797	0.86799			6
2025.10.22	02:57:42.715		0.86800			4
2025.10.22	02:57:43.253		0.86799			4
2025.10.22	02:57:49.461	0.86798				2
2025.10.22	02:58:01.517	0.86798				2
2025.10.22	02:58:08.178	0.86794	0.86796			6
2025.10.22	02:58:13.259	0.86795	0.86798			6
2025.10.22	02:58:13.578	0.86796	0.86799			6
2025.10.22	02:58:18.221	0.86794	0.86795			6
2025.10.22	02:58:18.539	0.86792	0.86794			6
2025.10.22	02:58:18.903	0.86791				2
2025.10.22	02:58:19.330	0.86792				2
2025.10.22	02:58:34.982	0.86793				2
2025.10.22	02:58:40.689	0.86790	0.86791			6
2025.10.22	02:58:41.922	0.86789				2
2025.10.22	02:58:42.601	0.86788	0.86790			6
2025.10.22	02:58:42.973	0.86789	0.86791			6
2025.10.22	02:58:47.980	0.86791	0.86792			6
2025.10.22	02:58:48.878	0.86790	0.86791			6
2025.10.22	02:58:51.929	0.86791	0.86792			6
2025.10.22	02:59:00.287	0.86791				2
2025.10.22	02:59:00.634	0.86790	0.86791			6
2025.10.22	02:59:04.142		0.86792			4
2025.10.22	02:59:07.461		0.86791			4
2025.10.22	02:59:12.101	0.86789				2
2025.10.22	02:59:19.891	0.86788	0.86790			6
2025.10.22	02:59:37.052	0.86789				2
2025.10.22	02:59:38.674	0.86788				2
2025.10.22	02:59:51.660	0.86790	0.86791			6
2025.10.22	02:59:52.388	0.86788	0.86790			6
2025.10.22	03:00:00.305	0.86788				2
2025.10.22	03:00:00.628	0.86789				2
2025.10.22	03:00:00.974	0.86788				2
2025.10.22	03:00:01.291	0.86789				2
2025.10.22	03:00:01.744	0.86788				2
2025.10.22	03:00:02.867	0.86787	0.86788			6
2025.10.22	03:00:03.389		0.86789			4
2025.10.22	03:00:04.112	0.86788				2
2025.10.22	03:00:04.552	0.86787	0.86788			6
2025.10.22	03:00:05.192	0.86786	0.86787			6
2025.10.22	03:00:05.912	0.86785				2
2025.10.22	03:00:06.276	0.86788	0.86790			6
2025.10.22	03:00:07.973	0.86787	0.86789			6
2025.10.22	03:00:08.772	0.86785	0.86787			6
2025.10.22	03:00:10.348	0.86786				2
2025.10.22	03:00:10.772	0.86785				2
2025.10.22	03:00:12.656	0.86786				2
2025.10.22	03:00:12.960	0.86785				2
2025.10.22	03:00:21.766	0.86786	0.86788			6
2025.10.22	03:00:23.388	0.86784	0.86786			6
2025.10.22	03:00:24.613	0.86786	0.86787			6
2025.10.22	03:00:24.997	0.86785	0.86786			6
2025.10.22	03:00:25.468		0.86787			4
2025.10.22	03:00:25.773		0.86786			4
2025.10.22	03:00:26.089	0.86784				2
2025.10.22	03:00:26.575	0.86785				2
2025.10.22	03:00:27.615	0.86784				2
2025.10.22	03:00:28.212	0.86785				2
2025.10.22	03:00:30.058	0.86784				2
2025.10.22	03:00:49.307	0.86785				2
2025.10.22	03:00:50.224	0.86784				2
2025.10.22	03:00:50.532		0.86787			4
2025.10.22	03:00:50.919	0.86785				2
2025.10.22	03:00:51.231		0.86786			4
2025.10.22	03:00:51.577	0.86784	0.86785			6
2025.10.22	03:00:53.857	0.86782	0.86784			6
2025.10.22	03:00:54.526		0.86783			4
2025.10.22	03:00:55.210	0.86781				2
2025.10.22	03:00:56.663	0.86783	0.86784			6
2025.10.22	03:00:56.988	0.86780	0.86782			6
2025.10.22	03:00:57.301	0.86781	0.86783			6
2025.10.22	03:00:58.041	0.86780	0.86782			6
2025.10.22	03:00:59.357	0.86781	0.86783			6
2025.10.22	03:01:00.178	0.86781				2
2025.10.22	03:01:00.608	0.86784	0.86786			6
2025.10.22	03:01:02.325	0.86783	0.86785			6
2025.10.22	03:01:02.636	0.86784	0.86786			6
2025.10.22	03:01:07.518		0.86785			4
2025.10.22	03:01:09.384	0.86783				2
2025.10.22	03:01:09.920	0.86782	0.86784			6
2025.10.22	03:01:11.950		0.86783			4
2025.10.22	03:01:13.576	0.86781				2
2025.10.22	03:01:16.898	0.86782	0.86784			6
2025.10.22	03:01:17.872	0.86781	0.86783			6
2025.10.22	03:01:19.082	0.86780	0.86782			6
2025.10.22	03:01:19.472	0.86781	0.86783			6
2025.10.22	03:01:21.322	0.86780	0.86782			6
2025.10.22	03:01:21.871	0.86781				2
2025.10.22	03:01:22.816		0.86783			4
2025.10.22	03:01:23.282		0.86782			4
2025.10.22	03:01:23.622		0.86783			4
2025.10.22	03:01:28.016	0.86780	0.86782			6
2025.10.22	03:01:35.786	0.86781				2
2025.10.22	03:01:36.098	0.86783	0.86785			6
2025.10.22	03:01:38.292	0.86784	0.86786			6
2025.10.22	03:01:39.071	0.86785				2
2025.10.22	03:01:39.412		0.86787			4
2025.10.22	03:01:44.749	0.86790	0.86791			6
2025.10.22	03:01:45.731	0.86789				2
2025.10.22	03:01:46.373	0.86792	0.86793			6
2025.10.22	03:01:46.678		0.86794			4
2025.10.22	03:01:47.036		0.86793			4
2025.10.22	03:01:48.303		0.86794			4
2025.10.22	03:01:48.615	0.86793				2
2025.10.22	03:01:49.303		0.86795			4
2025.10.22	03:01:54.344	0.86792	0.86794			6
2025.10.22	03:01:54.650	0.86793	0.86795			6
2025.10.22	03:01:55.016	0.86792				2
2025.10.22	03:01:55.318		0.86794			4
2025.10.22	03:01:59.048	0.86795	0.86797			6
2025.10.22	03:02:00.229	0.86794	0.86796			6
2025.10.22	03:02:01.021	0.86793	0.86795			6
2025.10.22	03:02:04.396	0.86792	0.86794			6
2025.10.22	03:02:04.707	0.86793	0.86795			6
2025.10.22	03:02:06.736	0.86792				2
2025.10.22	03:02:07.057	0.86793				2
2025.10.22	03:02:08.847	0.86794	0.86796			6
2025.10.22	03:02:09.617	0.86795				2
2025.10.22	03:02:09.977	0.86792	0.86794			6
2025.10.22	03:02:10.302	0.86791	0.86793			6
2025.10.22	03:02:12.969	0.86792	0.86794			6
2025.10.22	03:02:13.295		0.86793			4
2025.10.22	03:02:14.032	0.86793	0.86795			6
2025.10.22	03:02:15.482		0.86794			4
2025.10.22	03:02:15.799	0.86791	0.86792			6
2025.10.22	03:02:16.129	0.86790				2
2025.10.22	03:02:19.159	0.86793	0.86794			6
2025.10.22	03:02:19.467	0.86792	0.86795			6
2025.10.22	03:02:19.787	0.86793				2
2025.10.22	03:02:20.100		0.86794			4
2025.10.22	03:02:20.428	0.86792				2
2025.10.22	03:02:21.193	0.86793	0.86795			6
2025.10.22	03:02:21.506	0.86794	0.86796			6
2025.10.22	03:02:21.819	0.86793	0.86795			6
2025.10.22	03:02:22.136		0.86796			4
2025.10.22	03:02:22.760	0.86794				2
2025.10.22	03:02:23.457	0.86795				2
2025.10.22	03:02:23.761	0.86793	0.86795			6
2025.10.22	03:02:25.428	0.86792	0.86794			6
2025.10.22	03:02:26.343	0.86794	0.86796			6
2025.10.22	03:02:26.661	0.86795				2
2025.10.22	03:02:27.678		0.86797			4
2025.10.22	03:02:31.781	0.86794	0.86796			6
2025.10.22	03:02:32.360	0.86793	0.86795			6
2025.10.22	03:02:33.580	0.86794				2
2025.10.22	03:02:33.994	0.86793				2
2025.10.22	03:02:34.716	0.86794				2
2025.10.22	03:02:35.109		0.86796			4
2025.10.22	03:02:39.191	0.86795				2
2025.10.22	03:02:42.644	0.86794				2
2025.10.22	03:02:44.533	0.86795				2
2025.10.22	03:02:46.214	0.86794				2
2025.10.22	03:02:49.687	0.86795				2
2025.10.22	03:02:50.403	0.86792	0.86794			6
2025.10.22	03:02:52.628	0.86793				2
2025.10.22	03:02:53.484	0.86792				2
2025.10.22	03:02:56.768		0.86793			4
2025.10.22	03:02:57.562		0.86794			4
2025.10.22	03:03:00.221	0.86792				2
2025.10.22	03:03:01.232	0.86791	0.86793			6
2025.10.22	03:03:02.522	0.86792				2
2025.10.22	03:03:02.940		0.86794			4
2025.10.22	03:03:04.742	0.86791	0.86793			6
2025.10.22	03:03:05.118		0.86792			4
2025.10.22	03:03:05.425	0.86792	0.86793			6
2025.10.22	03:03:05.751	0.86790				2
2025.10.22	03:03:07.831	0.86789	0.86791			6
2025.10.22	03:03:08.346	0.86791	0.86792			6
2025.10.22	03:03:10.277	0.86790	0.86791			6
2025.10.22	03:03:10.601		0.86792			4
2025.10.22	03:03:13.694	0.86789	0.86791			6
2025.10.22	03:03:18.562	0.86790				2
2025.10.22	03:03:23.815	0.86789				2
2025.10.22	03:03:24.726	0.86790				2
2025.10.22	03:03:25.028	0.86791	0.86792			6
2025.10.22	03:03:25.340	0.86792	0.86793			6
2025.10.22	03:03:28.656	0.86790	0.86791			6
2025.10.22	03:03:30.404		0.86792			4
2025.10.22	03:03:34.523	0.86792	0.86793			6
2025.10.22	03:03:38.748	0.86791				2
2025.10.22	03:03:39.467	0.86792				2
2025.10.22	03:03:40.839	0.86791				2
2025.10.22	03:03:41.441	0.86793	0.86795			6
2025.10.22	03:03:41.972	0.86790	0.86792			6
2025.10.22	03:03:43.610	0.86792	0.86793			6
2025.10.22	03:03:43.918		0.86794			4
2025.10.22	03:03:46.596	0.86793	0.86795			6
2025.10.22	03:03:46.914	0.86794	0.86796			6
2025.10.22	03:03:49.751	0.86793	0.86795			6
2025.10.22	03:03:50.111	0.86792				2
2025.10.22	03:03:50.418	0.86793				2
2025.10.22	03:03:51.447	0.86792	0.86794			6
2025.10.22	03:03:51.753	0.86791	0.86793			6
2025.10.22	03:03:52.136	0.86790	0.86792			6
2025.10.22	03:03:52.582	0.86789	0.86791			6
2025.10.22	03:03:53.707	0.86790	0.86792			6
2025.10.22	03:03:54.580	0.86791				2
2025.10.22	03:03:58.414		0.86793			4
2025.10.22	03:04:00.317	0.86791	0.86792			6
2025.10.22	03:04:00.618		0.86793			4
2025.10.22	03:04:01.903		0.86792			4
2025.10.22	03:04:04.237	0.86790	0.86793			6
2025.10.22	03:04:05.021		0.86792			4
2025.10.22	03:04:05.517	0.86789				2
2025.10.22	03:04:05.857	0.86790				2
2025.10.22	03:04:07.619	0.86788	0.86791			6
2025.10.22	03:04:07.938	0.86789				2
2025.10.22	03:04:08.723	0.86790	0.86792			6
2025.10.22	03:04:09.445	0.86789	0.86791			6
2025.10.22	03:04:26.205	0.86788				2
2025.10.22	03:04:28.029		0.86790			4
2025.10.22	03:04:33.136	0.86787	0.86789			6
2025.10.22	03:04:36.374	0.86786				2
2025.10.22	03:04:37.592	0.86788				2
2025.10.22	03:04:38.229	0.86786				2
2025.10.22	03:04:39.696		0.86788			4
2025.10.22	03:04:40.420		0.86789			4
2025.10.22	03:04:40.731		0.86788			4
2025.10.22	03:04:41.467	0.86785	0.86787			6
2025.10.22	03:04:42.212	0.86786	0.86788			6
2025.10.22	03:04:43.070	0.86787	0.86789			6
2025.10.22	03:04:43.689	0.86786	0.86788			6
2025.10.22	03:04:46.385	0.86787	0.86789			6
2025.10.22	03:04:53.238	0.86788	0.86790			6
2025.10.22	03:04:54.857	0.86787				2
2025.10.22	03:04:56.078		0.86789			4
2025.10.22	03:04:56.381	0.86786	0.86790			6
2025.10.22	03:04:57.078		0.86789			4
2025.10.22	03:04:59.688	0.86787				2
2025.10.22	03:05:00.463	0.86787				2
2025.10.22	03:05:01.215	0.86788	0.86791			6
2025.10.22	03:05:01.839	0.86787				2
2025.10.22	03:05:02.217		0.86790			4
2025.10.22	03:05:02.752		0.86791			4
2025.10.22	03:05:03.196		0.86790			4
2025.10.22	03:05:03.507		0.86789			4
2025.10.22	03:05:04.137	0.86786	0.86788			6
2025.10.22	03:05:04.462	0.86787	0.86789			6
2025.10.22	03:05:11.824	0.86788	0.86790			6
2025.10.22	03:05:12.129	0.86785	0.86787			6
2025.10.22	03:05:12.479	0.86786				2
2025.10.22	03:05:12.783	0.86785				2
2025.10.22	03:05:16.579	0.86784	0.86786			6
2025.10.22	03:05:20.368	0.86785				2
2025.10.22	03:05:20.752		0.86787			4
2025.10.22	03:05:21.322	0.86784	0.86786			6
2025.10.22	03:05:27.382	0.86785				2
2025.10.22	03:05:27.698	0.86784				2
2025.10.22	03:05:29.103	0.86785	0.86787			6
2025.10.22	03:05:30.468	0.86787	0.86789			6
2025.10.22	03:05:31.238	0.86786	0.86788			6
2025.10.22	03:05:35.812	0.86787				2
2025.10.22	03:05:36.921	0.86785	0.86787			6
2025.10.22	03:05:41.298	0.86786				2
2025.10.22	03:05:43.149		0.86788			4
2025.10.22	03:05:44.412		0.86787			4
2025.10.22	03:05:45.072	0.86787	0.86788			6
2025.10.22	03:05:45.380	0.86784	0.86786			6
2025.10.22	03:05:46.826	0.86783	0.86785			6
2025.10.22	03:05:47.630	0.86784	0.86786			6
2025.10.22	03:05:50.126	0.86783	0.86785			6
2025.10.22	03:05:50.756	0.86784	0.86786			6
2025.10.22	03:05:54.832	0.86785	0.86787			6
2025.10.22	03:05:55.156	0.86784	0.86786			6
2025.10.22	03:05:55.635	0.86786	0.86788			6
2025.10.22	03:06:00.281	0.86785				2
2025.10.22	03:06:05.221		0.86787			4
2025.10.22	03:06:09.181	0.86787	0.86789			6
2025.10.22	03:06:13.209	0.86790	0.86792			6
2025.10.22	03:06:13.573	0.86789	0.86791			6
2025.10.22	03:06:14.240	0.86790	0.86792			6
2025.10.22	03:06:16.903	0.86789				2
2025.10.22	03:06:17.259		0.86791			4
2025.10.22	03:06:18.076	0.86790	0.86792			6
2025.10.22	03:06:23.021	0.86791				2
2025.10.22	03:06:26.039	0.86790				2
2025.10.22	03:06:27.340	0.86791				2
2025.10.22	03:06:30.812	0.86790				2
2025.10.22	03:06:37.456	0.86793	0.86795			6
2025.10.22	03:06:37.759	0.86794	0.86796			6
2025.10.22	03:06:38.733	0.86795				2
2025.10.22	03:06:39.627	0.86793	0.86795			6
2025.10.22	03:06:40.068	0.86794				2
2025.10.22	03:06:44.911	0.86793				2
2025.10.22	03:06:46.829	0.86795	0.86796			6
2025.10.22	03:06:47.593	0.86794	0.86795			6
2025.10.22	03:06:49.492	0.86795	0.86796			6
2025.10.22	03:06:51.561	0.86794	0.86795			6
2025.10.22	03:06:52.298	0.86795	0.86797			6
2025.10.22	03:06:55.796	0.86794	0.86796			6
2025.10.22	03:06:56.434	0.86796	0.86797			6
2025.10.22	03:06:56.792	0.86795				2
2025.10.22	03:07:00.582	0.86795				2
2025.10.22	03:07:02.408	0.86796				2
2025.10.22	03:07:04.386	0.86794				2
2025.10.22	03:07:05.177		0.86796			4
2025.10.22	03:07:06.284	0.86795	0.86797			6
2025.10.22	03:07:09.473	0.86796				2
2025.10.22	03:07:09.803	0.86795				2
2025.10.22	03:07:11.038	0.86794	0.86796			6
2025.10.22	03:07:15.897	0.86792	0.86794			6
2025.10.22	03:07:17.902	0.86791	0.86793			6
2025.10.22	03:07:18.635	0.86790	0.86792			6
2025.10.22	03:07:18.939	0.86792	0.86794			6
2025.10.22	03:07:19.245	0.86794	0.86795			6
2025.10.22	03:07:19.567	0.86793				2
2025.10.22	03:07:19.878		0.86796			4
2025.10.22	03:07:20.191	0.86794				2
2025.10.22	03:07:23.223		0.86795			4
2025.10.22	03:07:23.948	0.86793				2
2025.10.22	03:07:28.941	0.86794				2
2025.10.22	03:07:29.983		0.86796			4
2025.10.22	03:07:36.574	0.86795	0.86797			6
2025.10.22	03:07:38.117	0.86792	0.86794			6
2025.10.22	03:07:39.081	0.86790	0.86792			6
2025.10.22	03:07:40.841	0.86791	0.86793			6
2025.10.22	03:07:42.143	0.86792				2
2025.10.22	03:07:43.664	0.86791				2
2025.10.22	03:07:47.347	0.86792	0.86794			6
2025.10.22	03:07:57.264	0.86791	0.86793			6
2025.10.22	03:07:57.579	0.86792	0.86794			6
2025.10.22	03:08:00.378	0.86792				2
2025.10.22	03:08:02.324	0.86794	0.86796			6
2025.10.22	03:08:03.071	0.86793	0.86795			6
2025.10.22	03:08:04.691	0.86794				2
2025.10.22	03:08:05.733		0.86796			4
2025.10.22	03:08:06.427	0.86793	0.86795			6
2025.10.22	03:08:07.941	0.86798	0.86799			6
2025.10.22	03:08:08.352	0.86795	0.86797			6
2025.10.22	03:08:08.660		0.86796			4
2025.10.22	03:08:09.464	0.86794				2
2025.10.22	03:08:10.387	0.86795	0.86797			6
2025.10.22	03:08:11.098		0.86796			4
2025.10.22	03:08:11.437	0.86794				2
2025.10.22	03:08:12.307	0.86795	0.86797			6
2025.10.22	03:08:12.610	0.86794	0.86796			6
2025.10.22	03:08:12.956		0.86795			4
2025.10.22	03:08:13.381	0.86795	0.86796			6
2025.10.22	03:08:13.886		0.86797			4
2025.10.22	03:08:15.280	0.86794	0.86796			6
2025.10.22	03:08:15.591	0.86795	0.86797			6
2025.10.22	03:08:15.901		0.86796			4
2025.10.22	03:08:16.463		0.86797			4
2025.10.22	03:08:19.344		0.86796			4
2025.10.22	03:08:19.798	0.86794				2
2025.10.22	03:08:20.871	0.86795	0.86797			6
2025.10.22	03:08:30.436		0.86796			4
2025.10.22	03:08:30.741	0.86797	0.86798			6
2025.10.22	03:08:31.059	0.86796				2
2025.10.22	03:08:33.038	0.86797				2
2025.10.22	03:08:34.043	0.86796				2
2025.10.22	03:08:35.030	0.86797				2
2025.10.22	03:08:37.284	0.86795	0.86797			6
2025.10.22	03:08:37.600	0.86796	0.86798			6
2025.10.22	03:08:39.088	0.86795				2
2025.10.22	03:08:40.412		0.86797			4
2025.10.22	03:08:40.800	0.86796				2
2025.10.22	03:08:41.659	0.86795				2
2025.10.22	03:08:42.082	0.86797	0.86799			6
2025.10.22	03:08:42.802	0.86796	0.86798			6
2025.10.22	03:08:45.686	0.86798	0.86800			6
2025.10.22	03:08:46.390	0.86799				2
2025.10.22	03:08:49.494	0.86798				2
2025.10.22	03:08:51.536		0.86799			4
2025.10.22	03:08:51.839	0.86797				2
2025.10.22	03:08:52.307	0.86798	0.86800			6
2025.10.22	03:08:53.475	0.86800	0.86801			6
2025.10.22	03:08:54.388	0.86798	0.86799			6
2025.10.22	03:08:54.698	0.86797				2
2025.10.22	03:08:55.057	0.86798	0.86800			6
2025.10.22	03:08:56.455	0.86797				2
2025.10.22	03:08:56.939	0.86798				2
2025.10.22	03:08:58.472	0.86799				2
2025.10.22	03:08:59.632	0.86798				2
2025.10.22	03:09:00.047	0.86798				2
2025.10.22	03:09:00.461	0.86796	0.86797			6
2025.10.22	03:09:00.851	0.86795				2
2025.10.22	03:09:02.236	0.86796				2
2025.10.22	03:09:03.796	0.86795				2
2025.10.22	03:09:05.704	0.86796				2
2025.10.22	03:09:06.284	0.86795				2
2025.10.22	03:09:08.757	0.86799	0.86800			6
2025.10.22	03:09:09.079	0.86795	0.86797			6
2025.10.22	03:09:10.147		0.86798			4
2025.10.22	03:09:10.460		0.86797			4
2025.10.22	03:09:10.768	0.86797	0.86798			6
2025.10.22	03:09:11.683	0.86798	0.86799			6
2025.10.22	03:09:12.490	0.86797				2
2025.10.22	03:09:14.501	0.86799	0.86801			6
2025.10.22	03:09:16.356	0.86800	0.86802			6
2025.10.22	03:09:17.017	0.86799	0.86801			6
2025.10.22	03:09:19.385	0.86800	0.86802			6
2025.10.22	03:09:19.802	0.86799	0.86801			6
2025.10.22	03:09:20.958	0.86800				2
2025.10.22	03:09:22.114	0.86801	0.86802			6
2025.10.22	03:09:25.812	0.86799				2
2025.10.22	03:09:26.162		0.86801			4
2025.10.22	03:09:28.911	0.86798	0.86800			6
2025.10.22	03:09:29.539	0.86797	0.86799			6
2025.10.22	03:09:30.381	0.86798	0.86800			6
2025.10.22	03:09:30.796	0.86797	0.86799			6
2025.10.22	03:09:31.767	0.86796	0.86798			6
2025.10.22	03:09:33.972	0.86797	0.86799			6
2025.10.22	03:09:38.999	0.86798	0.86800			6
2025.10.22	03:09:39.307	0.86799	0.86801			6
2025.10.22	03:09:40.000		0.86802			4
2025.10.22	03:09:42.677		0.86801			4
2025.10.22	03:09:42.989	0.86798	0.86800			6
2025.10.22	03:09:45.273		0.86801			4
2025.10.22	03:09:45.679	0.86799				2
2025.10.22	03:09:47.755	0.86800	0.86802			6
2025.10.22	03:09:50.252	0.86801				2
2025.10.22	03:09:50.672	0.86800	0.86803			6
2025.10.22	03:09:50.981	0.86804	0.86806			6
2025.10.22	03:09:51.294	0.86803	0.86805			6
2025.10.22	03:09:51.599	0.86801	0.86803			6
2025.10.22	03:09:52.450		0.86802			4
2025.10.22	03:09:53.048	0.86800				2
2025.10.22	03:09:55.743	0.86801				2
2025.10.22	03:09:57.392	0.86803	0.86804			6
2025.10.22	03:09:57.701	0.86801	0.86803			6
2025.10.22	03:09:59.527	0.86802	0.86804			6
2025.10.22	03:10:00.282	0.86801	0.86803			6
2025.10.22	03:10:00.619	0.86800	0.86802			6
2025.10.22	03:10:03.258	0.86801				2
2025.10.22	03:10:03.751	0.86799	0.86801			6
2025.10.22	03:10:04.316	0.86798	0.86800			6
2025.10.22	03:10:04.618		0.86801			4
2025.10.22	03:10:04.962		0.86800			4
2025.10.22	03:10:05.636	0.86800	0.86802			6
2025.10.22	03:10:07.263	0.86797	0.86799			6
2025.10.22	03:10:08.404	0.86798				2
2025.10.22	03:10:08.716	0.86797				2
2025.10.22	03:10:10.556	0.86798	0.86800			6
2025.10.22	03:10:19.175	0.86800	0.86801			6
2025.10.22	03:10:20.943	0.86801	0.86802			6
2025.10.22	03:10:21.832		0.86803			4
2025.10.22	03:10:28.099	0.86800	0.86802			6
2025.10.22	03:10:28.889	0.86802	0.86803			6
2025.10.22	03:10:29.673	0.86800	0.86802			6
2025.10.22	03:10:30.066		0.86803			4
2025.10.22	03:10:30.388	0.86802				2
2025.10.22	03:10:37.221	0.86804	0.86805			6
2025.10.22	03:10:37.539	0.86803	0.86804			6
2025.10.22	03:10:38.372	0.86805	0.86806			6
2025.10.22	03:10:40.330	0.86804	0.86805			6
2025.10.22	03:10:43.722	0.86802	0.86804			6
2025.10.22	03:10:44.499	0.86803				2
2025.10.22	03:10:46.233	0.86802				2
2025.10.22	03:10:46.539	0.86803				2
2025.10.22	03:10:51.733		0.86805			4
2025.10.22	03:10:53.024		0.86804			4
2025.10.22	03:10:53.432	0.86802				2
2025.10.22	03:10:55.950	0.86804	0.86805			6
2025.10.22	03:10:58.149	0.86803	0.86804			6
2025.10.22	03:10:59.241	0.86804	0.86805			6
2025.10.22	03:11:00.091	0.86802	0.86804			6
2025.10.22	03:11:00.543	0.86805	0.86807			6
2025.10.22	03:11:00.847	0.86806				2
2025.10.22	03:11:01.274	0.86805				2
2025.10.22	03:11:01.586		0.86806			4
2025.10.22	03:11:01.996	0.86806	0.86807			6
2025.10.22	03:11:02.400	0.86804	0.86806			6
2025.10.22	03:11:02.708	0.86803				2
2025.10.22	03:11:03.022	0.86804				2
2025.10.22	03:11:04.546	0.86805				2
2025.10.22	03:11:05.595	0.86807	0.86808			6
2025.10.22	03:11:07.020	0.86805	0.86807			6
2025.10.22	03:11:07.436	0.86806				2
2025.10.22	03:11:07.937	0.86808	0.86809			6
2025.10.22	03:11:08.407	0.86807	0.86808			6
2025.10.22	03:11:09.158	0.86806	0.86807			6
2025.10.22	03:11:13.438	0.86805				2
2025.10.22	03:11:13.740	0.86806				2
2025.10.22	03:11:14.909	0.86805				2
2025.10.22	03:11:15.240	0.86806				2
2025.10.22	03:11:16.392		0.86808			4
2025.10.22	03:11:16.760		0.86807			4
2025.10.22	03:11:17.616		0.86808			4
2025.10.22	03:11:22.336		0.86807			4
2025.10.22	03:11:24.157	0.86807	0.86808			6
2025.10.22	03:11:24.686	0.86806	0.86807			6
2025.10.22	03:11:28.960	0.86805	0.86806			6
2025.10.22	03:11:29.263	0.86804				2
2025.10.22	03:11:29.897		0.86805			4
2025.10.22	03:11:30.351	0.86803				2
2025.10.22	03:11:31.886	0.86804	0.86806			6
2025.10.22	03:11:32.194	0.86803	0.86805			6
2025.10.22	03:11:33.027	0.86802	0.86804			6
2025.10.22	03:11:33.498	0.86804	0.86805			6
2025.10.22	03:11:33.808	0.86805	0.86806			6
2025.10.22	03:11:34.723		0.86807			4
2025.10.22	03:11:35.422	0.86806				2
2025.10.22	03:11:35.943	0.86805	0.86806			6
2025.10.22	03:11:38.413	0.86806	0.86807			6
2025.10.22	03:11:39.393	0.86805				2
2025.10.22	03:11:39.795	0.86806				2
2025.10.22	03:11:40.102	0.86805				2
2025.10.22	03:11:41.296	0.86806				2
2025.10.22	03:11:42.362	0.86808	0.86809			6
2025.10.22	03:11:43.015	0.86807	0.86808			6
2025.10.22	03:11:43.429	0.86804	0.86806			6
2025.10.22	03:11:44.477	0.86805				2
2025.10.22	03:11:44.780	0.86806	0.86807			6
2025.10.22	03:11:45.399	0.86808	0.86809			6
2025.10.22	03:11:48.431	0.86810	0.86811			6
2025.10.22	03:11:54.792	0.86808	0.86809			6
2025.10.22	03:11:55.099	0.86807				2
2025.10.22	03:11:56.322		0.86808			4
2025.10.22	03:11:58.792	0.86811	0.86812			6
2025.10.22	03:12:00.352	0.86811				2
2025.10.22	03:12:00.873	0.86806	0.86808			6
2025.10.22	03:12:01.417	0.86808	0.86809			6
2025.10.22	03:12:03.284	0.86809	0.86810			6
2025.10.22	03:12:03.683	0.86807	0.86809			6
2025.10.22	03:12:04.717	0.86808				2
2025.10.22	03:12:07.741	0.86807				2
2025.10.22	03:12:08.460	0.86808				2
2025.10.22	03:12:09.172	0.86807				2
2025.10.22	03:12:09.716	0.86808				2
2025.10.22	03:12:11.194	0.86809	0.86810			6
2025.10.22	03:12:14.538	0.86810	0.86811			6
2025.10.22	03:12:16.514	0.86811	0.86812			6
2025.10.22	03:12:20.993	0.86810	0.86811			6
2025.10.22	03:12:22.837	0.86811	0.86812			6
2025.10.22	03:12:25.097	0.86810	0.86811			6
2025.10.22	03:12:25.517	0.86809	0.86810			6
2025.10.22	03:12:25.819	0.86810	0.86811			6
2025.10.22	03:12:26.223	0.86811	0.86812			6
2025.10.22	03:12:28.935	0.86809	0.86810			6
2025.10.22	03:12:33.652	0.86808				2
2025.10.22	03:12:34.623	0.86809				2
2025.10.22	03:12:35.249		0.86811			4
2025.10.22	03:12:36.607	0.86812	0.86813			6
2025.10.22	03:12:36.973	0.86811	0.86812			6
2025.10.22	03:12:39.602	0.86809	0.86810			6
2025.10.22	03:12:40.558	0.86811	0.86812			6
2025.10.22	03:12:44.424	0.86812	0.86813			6
2025.10.22	03:12:45.508	0.86813	0.86814			6
2025.10.22	03:12:46.456	0.86815	0.86816			6
2025.10.22	03:12:46.762	0.86814	0.86815			6
2025.10.22	03:12:49.250	0.86813	0.86814			6
2025.10.22	03:12:49.593	0.86814	0.86815			6
2025.10.22	03:12:49.902	0.86812	0.86813			6
2025.10.22	03:12:50.264	0.86814	0.86815			6
2025.10.22	03:12:51.983	0.86813	0.86814			6
2025.10.22	03:12:52.304	0.86814	0.86815			6
2025.10.22	03:12:53.523	0.86813	0.86814			6
2025.10.22	03:12:56.685	0.86810	0.86811			6
2025.10.22	03:12:57.177	0.86809				2
2025.10.22	03:12:57.647	0.86808	0.86810			6
2025.10.22	03:13:00.449	0.86808				2
2025.10.22	03:13:05.150	0.86810	0.86812			6
2025.10.22	03:13:09.856	0.86811				2
2025.10.22	03:13:10.809	0.86810				2
2025.10.22	03:13:11.502	0.86811				2
2025.10.22	03:13:13.667	0.86812	0.86813			6
2025.10.22	03:13:15.414	0.86814	0.86815			6
2025.10.22	03:13:16.382	0.86810	0.86812			6
2025.10.22	03:13:16.697		0.86811			4
2025.10.22	03:13:17.042	0.86809				2
2025.10.22	03:13:18.869	0.86808				2
2025.10.22	03:13:20.001	0.86810				2
2025.10.22	03:13:20.374	0.86809				2
2025.10.22	03:13:21.936		0.86810			4
2025.10.22	03:13:23.611	0.86810	0.86811			6
2025.10.22	03:13:24.320	0.86808				2
2025.10.22	03:13:24.638		0.86810			4
2025.10.22	03:13:25.786	0.86810	0.86811			6
2025.10.22	03:13:28.668	0.86809				2
2025.10.22	03:13:30.766		0.86810			4
2025.10.22	03:13:31.401	0.86810	0.86811			6
2025.10.22	03:13:32.086	0.86811	0.86812			6
2025.10.22	03:13:32.837	0.86807	0.86809			6
2025.10.22	03:13:33.649	0.86806	0.86808			6
2025.10.22	03:13:39.531		0.86807			4
2025.10.22	03:13:40.296	0.86808	0.86809			6
2025.10.22	03:13:46.479	0.86807	0.86808			6
2025.10.22	03:13:46.867	0.86808	0.86809			6
2025.10.22	03:13:47.562	0.86807	0.86808			6
2025.10.22	03:13:48.238	0.86808	0.86809			6
2025.10.22	03:13:48.867	0.86807	0.86808			6
2025.10.22	03:13:50.770	0.86805	0.86807			6
2025.10.22	03:13:53.127	0.86806	0.86808			6
2025.10.22	03:13:53.779	0.86805	0.86807			6
2025.10.22	03:13:58.147	0.86806	0.86808			6
2025.10.22	03:13:58.635		0.86807			4
2025.10.22	03:14:00.371	0.86806	0.86808			6
2025.10.22	03:14:02.210	0.86807				2
2025.10.22	03:14:14.440	0.86806	0.86807			6
2025.10.22	03:14:17.328	0.86808	0.86809			6
2025.10.22	03:14:17.641	0.86807	0.86808			6
2025.10.22	03:14:19.152	0.86806	0.86807			6
2025.10.22	03:14:20.535	0.86808	0.86809			6
2025.10.22	03:14:20.945	0.86807	0.86808			6
2025.10.22	03:14:21.959	0.86806	0.86807			6
2025.10.22	03:14:24.462	0.86808	0.86809			6
2025.10.22	03:14:24.908	0.86806	0.86808			6
2025.10.22	03:14:25.210	0.86807				2
2025.10.22	03:14:26.603	0.86806	0.86807			6
2025.10.22	03:14:27.177	0.86807	0.86808			6
2025.10.22	03:14:28.279	0.86806				2
2025.10.22	03:14:28.952	0.86809	0.86810			6
2025.10.22	03:14:29.279	0.86806	0.86807			6
2025.10.22	03:14:30.657	0.86807	0.86808			6
2025.10.22	03:14:31.938	0.86806	0.86807			6
2025.10.22	03:14:32.267	0.86807	0.86808			6
2025.10.22	03:14:33.909	0.86806	0.86807			6
2025.10.22	03:14:35.397	0.86808	0.86809			6
2025.10.22	03:14:35.701	0.86806	0.86808			6
2025.10.22	03:14:36.017	0.86808	0.86809			6
2025.10.22	03:14:36.723	0.86806	0.86807			6
2025.10.22	03:14:39.753	0.86805				2
2025.10.22	03:14:40.631	0.86806				2
2025.10.22	03:14:41.384	0.86807	0.86808			6
2025.10.22	03:14:43.263	0.86806	0.86807			6
2025.10.22	03:14:43.640	0.86805				2
2025.10.22	03:14:44.621		0.86806			4
2025.10.22	03:14:45.257	0.86806	0.86807			6
2025.10.22	03:14:45.576	0.86804	0.86806			6
2025.10.22	03:14:46.769	0.86806	0.86807			6
2025.10.22	03:14:47.531	0.86805				2
2025.10.22	03:14:49.858		0.86808			4
2025.10.22	03:14:50.192	0.86807				2
2025.10.22	03:14:50.859	0.86809	0.86810			6
2025.10.22	03:14:51.173	0.86807	0.86808			6
2025.10.22	03:14:51.482	0.86805	0.86807			6
2025.10.22	03:14:52.468	0.86807	0.86808			6
2025.10.22	03:14:53.829	0.86806	0.86807			6
2025.10.22	03:14:54.349	0.86807	0.86808			6
2025.10.22	03:14:54.871	0.86806				2
2025.10.22	03:14:56.386	0.86805	0.86807			6
2025.10.22	03:14:57.626	0.86806				2
2025.10.22	03:15:00.220	0.86806	0.86808			6
2025.10.22	03:15:00.538		0.86807			4
2025.10.22	03:15:01.470		0.86808			4
2025.10.22	03:15:03.558		0.86807			4
2025.10.22	03:15:04.167	0.86807	0.86808			6
2025.10.22	03:15:04.479	0.86806	0.86807			6
2025.10.22	03:15:06.462	0.86805				2
2025.10.22	03:15:06.925	0.86804	0.86806			6
2025.10.22	03:15:07.732	0.86805				2
2025.10.22	03:15:10.237	0.86808	0.86809			6
2025.10.22	03:15:11.312	0.86807	0.86808			6
2025.10.22	03:15:11.730	0.86808	0.86809			6
2025.10.22	03:15:14.191	0.86809	0.86810			6
2025.10.22	03:15:15.461	0.86807	0.86809			6
2025.10.22	03:15:16.917	0.86808				2
2025.10.22	03:15:19.334	0.86809	0.86810			6
2025.10.22	03:15:20.476	0.86807	0.86809			6
2025.10.22	03:15:21.246	0.86809	0.86810			6
2025.10.22	03:15:24.344	0.86808				2
2025.10.22	03:15:24.761		0.86809			4
2025.10.22	03:15:25.464	0.86806	0.86807			6
2025.10.22	03:15:26.580	0.86805				2
2025.10.22	03:15:26.899	0.86804	0.86806			6
2025.10.22	03:15:28.229	0.86805				2
2025.10.22	03:15:31.867	0.86803	0.86805			6
2025.10.22	03:15:33.095		0.86806			4
2025.10.22	03:15:33.770		0.86805			4
2025.10.22	03:15:34.402	0.86804	0.86806			6
2025.10.22	03:15:36.409	0.86803	0.86805			6
2025.10.22	03:15:38.128	0.86804	0.86806			6
2025.10.22	03:15:39.162	0.86805	0.86807			6
2025.10.22	03:15:39.467	0.86804	0.86806			6
2025.10.22	03:15:40.312	0.86805				2
2025.10.22	03:15:41.443	0.86804				2
2025.10.22	03:15:42.460	0.86805				2
2025.10.22	03:15:42.783	0.86804				2
2025.10.22	03:15:45.719	0.86805				2
2025.10.22	03:15:48.799	0.86804				2
2025.10.22	03:15:50.093	0.86805				2
2025.10.22	03:15:52.238	0.86804				2
2025.10.22	03:15:56.119		0.86805			4
2025.10.22	03:15:57.391		0.86806			4
2025.10.22	03:15:59.291		0.86807			4
2025.10.22	03:16:00.006	0.86804				2
2025.10.22	03:16:02.566	0.86805				2
2025.10.22	03:16:02.899		0.86806			4
2025.10.22	03:16:05.172		0.86807			4
2025.10.22	03:16:05.929	0.86804	0.86806			6
2025.10.22	03:16:10.691	0.86805				2
2025.10.22	03:16:11.012	0.86804				2
2025.10.22	03:16:11.523		0.86807			4
2025.10.22	03:16:13.761	0.86805				2
2025.10.22	03:16:14.408	0.86806				2
2025.10.22	03:16:15.653	0.86805				2
2025.10.22	03:16:16.144	0.86806				2
2025.10.22	03:16:16.606	0.86804	0.86806			6
2025.10.22	03:16:16.916	0.86805				2
2025.10.22	03:16:17.841	0.86804				2
2025.10.22	03:16:19.889	0.86805	0.86807			6
2025.10.22	03:16:23.002		0.86806			4
2025.10.22	03:16:23.352	0.86804				2
2025.10.22	03:16:26.432	0.86802	0.86803			6
2025.10.22	03:16:30.637		0.86804			4
2025.10.22	03:16:33.364		0.86803			4
2025.10.22	03:16:43.200	0.86801	0.86802			6
2025.10.22	03:16:43.517	0.86802	0.86803			6
2025.10.22	03:16:49.002	0.86801				2
2025.10.22	03:16:49.306	0.86802	0.86804			6
2025.10.22	03:16:52.587	0.86801	0.86803			6
2025.10.22	03:16:56.826	0.86800	0.86802			6
