<DATE>	<TIME>	<BID>	<ASK>	<LAST>	<VOLUME>	<FLAGS>
2025.12.31	00:03:30.899	0.87158	0.87329			6
2025.12.31	00:04:10.542	0.87158				2
2025.12.31	00:04:32.093		0.87329			4
2025.12.31	00:05:00.326	0.87158				2
2025.12.31	00:05:05.721		0.87299			4
2025.12.31	00:05:08.367		0.87287			4
2025.12.31	00:05:10.288		0.87282			4
2025.12.31	00:05:11.326		0.87285			4
2025.12.31	00:05:12.327		0.87313			4
2025.12.31	00:05:15.145	0.87161	0.87318			6
2025.12.31	00:05:16.366	0.87160	0.87317			6
2025.12.31	00:05:21.552	0.87163	0.87320			6
2025.12.31	00:05:22.346	0.87165	0.87318			6
2025.12.31	00:05:24.347	0.87163	0.87321			6
2025.12.31	00:05:24.881	0.87160	0.87318			6
2025.12.31	00:05:30.048	0.87163	0.87321			6
2025.12.31	00:05:30.891	0.87169	0.87322			6
2025.12.31	00:05:31.367	0.87158	0.87320			6
2025.12.31	00:05:32.011		0.87318			4
2025.12.31	00:05:36.984		0.87317			4
2025.12.31	00:05:39.746		0.87312			4
2025.12.31	00:05:40.350		0.87311			4
2025.12.31	00:05:41.682		0.87312			4
2025.12.31	00:05:42.954		0.87310			4
2025.12.31	00:05:44.837		0.87312			4
2025.12.31	00:05:48.346		0.87313			4
2025.12.31	00:06:02.348	0.87158	0.87312			6
2025.12.31	00:06:03.716		0.87310			4
2025.12.31	00:06:22.160		0.87301			4
2025.12.31	00:07:08.654	0.87158				2
2025.12.31	00:07:35.144		0.87301			4
2025.12.31	00:07:44.344		0.87318			4
2025.12.31	00:07:50.348		0.87305			4
2025.12.31	00:08:02.093	0.87158	0.87304			6
2025.12.31	00:08:10.350		0.87302			4
2025.12.31	00:08:18.340		0.87296			4
2025.12.31	00:08:23.186		0.87294			4
2025.12.31	00:08:24.352		0.87293			4
2025.12.31	00:08:27.927		0.87295			4
2025.12.31	00:08:33.125		0.87293			4
2025.12.31	00:08:38.475		0.87296			4
2025.12.31	00:08:58.353		0.87293			4
2025.12.31	00:09:03.409	0.87158	0.87295			6
2025.12.31	00:09:05.754		0.87299			4
2025.12.31	00:09:43.704		0.87298			4
2025.12.31	00:09:55.785		0.87297			4
2025.12.31	00:10:00.374	0.87168	0.87249			6
2025.12.31	00:10:00.687	0.87158	0.87247			6
2025.12.31	00:10:01.622		0.87248			4
2025.12.31	00:10:03.829		0.87247			4
2025.12.31	00:10:04.813		0.87248			4
2025.12.31	00:10:11.984	0.87180	0.87262			6
2025.12.31	00:10:41.335		0.87261			4
2025.12.31	00:10:41.637		0.87262			4
2025.12.31	00:10:42.265		0.87261			4
2025.12.31	00:11:00.149	0.87180				2
2025.12.31	00:11:18.584	0.87158	0.87248			6
2025.12.31	00:11:23.978	0.87180	0.87261			6
2025.12.31	00:11:24.912	0.87158	0.87248			6
2025.12.31	00:11:27.344		0.87245			4
2025.12.31	00:11:28.761		0.87248			4
2025.12.31	00:11:30.116	0.87180	0.87261			6
2025.12.31	00:11:31.054	0.87158	0.87248			6
2025.12.31	00:11:38.983	0.87176	0.87259			6
2025.12.31	00:11:39.471	0.87193	0.87263			6
2025.12.31	00:11:39.826		0.87262			4
2025.12.31	00:11:40.131		0.87263			4
2025.12.31	00:11:40.466	0.87195	0.87261			6
2025.12.31	00:11:40.786	0.87175	0.87258			6
2025.12.31	00:11:41.099	0.87195	0.87262			6
2025.12.31	00:11:41.422	0.87175	0.87259			6
2025.12.31	00:11:42.921	0.87195	0.87261			6
2025.12.31	00:11:46.342		0.87262			4
2025.12.31	00:11:47.610		0.87261			4
2025.12.31	00:11:48.126	0.87174	0.87259			6
2025.12.31	00:11:57.667		0.87257			4
2025.12.31	00:12:00.386	0.87173	0.87259			6
2025.12.31	00:12:00.829		0.87258			4
2025.12.31	00:12:06.970	0.87174	0.87257			6
2025.12.31	00:12:07.853		0.87258			4
2025.12.31	00:12:08.153	0.87173				2
2025.12.31	00:12:09.582		0.87259			4
2025.12.31	00:12:09.916		0.87258			4
2025.12.31	00:12:10.451	0.87175	0.87257			6
2025.12.31	00:12:12.117	0.87174				2
2025.12.31	00:12:12.723	0.87175				2
2025.12.31	00:12:13.099	0.87174				2
2025.12.31	00:12:20.982	0.87175				2
2025.12.31	00:12:22.909		0.87256			4
2025.12.31	00:12:46.499	0.87176	0.87255			6
2025.12.31	00:12:48.329	0.87175	0.87257			6
2025.12.31	00:12:51.411	0.87174				2
2025.12.31	00:13:00.536	0.87174				2
2025.12.31	00:13:03.098		0.87258			4
2025.12.31	00:13:07.585		0.87257			4
2025.12.31	00:13:08.812	0.87175				2
2025.12.31	00:13:12.375	0.87174				2
2025.12.31	00:13:23.810	0.87175				2
2025.12.31	00:13:24.803	0.87174				2
2025.12.31	00:13:48.393	0.87173				2
2025.12.31	00:14:00.152	0.87173				2
2025.12.31	00:14:12.837		0.87257			4
2025.12.31	00:14:30.710	0.87174				2
2025.12.31	00:14:36.302	0.87173				2
2025.12.31	00:14:38.099	0.87174				2
2025.12.31	00:15:00.305	0.87193	0.87260			6
2025.12.31	00:15:00.619	0.87177	0.87258			6
2025.12.31	00:15:01.058	0.87193	0.87260			6
2025.12.31	00:15:01.392	0.87178	0.87257			6
2025.12.31	00:15:01.823	0.87170	0.87260			6
2025.12.31	00:15:02.138	0.87193	0.87259			6
2025.12.31	00:15:02.444	0.87191				2
2025.12.31	00:15:02.805	0.87178	0.87256			6
2025.12.31	00:15:03.118	0.87189	0.87257			6
2025.12.31	00:15:03.537		0.87259			4
2025.12.31	00:15:03.869	0.87178	0.87256			6
2025.12.31	00:15:04.218	0.87188	0.87258			6
2025.12.31	00:15:04.717	0.87179	0.87256			6
2025.12.31	00:15:05.204	0.87189	0.87258			6
2025.12.31	00:15:05.704	0.87174	0.87256			6
2025.12.31	00:15:06.086	0.87171	0.87259			6
2025.12.31	00:15:06.585	0.87174	0.87256			6
2025.12.31	00:15:06.980	0.87172	0.87258			6
2025.12.31	00:15:07.481	0.87174	0.87256			6
2025.12.31	00:15:08.037	0.87188	0.87259			6
2025.12.31	00:15:08.536	0.87175	0.87257			6
2025.12.31	00:15:08.846	0.87172	0.87258			6
2025.12.31	00:15:09.402	0.87175	0.87255			6
2025.12.31	00:15:09.717	0.87186	0.87258			6
2025.12.31	00:15:10.292	0.87174	0.87256			6
2025.12.31	00:15:10.738	0.87188	0.87258			6
2025.12.31	00:15:11.237	0.87174	0.87256			6
2025.12.31	00:15:11.656	0.87172	0.87258			6
2025.12.31	00:15:12.156	0.87174	0.87256			6
2025.12.31	00:15:12.643	0.87172	0.87259			6
2025.12.31	00:15:13.143	0.87174	0.87255			6
2025.12.31	00:15:13.459	0.87190	0.87258			6
2025.12.31	00:15:14.055	0.87171	0.87261			6
2025.12.31	00:15:14.379	0.87190	0.87259			6
2025.12.31	00:15:14.680	0.87189	0.87261			6
2025.12.31	00:15:15.158	0.87178	0.87258			6
2025.12.31	00:15:15.610	0.87188	0.87260			6
2025.12.31	00:15:16.111	0.87178	0.87258			6
2025.12.31	00:15:16.461	0.87188	0.87260			6
2025.12.31	00:15:16.960	0.87189	0.87261			6
2025.12.31	00:15:17.268		0.87260			4
2025.12.31	00:15:17.704	0.87178	0.87259			6
2025.12.31	00:15:18.163	0.87189	0.87261			6
2025.12.31	00:15:18.658	0.87184				2
2025.12.31	00:15:19.000	0.87170				2
2025.12.31	00:15:19.353	0.87178	0.87259			6
2025.12.31	00:15:19.727	0.87189	0.87261			6
2025.12.31	00:15:20.225	0.87178	0.87258			6
2025.12.31	00:15:20.626	0.87189	0.87261			6
2025.12.31	00:15:21.124	0.87179	0.87258			6
2025.12.31	00:15:21.482	0.87189	0.87260			6
2025.12.31	00:15:21.983	0.87178	0.87258			6
2025.12.31	00:15:22.448	0.87189	0.87260			6
2025.12.31	00:15:22.963	0.87178	0.87258			6
2025.12.31	00:15:23.384	0.87189	0.87260			6
2025.12.31	00:15:23.884	0.87178	0.87258			6
2025.12.31	00:15:24.351	0.87188	0.87260			6
2025.12.31	00:15:24.851	0.87178	0.87258			6
2025.12.31	00:15:25.162	0.87206	0.87270			6
2025.12.31	00:15:25.464		0.87271			4
2025.12.31	00:15:27.137	0.87201	0.87265			6
2025.12.31	00:15:33.152	0.87206	0.87263			6
2025.12.31	00:15:34.038	0.87205	0.87275			6
2025.12.31	00:15:44.809		0.87274			4
2025.12.31	00:15:52.916	0.87206				2
2025.12.31	00:16:00.847	0.87206				2
2025.12.31	00:16:06.424		0.87273			4
2025.12.31	00:16:07.106	0.87205				2
2025.12.31	00:16:08.293	0.87206				2
2025.12.31	00:16:20.116	0.87207				2
2025.12.31	00:16:22.116	0.87206				2
2025.12.31	00:16:22.650	0.87205				2
2025.12.31	00:16:32.210		0.87272			4
2025.12.31	00:16:52.909		0.87271			4
2025.12.31	00:16:53.214	0.87211				2
2025.12.31	00:16:58.012		0.87272			4
2025.12.31	00:16:59.210		0.87271			4
2025.12.31	00:17:11.656	0.87211				2
2025.12.31	00:17:36.712	0.87212				2
2025.12.31	00:17:42.209	0.87211				2
2025.12.31	00:17:49.639	0.87210	0.87272			6
2025.12.31	00:17:53.210		0.87273			4
2025.12.31	00:17:54.570	0.87209				2
2025.12.31	00:17:56.811	0.87208	0.87274			6
2025.12.31	00:17:59.044	0.87207	0.87275			6
2025.12.31	00:18:04.010	0.87207				2
2025.12.31	00:18:17.810	0.87208				2
2025.12.31	00:18:33.109		0.87274			4
2025.12.31	00:19:03.414	0.87208				2
2025.12.31	00:19:14.210	0.87209				2
2025.12.31	00:19:37.010		0.87273			4
2025.12.31	00:20:04.010	0.87209				2
2025.12.31	00:20:13.498	0.87210				2
2025.12.31	00:20:48.109		0.87273			4
2025.12.31	00:20:54.110	0.87211				2
2025.12.31	00:21:11.514	0.87211	0.87272			6
2025.12.31	00:21:13.502	0.87210				2
2025.12.31	00:21:32.666	0.87212				2
2025.12.31	00:22:13.014	0.87212	0.87272			6
2025.12.31	00:22:22.483	0.87213				2
2025.12.31	00:22:46.009		0.87273			4
2025.12.31	00:22:48.708	0.87212				2
2025.12.31	00:23:07.286	0.87212				2
2025.12.31	00:23:20.209	0.87213	0.87272			6
2025.12.31	00:24:01.830	0.87213				2
2025.12.31	00:24:04.315	0.87214				2
2025.12.31	00:24:20.548		0.87272			4
2025.12.31	00:24:35.511		0.87271			4
2025.12.31	00:25:00.164	0.87214				2
2025.12.31	00:25:06.305	0.87213	0.87272			6
2025.12.31	00:25:21.709	0.87214	0.87271			6
2025.12.31	00:25:51.295		0.87270			4
2025.12.31	00:25:53.043	0.87230	0.87287			6
2025.12.31	00:25:55.218	0.87215	0.87270			6
2025.12.31	00:26:00.351	0.87215				2
2025.12.31	00:26:46.861	0.87214				2
2025.12.31	00:26:58.022		0.87270			4
2025.12.31	00:27:00.079	0.87214				2
2025.12.31	00:27:19.009	0.87215				2
2025.12.31	00:27:33.712	0.87214				2
2025.12.31	00:28:08.210	0.87214	0.87270			6
2025.12.31	00:28:17.325	0.87215	0.87269			6
2025.12.31	00:28:30.799	0.87216				2
2025.12.31	00:28:54.699	0.87219	0.87266			6
2025.12.31	00:28:57.864		0.87265			4
2025.12.31	00:29:01.309	0.87220				2
2025.12.31	00:29:15.011	0.87219				2
2025.12.31	00:29:16.110	0.87220	0.87263			6
2025.12.31	00:29:17.115	0.87221	0.87264			6
2025.12.31	00:29:53.945	0.87213	0.87268			6
2025.12.31	00:29:54.553	0.87211	0.87264			6
2025.12.31	00:29:56.411	0.87209	0.87262			6
2025.12.31	00:29:57.390	0.87221	0.87264			6
2025.12.31	00:29:57.829	0.87220	0.87265			6
2025.12.31	00:30:00.376	0.87222	0.87263			6
2025.12.31	00:30:02.067		0.87262			4
2025.12.31	00:30:03.121	0.87221	0.87263			6
2025.12.31	00:30:04.256		0.87264			4
2025.12.31	00:30:06.056	0.87222	0.87263			6
2025.12.31	00:30:06.711		0.87262			4
2025.12.31	00:30:13.462	0.87219	0.87265			6
2025.12.31	00:30:18.482		0.87266			4
2025.12.31	00:30:23.868	0.87220	0.87265			6
2025.12.31	00:30:27.413	0.87221	0.87264			6
2025.12.31	00:30:28.529	0.87218	0.87266			6
2025.12.31	00:30:33.709	0.87219				2
2025.12.31	00:30:36.790	0.87220	0.87265			6
2025.12.31	00:30:40.275	0.87221	0.87264			6
2025.12.31	00:30:43.360	0.87222				2
2025.12.31	00:30:47.509		0.87263			4
2025.12.31	00:30:48.841	0.87219	0.87266			6
2025.12.31	00:30:53.480	0.87220	0.87265			6
2025.12.31	00:30:54.713	0.87221	0.87264			6
2025.12.31	00:30:56.489	0.87222	0.87263			6
2025.12.31	00:30:56.812	0.87223				2
2025.12.31	00:30:57.219	0.87221	0.87264			6
2025.12.31	00:30:58.914	0.87223	0.87263			6
2025.12.31	00:30:59.540	0.87221	0.87264			6
2025.12.31	00:31:01.482	0.87222	0.87263			6
2025.12.31	00:31:14.213	0.87223				2
2025.12.31	00:31:18.718	0.87222				2
2025.12.31	00:31:23.817	0.87223				2
2025.12.31	00:31:25.172	0.87221	0.87264			6
2025.12.31	00:31:30.110	0.87220				2
2025.12.31	00:31:43.430	0.87221				2
2025.12.31	00:31:45.412	0.87222				2
2025.12.31	00:31:59.327	0.87221				2
2025.12.31	00:32:00.326	0.87221				2
2025.12.31	00:32:02.383	0.87222				2
2025.12.31	00:32:08.482	0.87223	0.87263			6
2025.12.31	00:32:10.089	0.87222	0.87264			6
2025.12.31	00:32:15.410	0.87221				2
2025.12.31	00:32:22.543	0.87222				2
2025.12.31	00:32:24.615		0.87263			4
2025.12.31	00:32:25.697		0.87264			4
2025.12.31	00:32:30.364	0.87226	0.87279			6
2025.12.31	00:32:30.917		0.87280			4
2025.12.31	00:32:32.552	0.87222	0.87264			6
2025.12.31	00:32:34.409		0.87263			4
2025.12.31	00:32:35.723	0.87221	0.87264			6
2025.12.31	00:32:41.211	0.87222	0.87263			6
2025.12.31	00:32:42.421		0.87264			4
2025.12.31	00:32:43.714	0.87223	0.87263			6
2025.12.31	00:32:46.917	0.87222	0.87264			6
2025.12.31	00:32:48.700		0.87263			4
2025.12.31	00:32:51.917	0.87221	0.87264			6
2025.12.31	00:32:53.152	0.87222	0.87263			6
2025.12.31	00:32:56.768	0.87221	0.87264			6
2025.12.31	00:32:58.482	0.87222	0.87263			6
2025.12.31	00:33:00.537	0.87222				2
2025.12.31	00:33:01.229	0.87221	0.87264			6
2025.12.31	00:33:03.909	0.87222	0.87263			6
2025.12.31	00:33:37.750	0.87221	0.87264			6
2025.12.31	00:33:48.868	0.87222	0.87263			6
2025.12.31	00:33:50.505	0.87221	0.87264			6
2025.12.31	00:33:57.311	0.87222	0.87263			6
2025.12.31	00:33:59.288	0.87221	0.87264			6
2025.12.31	00:34:00.535	0.87221				2
2025.12.31	00:34:09.297	0.87222	0.87263			6
2025.12.31	00:34:19.145	0.87221	0.87261			6
2025.12.31	00:34:26.400	0.87220				2
2025.12.31	00:34:31.913	0.87221				2
2025.12.31	00:34:36.717	0.87220				2
2025.12.31	00:34:42.088	0.87222				2
2025.12.31	00:34:43.576	0.87220				2
2025.12.31	00:34:52.879	0.87222				2
2025.12.31	00:35:05.831	0.87222				2
2025.12.31	00:35:27.709		0.87261			4
2025.12.31	00:36:02.426	0.87222				2
2025.12.31	00:36:03.441	0.87221				2
2025.12.31	00:36:09.717		0.87260			4
2025.12.31	00:36:24.711	0.87222				2
2025.12.31	00:37:01.013	0.87222				2
2025.12.31	00:37:13.535		0.87260			4
2025.12.31	00:38:00.161	0.87222				2
2025.12.31	00:38:20.685		0.87260			4
2025.12.31	00:38:31.009	0.87223				2
2025.12.31	00:38:35.182		0.87259			4
2025.12.31	00:38:37.537	0.87222	0.87260			6
2025.12.31	00:38:41.254	0.87223				2
2025.12.31	00:38:44.606		0.87259			4
2025.12.31	00:38:50.807	0.87222	0.87260			6
2025.12.31	00:38:56.251	0.87219	0.87263			6
2025.12.31	00:38:58.011	0.87218	0.87264			6
2025.12.31	00:39:00.710	0.87219	0.87263			6
2025.12.31	00:40:00.110	0.87219				2
2025.12.31	00:40:02.092		0.87263			4
2025.12.31	00:40:13.010	0.87220				2
2025.12.31	00:40:15.206	0.87219	0.87260			6
2025.12.31	00:40:18.709		0.87261			4
2025.12.31	00:40:33.432	0.87220				2
2025.12.31	00:41:00.536	0.87220				2
2025.12.31	00:41:19.679		0.87261			4
2025.12.31	00:41:37.009	0.87219	0.87262			6
2025.12.31	00:41:38.359		0.87261			4
2025.12.31	00:41:49.010	0.87220				2
2025.12.31	00:41:53.509	0.87219				2
2025.12.31	00:41:57.451	0.87220				2
2025.12.31	00:41:59.509	0.87219	0.87262			6
2025.12.31	00:42:00.535	0.87219				2
2025.12.31	00:42:07.814	0.87218				2
2025.12.31	00:42:14.336	0.87219				2
2025.12.31	00:42:43.137	0.87218				2
2025.12.31	00:42:47.214	0.87219				2
2025.12.31	00:42:59.964		0.87262			4
2025.12.31	00:43:01.076	0.87219				2
2025.12.31	00:43:06.564	0.87218				2
2025.12.31	00:43:19.913	0.87219	0.87261			6
2025.12.31	00:44:01.117	0.87219				2
2025.12.31	00:44:07.009	0.87218				2
2025.12.31	00:44:09.030	0.87220				2
2025.12.31	00:44:14.051	0.87222	0.87258			6
2025.12.31	00:44:14.546		0.87259			4
2025.12.31	00:44:44.462	0.87220	0.87261			6
2025.12.31	00:44:46.046	0.87219	0.87262			6
2025.12.31	00:44:47.672	0.87220	0.87261			6
2025.12.31	00:45:00.047	0.87221	0.87260			6
2025.12.31	00:45:03.195	0.87216	0.87269			6
2025.12.31	00:45:06.644	0.87221	0.87260			6
2025.12.31	00:45:11.796	0.87233	0.87248			6
2025.12.31	00:45:20.510	0.87234	0.87247			6
2025.12.31	00:45:27.727	0.87233	0.87248			6
2025.12.31	00:45:30.698	0.87235	0.87247			6
2025.12.31	00:45:32.025	0.87234	0.87248			6
2025.12.31	00:45:33.331	0.87232	0.87250			6
2025.12.31	00:45:39.435	0.87231	0.87251			6
2025.12.31	00:45:44.932	0.87232	0.87250			6
2025.12.31	00:45:53.054	0.87233	0.87249			6
2025.12.31	00:45:58.171	0.87231	0.87251			6
2025.12.31	00:46:00.539	0.87231				2
2025.12.31	00:46:05.843	0.87230	0.87252			6
2025.12.31	00:46:08.377	0.87231	0.87251			6
2025.12.31	00:46:12.043	0.87230	0.87252			6
2025.12.31	00:46:18.277	0.87229	0.87253			6
2025.12.31	00:46:24.124	0.87228	0.87254			6
2025.12.31	00:46:35.898	0.87227	0.87255			6
2025.12.31	00:46:42.135	0.87226	0.87256			6
2025.12.31	00:47:03.192	0.87219	0.87248			6
2025.12.31	00:47:04.765	0.87218	0.87247			6
2025.12.31	00:47:06.648	0.87226	0.87256			6
2025.12.31	00:47:10.174		0.87255			4
2025.12.31	00:47:11.640	0.87225	0.87256			6
2025.12.31	00:47:11.948	0.87226	0.87255			6
2025.12.31	00:47:18.356	0.87225	0.87256			6
2025.12.31	00:47:29.130	0.87224	0.87257			6
2025.12.31	00:47:33.518	0.87225	0.87256			6
2025.12.31	00:47:35.850	0.87224	0.87257			6
2025.12.31	00:47:40.247		0.87258			4
2025.12.31	00:47:49.898	0.87223	0.87259			6
2025.12.31	00:47:55.318	0.87222				2
2025.12.31	00:47:58.652	0.87223				2
2025.12.31	00:48:00.168	0.87223				2
2025.12.31	00:48:06.450	0.87222	0.87260			6
2025.12.31	00:48:09.844	0.87223	0.87259			6
2025.12.31	00:48:11.982	0.87222	0.87260			6
2025.12.31	00:48:24.991		0.87257			4
2025.12.31	00:48:25.393	0.87221	0.87258			6
2025.12.31	00:48:38.185		0.87261			4
2025.12.31	00:48:38.831	0.87219	0.87239			6
2025.12.31	00:48:39.137	0.87218	0.87240			6
2025.12.31	00:48:40.648		0.87239			4
2025.12.31	00:48:50.809	0.87219	0.87238			6
2025.12.31	00:48:55.011		0.87239			4
2025.12.31	00:49:00.175	0.87205	0.87252			6
2025.12.31	00:49:00.481	0.87204	0.87245			6
2025.12.31	00:49:00.895	0.87205	0.87244			6
2025.12.31	00:49:01.955	0.87206	0.87243			6
2025.12.31	00:49:02.320	0.87207	0.87241			6
2025.12.31	00:49:03.710	0.87208				2
2025.12.31	00:49:06.110	0.87209	0.87240			6
2025.12.31	00:49:07.236	0.87210	0.87241			6
2025.12.31	00:49:09.136	0.87209	0.87242			6
2025.12.31	00:49:09.459		0.87243			4
2025.12.31	00:49:10.508		0.87242			4
2025.12.31	00:49:14.603		0.87241			4
2025.12.31	00:49:15.181	0.87210				2
2025.12.31	00:49:15.521	0.87211				2
2025.12.31	00:49:17.047	0.87212	0.87240			6
2025.12.31	00:49:18.230		0.87239			4
2025.12.31	00:49:19.548	0.87210				2
2025.12.31	00:49:19.857		0.87238			4
2025.12.31	00:49:22.384	0.87212				2
2025.12.31	00:49:25.724	0.87211				2
2025.12.31	00:49:30.475	0.87214	0.87236			6
2025.12.31	00:49:32.360		0.87235			4
2025.12.31	00:49:44.229	0.87217				2
2025.12.31	00:49:50.271	0.87215				2
2025.12.31	00:49:55.013		0.87236			4
2025.12.31	00:49:55.449	0.87212	0.87238			6
2025.12.31	00:50:00.522	0.87212				2
2025.12.31	00:50:04.456	0.87214				2
2025.12.31	00:50:05.266	0.87211				2
2025.12.31	00:50:10.564	0.87210				2
2025.12.31	00:50:11.548	0.87211	0.87237			6
2025.12.31	00:50:15.474	0.87212	0.87238			6
2025.12.31	00:50:25.298	0.87208	0.87239			6
2025.12.31	00:50:25.780	0.87206				2
2025.12.31	00:50:26.285	0.87207	0.87238			6
2025.12.31	00:50:27.498		0.87239			4
2025.12.31	00:50:29.428	0.87205	0.87241			6
2025.12.31	00:50:30.523	0.87206				2
2025.12.31	00:50:40.592	0.87205				2
2025.12.31	00:51:00.051	0.87205	0.87242			6
2025.12.31	00:51:09.048	0.87206	0.87241			6
2025.12.31	00:51:30.980	0.87205	0.87242			6
2025.12.31	00:51:45.522		0.87243			4
2025.12.31	00:51:53.856	0.87206	0.87242			6
2025.12.31	00:51:55.864	0.87205				2
2025.12.31	00:52:00.537	0.87205				2
2025.12.31	00:52:04.100	0.87206	0.87241			6
2025.12.31	00:52:13.550		0.87240			4
2025.12.31	00:52:20.146		0.87241			4
2025.12.31	00:52:23.881		0.87240			4
2025.12.31	00:52:30.951		0.87241			4
2025.12.31	00:52:51.639	0.87203	0.87240			6
2025.12.31	00:52:52.348	0.87206				2
2025.12.31	00:53:00.545	0.87208				2
2025.12.31	00:53:10.729	0.87206				2
2025.12.31	00:53:38.833	0.87210	0.87236			6
2025.12.31	00:53:40.958	0.87211				2
2025.12.31	00:53:41.638	0.87212	0.87234			6
2025.12.31	00:53:44.640	0.87214	0.87233			6
2025.12.31	00:53:55.952		0.87232			4
2025.12.31	00:53:56.846	0.87215				2
2025.12.31	00:53:58.436	0.87214	0.87233			6
2025.12.31	00:53:59.141		0.87234			4
2025.12.31	00:53:59.545		0.87233			4
2025.12.31	00:54:05.472	0.87214	0.87234			6
2025.12.31	00:54:09.622		0.87233			4
2025.12.31	00:54:14.577		0.87235			4
2025.12.31	00:54:24.797		0.87233			4
2025.12.31	00:54:29.262	0.87213	0.87234			6
2025.12.31	00:54:36.587	0.87214				2
2025.12.31	00:54:56.328	0.87216	0.87232			6
2025.12.31	00:54:59.527		0.87234			4
2025.12.31	00:55:00.386	0.87216				2
2025.12.31	00:55:02.537	0.87215	0.87233			6
2025.12.31	00:55:04.523		0.87234			4
2025.12.31	00:55:08.655	0.87216	0.87233			6
2025.12.31	00:55:09.638	0.87214				2
2025.12.31	00:55:18.220	0.87215	0.87232			6
2025.12.31	00:55:23.700		0.87231			4
2025.12.31	00:55:30.841	0.87214	0.87232			6
2025.12.31	00:55:42.710	0.87215	0.87231			6
2025.12.31	00:55:45.481	0.87211	0.87233			6
2025.12.31	00:55:46.576	0.87212				2
2025.12.31	00:55:50.075	0.87211				2
2025.12.31	00:55:51.911	0.87217	0.87236			6
2025.12.31	00:55:52.238	0.87215	0.87234			6
2025.12.31	00:55:54.564	0.87214	0.87235			6
2025.12.31	00:56:00.626	0.87219				2
2025.12.31	00:56:02.490	0.87215				2
2025.12.31	00:56:07.018	0.87219				2
2025.12.31	00:56:09.485	0.87218				2
2025.12.31	00:56:16.133		0.87236			4
2025.12.31	00:56:17.324	0.87217	0.87234			6
2025.12.31	00:56:22.225	0.87214	0.87233			6
2025.12.31	00:56:22.780	0.87215				2
2025.12.31	00:56:29.810		0.87232			4
2025.12.31	00:56:32.584	0.87216				2
2025.12.31	00:56:33.311	0.87218	0.87233			6
2025.12.31	00:56:38.493	0.87216	0.87232			6
2025.12.31	00:56:44.390	0.87211	0.87237			6
2025.12.31	00:56:46.012		0.87238			4
2025.12.31	00:56:48.297	0.87212	0.87237			6
2025.12.31	00:56:51.409	0.87215				2
2025.12.31	00:56:54.534	0.87214				2
2025.12.31	00:56:57.878	0.87213	0.87238			6
2025.12.31	00:57:08.490	0.87211				2
2025.12.31	00:57:14.298	0.87210				2
2025.12.31	00:57:17.510	0.87211				2
2025.12.31	00:57:22.229	0.87212				2
2025.12.31	00:57:32.239	0.87211				2
2025.12.31	00:57:48.364	0.87212	0.87237			6
2025.12.31	00:57:56.490	0.87215				2
2025.12.31	00:57:57.137	0.87212	0.87231			6
2025.12.31	00:57:57.501	0.87211	0.87230			6
2025.12.31	00:57:58.157	0.87216				2
2025.12.31	00:57:59.181	0.87215	0.87228			6
2025.12.31	00:57:59.587	0.87214				2
2025.12.31	00:58:00.274	0.87214				2
2025.12.31	00:58:03.677	0.87215	0.87229			6
2025.12.31	00:58:12.260	0.87214	0.87230			6
2025.12.31	00:58:13.149		0.87229			4
2025.12.31	00:58:20.276		0.87230			4
2025.12.31	00:58:21.031	0.87210	0.87233			6
2025.12.31	00:58:22.050		0.87237			4
2025.12.31	00:58:22.933		0.87238			4
2025.12.31	00:58:27.985	0.87212	0.87234			6
2025.12.31	00:58:33.802	0.87210				2
2025.12.31	00:58:37.184	0.87213	0.87235			6
2025.12.31	00:58:37.495	0.87211				2
2025.12.31	00:58:44.661	0.87209	0.87237			6
2025.12.31	00:58:46.235	0.87208	0.87238			6
2025.12.31	00:58:52.294	0.87209				2
2025.12.31	00:58:55.332	0.87210	0.87236			6
2025.12.31	00:58:56.430	0.87209				2
2025.12.31	00:58:56.919	0.87211				2
2025.12.31	00:58:57.425	0.87208	0.87237			6
2025.12.31	00:58:58.686	0.87210	0.87241			6
2025.12.31	00:58:59.343	0.87206				2
2025.12.31	00:59:02.174	0.87210				2
2025.12.31	00:59:09.055		0.87242			4
2025.12.31	00:59:09.418		0.87241			4
2025.12.31	00:59:09.993		0.87240			4
2025.12.31	00:59:11.977	0.87208				2
2025.12.31	00:59:21.112	0.87210				2
2025.12.31	00:59:21.417		0.87241			4
2025.12.31	00:59:22.669	0.87208				2
2025.12.31	00:59:26.492		0.87240			4
2025.12.31	00:59:29.773	0.87211				2
2025.12.31	00:59:35.070		0.87243			4
2025.12.31	00:59:36.517		0.87242			4
2025.12.31	00:59:39.420	0.87206	0.87240			6
2025.12.31	00:59:39.822	0.87208				2
2025.12.31	00:59:41.083		0.87241			4
2025.12.31	00:59:43.274		0.87240			4
2025.12.31	00:59:43.738	0.87210				2
2025.12.31	00:59:47.525	0.87208				2
2025.12.31	00:59:48.256	0.87210				2
2025.12.31	00:59:49.493		0.87243			4
2025.12.31	00:59:50.164		0.87242			4
2025.12.31	00:59:54.420		0.87240			4
2025.12.31	01:00:00.286	0.87199	0.87262			6
2025.12.31	01:00:00.598	0.87196	0.87256			6
2025.12.31	01:00:00.909	0.87198	0.87250			6
2025.12.31	01:00:01.224	0.87214				2
2025.12.31	01:00:01.545	0.87216	0.87248			6
2025.12.31	01:00:01.858	0.87215				2
2025.12.31	01:00:02.235	0.87214	0.87246			6
2025.12.31	01:00:02.572	0.87216	0.87247			6
2025.12.31	01:00:02.929	0.87217				2
2025.12.31	01:00:03.278	0.87214	0.87239			6
2025.12.31	01:00:03.639	0.87197	0.87249			6
2025.12.31	01:00:04.250	0.87195	0.87250			6
2025.12.31	01:00:04.872	0.87193	0.87251			6
2025.12.31	01:00:05.195	0.87201	0.87246			6
2025.12.31	01:00:05.501	0.87202				2
2025.12.31	01:00:05.837	0.87211	0.87247			6
2025.12.31	01:00:06.150	0.87199				2
2025.12.31	01:00:06.470	0.87202	0.87246			6
2025.12.31	01:00:06.778	0.87203				2
2025.12.31	01:00:07.086	0.87214	0.87235			6
2025.12.31	01:00:07.402	0.87211	0.87236			6
2025.12.31	01:00:09.182	0.87212	0.87237			6
2025.12.31	01:00:09.642	0.87213	0.87236			6
2025.12.31	01:00:10.011	0.87210	0.87237			6
2025.12.31	01:00:10.382	0.87211	0.87238			6
2025.12.31	01:00:11.384	0.87209	0.87239			6
2025.12.31	01:00:12.090		0.87238			4
2025.12.31	01:00:12.570	0.87212				2
2025.12.31	01:00:12.891	0.87211	0.87239			6
2025.12.31	01:00:13.427	0.87210	0.87238			6
2025.12.31	01:00:14.704	0.87220				2
2025.12.31	01:00:15.009		0.87239			4
2025.12.31	01:00:15.331	0.87219	0.87242			6
2025.12.31	01:00:16.378		0.87244			4
2025.12.31	01:00:18.733	0.87223	0.87245			6
2025.12.31	01:00:19.468		0.87246			4
2025.12.31	01:00:21.599	0.87224				2
2025.12.31	01:00:25.951		0.87247			4
2025.12.31	01:00:26.257		0.87246			4
2025.12.31	01:00:26.589		0.87247			4
2025.12.31	01:00:28.753		0.87246			4
2025.12.31	01:00:29.574	0.87226	0.87248			6
2025.12.31	01:00:29.880		0.87249			4
2025.12.31	01:00:30.202	0.87217	0.87244			6
2025.12.31	01:00:30.506	0.87224	0.87247			6
2025.12.31	01:00:31.588	0.87219	0.87245			6
2025.12.31	01:00:31.898	0.87220				2
2025.12.31	01:00:32.206	0.87212				2
2025.12.31	01:00:32.518	0.87208	0.87242			6
2025.12.31	01:00:33.448		0.87241			4
2025.12.31	01:00:34.615	0.87214	0.87242			6
2025.12.31	01:00:35.071	0.87217				2
2025.12.31	01:00:35.450	0.87208	0.87243			6
2025.12.31	01:00:37.010		0.87242			4
2025.12.31	01:00:37.809	0.87214	0.87243			6
2025.12.31	01:00:38.119	0.87215				2
2025.12.31	01:00:38.434	0.87218	0.87245			6
2025.12.31	01:00:38.740	0.87219	0.87244			6
2025.12.31	01:00:39.070		0.87245			4
2025.12.31	01:00:39.864		0.87244			4
2025.12.31	01:00:40.593	0.87217	0.87242			6
2025.12.31	01:00:42.185	0.87219				2
2025.12.31	01:00:42.494	0.87217				2
2025.12.31	01:00:44.148	0.87219				2
2025.12.31	01:00:44.554	0.87217				2
2025.12.31	01:00:44.873		0.87243			4
2025.12.31	01:00:45.214	0.87218	0.87244			6
2025.12.31	01:00:45.693		0.87243			4
2025.12.31	01:00:46.758	0.87219	0.87244			6
2025.12.31	01:00:47.131	0.87212	0.87243			6
2025.12.31	01:00:48.176	0.87211	0.87244			6
2025.12.31	01:00:50.451	0.87217				2
2025.12.31	01:00:50.871	0.87221	0.87245			6
2025.12.31	01:00:51.288	0.87212	0.87243			6
2025.12.31	01:00:51.667	0.87213				2
2025.12.31	01:00:52.372	0.87210	0.87245			6
2025.12.31	01:00:53.159	0.87218	0.87243			6
2025.12.31	01:00:53.471	0.87220	0.87245			6
2025.12.31	01:00:53.778		0.87246			4
2025.12.31	01:00:55.309	0.87219	0.87245			6
2025.12.31	01:00:56.535	0.87220				2
2025.12.31	01:00:58.370	0.87219				2
2025.12.31	01:00:59.374	0.87221	0.87248			6
2025.12.31	01:00:59.969	0.87222	0.87249			6
2025.12.31	01:01:00.280	0.87222	0.87251			6
2025.12.31	01:01:00.593		0.87252			4
2025.12.31	01:01:01.788	0.87223				2
2025.12.31	01:01:02.107	0.87222	0.87251			6
2025.12.31	01:01:02.886		0.87253			4
2025.12.31	01:01:03.202	0.87224				2
2025.12.31	01:01:04.383	0.87225	0.87254			6
2025.12.31	01:01:05.186		0.87251			4
2025.12.31	01:01:06.610		0.87252			4
2025.12.31	01:01:07.402	0.87228	0.87258			6
2025.12.31	01:01:07.716	0.87229	0.87257			6
2025.12.31	01:01:08.406		0.87258			4
2025.12.31	01:01:13.236	0.87228				2
2025.12.31	01:01:16.312	0.87224	0.87257			6
2025.12.31	01:01:16.756	0.87225				2
2025.12.31	01:01:18.484		0.87235			4
2025.12.31	01:01:19.102	0.87228				2
2025.12.31	01:01:20.992	0.87229				2
2025.12.31	01:01:21.702	0.87231				2
2025.12.31	01:01:24.185	0.87232				2
2025.12.31	01:01:24.820	0.87233	0.87245			6
2025.12.31	01:01:26.983	0.87235	0.87247			6
2025.12.31	01:01:36.720	0.87236				2
2025.12.31	01:01:37.023	0.87235				2
2025.12.31	01:01:40.716	0.87236				2
2025.12.31	01:01:41.290	0.87237	0.87248			6
2025.12.31	01:01:45.070	0.87238				2
2025.12.31	01:01:45.944		0.87247			4
2025.12.31	01:01:46.373	0.87237				2
2025.12.31	01:01:48.396	0.87239				2
2025.12.31	01:01:49.372	0.87240				2
2025.12.31	01:01:52.384	0.87239				2
2025.12.31	01:01:54.416	0.87238	0.87245			6
2025.12.31	01:01:56.034		0.87247			4
2025.12.31	01:01:56.355	0.87235				2
2025.12.31	01:01:56.658	0.87237				2
2025.12.31	01:01:59.377		0.87243			4
2025.12.31	01:01:59.702	0.87236				2
2025.12.31	01:02:00.143	0.87236				2
2025.12.31	01:02:02.953		0.87244			4
2025.12.31	01:02:04.271		0.87242			4
2025.12.31	01:02:04.596		0.87244			4
2025.12.31	01:02:04.897	0.87235	0.87242			6
2025.12.31	01:02:05.588	0.87234	0.87241			6
2025.12.31	01:02:06.303	0.87235	0.87240			6
2025.12.31	01:02:06.780		0.87241			4
2025.12.31	01:02:07.096		0.87243			4
2025.12.31	01:02:07.427	0.87236	0.87241			6
2025.12.31	01:02:07.760		0.87239			4
2025.12.31	01:02:08.096	0.87235				2
2025.12.31	01:02:08.431		0.87243			4
2025.12.31	01:02:09.083	0.87237				2
2025.12.31	01:02:09.417	0.87236				2
2025.12.31	01:02:10.042	0.87237				2
2025.12.31	01:02:10.792	0.87238				2
2025.12.31	01:02:11.156	0.87236				2
2025.12.31	01:02:11.473	0.87237				2
2025.12.31	01:02:12.234	0.87234				2
2025.12.31	01:02:12.538	0.87228	0.87239			6
2025.12.31	01:02:12.876	0.87229				2
2025.12.31	01:02:14.872	0.87230	0.87240			6
2025.12.31	01:02:15.177	0.87229				2
2025.12.31	01:02:15.623	0.87230	0.87242			6
2025.12.31	01:02:15.924	0.87229				2
2025.12.31	01:02:16.271	0.87230				2
2025.12.31	01:02:17.010	0.87229				2
2025.12.31	01:02:18.120	0.87232				2
2025.12.31	01:02:18.423	0.87230	0.87240			6
2025.12.31	01:02:18.729		0.87239			4
2025.12.31	01:02:20.991		0.87240			4
2025.12.31	01:02:21.987	0.87229	0.87241			6
2025.12.31	01:02:22.323	0.87231	0.87242			6
2025.12.31	01:02:23.852	0.87230	0.87239			6
2025.12.31	01:02:24.236	0.87229				2
2025.12.31	01:02:24.565	0.87230				2
2025.12.31	01:02:25.410	0.87229				2
2025.12.31	01:02:26.041	0.87230				2
2025.12.31	01:02:26.357	0.87229				2
2025.12.31	01:02:27.295	0.87228	0.87242			6
2025.12.31	01:02:27.599	0.87230				2
2025.12.31	01:02:27.982		0.87241			4
2025.12.31	01:02:28.371	0.87229	0.87242			6
2025.12.31	01:02:28.792		0.87241			4
2025.12.31	01:02:30.289	0.87230	0.87239			6
2025.12.31	01:02:30.599	0.87228				2
2025.12.31	01:02:32.436	0.87227	0.87238			6
2025.12.31	01:02:32.739	0.87228				2
2025.12.31	01:02:33.052	0.87229	0.87241			6
2025.12.31	01:02:33.510	0.87228				2
2025.12.31	01:02:34.245	0.87229				2
2025.12.31	01:02:35.077		0.87242			4
2025.12.31	01:02:35.384	0.87230	0.87241			6
2025.12.31	01:02:36.085	0.87234				2
2025.12.31	01:02:36.840	0.87232	0.87240			6
2025.12.31	01:02:37.146	0.87231				2
2025.12.31	01:02:37.459		0.87239			4
2025.12.31	01:02:37.783	0.87230	0.87240			6
2025.12.31	01:02:39.344		0.87239			4
2025.12.31	01:02:39.977	0.87228				2
2025.12.31	01:02:40.280	0.87230				2
2025.12.31	01:02:40.618	0.87228				2
2025.12.31	01:02:41.250	0.87230				2
2025.12.31	01:02:42.307	0.87228				2
2025.12.31	01:02:43.136	0.87233	0.87241			6
2025.12.31	01:02:43.549	0.87231	0.87242			6
2025.12.31	01:02:43.984		0.87240			4
2025.12.31	01:02:44.601	0.87233	0.87239			6
2025.12.31	01:02:44.908	0.87232				2
2025.12.31	01:02:45.224	0.87230				2
2025.12.31	01:02:45.571	0.87234	0.87241			6
2025.12.31	01:02:47.541	0.87232	0.87240			6
2025.12.31	01:02:47.866	0.87231	0.87237			6
2025.12.31	01:02:48.173	0.87229	0.87241			6
2025.12.31	01:02:48.479	0.87231				2
2025.12.31	01:02:49.187	0.87230				2
2025.12.31	01:02:49.504	0.87233				2
2025.12.31	01:02:49.808	0.87232				2
2025.12.31	01:02:50.137	0.87233				2
2025.12.31	01:02:50.565	0.87232	0.87242			6
2025.12.31	01:02:50.878	0.87230	0.87244			6
2025.12.31	01:02:51.323	0.87233	0.87245			6
2025.12.31	01:02:51.627	0.87235	0.87244			6
2025.12.31	01:02:52.044	0.87233	0.87245			6
2025.12.31	01:02:52.571		0.87246			4
2025.12.31	01:02:55.070		0.87240			4
2025.12.31	01:02:55.912	0.87232				2
2025.12.31	01:02:56.633	0.87233	0.87241			6
2025.12.31	01:02:58.011	0.87232				2
2025.12.31	01:03:00.442	0.87230	0.87243			6
2025.12.31	01:03:05.210	0.87229				2
2025.12.31	01:03:05.520	0.87228	0.87239			6
2025.12.31	01:03:05.982	0.87226	0.87238			6
2025.12.31	01:03:13.536	0.87225				2
2025.12.31	01:03:20.580	0.87228				2
2025.12.31	01:03:21.099	0.87227				2
2025.12.31	01:03:21.432	0.87228				2
2025.12.31	01:03:26.846	0.87226				2
2025.12.31	01:03:27.522	0.87228				2
2025.12.31	01:03:31.081	0.87227	0.87239			6
2025.12.31	01:03:36.517	0.87225				2
2025.12.31	01:03:39.928	0.87227				2
2025.12.31	01:03:41.516	0.87228				2
2025.12.31	01:03:43.143		0.87240			4
2025.12.31	01:03:45.336		0.87239			4
2025.12.31	01:03:54.346	0.87226				2
2025.12.31	01:03:54.942	0.87228	0.87240			6
2025.12.31	01:03:55.372		0.87239			4
2025.12.31	01:03:56.500		0.87245			4
2025.12.31	01:03:57.001		0.87239			4
2025.12.31	01:03:59.391	0.87227				2
2025.12.31	01:04:00.156	0.87227				2
2025.12.31	01:04:00.639	0.87228				2
2025.12.31	01:04:03.774	0.87227				2
2025.12.31	01:04:04.276	0.87228				2
2025.12.31	01:04:04.776	0.87227				2
2025.12.31	01:04:07.612		0.87238			4
2025.12.31	01:04:08.352		0.87239			4
2025.12.31	01:04:10.143	0.87225				2
2025.12.31	01:04:13.706	0.87240	0.87241			6
2025.12.31	01:04:17.417	0.87227	0.87238			6
2025.12.31	01:04:18.369		0.87239			4
2025.12.31	01:04:37.368	0.87239	0.87240			6
2025.12.31	01:04:40.784	0.87227	0.87239			6
2025.12.31	01:04:52.613	0.87225				2
2025.12.31	01:04:55.074	0.87227				2
2025.12.31	01:05:01.036	0.87227				2
2025.12.31	01:05:01.895	0.87225	0.87238			6
2025.12.31	01:05:02.799		0.87239			4
2025.12.31	01:05:03.708		0.87238			4
2025.12.31	01:05:05.394	0.87226	0.87239			6
2025.12.31	01:05:06.199	0.87227	0.87238			6
2025.12.31	01:05:07.472		0.87239			4
2025.12.31	01:05:16.197	0.87226				2
2025.12.31	01:05:43.739	0.87227				2
2025.12.31	01:05:54.899	0.87228				2
2025.12.31	01:06:00.045	0.87228	0.87238			6
2025.12.31	01:06:00.647		0.87239			4
2025.12.31	01:06:05.371		0.87238			4
2025.12.31	01:06:08.371		0.87239			4
2025.12.31	01:06:10.010	0.87226	0.87238			6
2025.12.31	01:06:12.700	0.87227	0.87239			6
2025.12.31	01:06:18.097		0.87238			4
2025.12.31	01:06:19.373	0.87228				2
2025.12.31	01:06:20.183		0.87239			4
2025.12.31	01:06:21.371		0.87238			4
2025.12.31	01:06:22.592		0.87239			4
2025.12.31	01:06:30.369		0.87238			4
2025.12.31	01:06:34.832		0.87239			4
2025.12.31	01:06:40.193	0.87227				2
2025.12.31	01:06:41.373	0.87228				2
2025.12.31	01:06:42.202	0.87227				2
2025.12.31	01:06:52.373	0.87226				2
2025.12.31	01:06:59.208		0.87238			4
2025.12.31	01:07:02.426	0.87226				2
2025.12.31	01:07:06.527		0.87239			4
2025.12.31	01:07:11.631	0.87227				2
2025.12.31	01:07:15.897	0.87226				2
2025.12.31	01:07:18.409	0.87227				2
2025.12.31	01:07:24.413	0.87226				2
2025.12.31	01:07:56.657		0.87238			4
2025.12.31	01:07:58.291		0.87239			4
2025.12.31	01:08:00.535	0.87226				2
2025.12.31	01:08:01.010	0.87227				2
2025.12.31	01:08:01.370		0.87238			4
2025.12.31	01:08:03.133		0.87239			4
2025.12.31	01:08:04.371		0.87238			4
2025.12.31	01:08:12.106		0.87239			4
2025.12.31	01:08:13.366		0.87238			4
2025.12.31	01:08:15.683		0.87239			4
2025.12.31	01:08:16.185	0.87230				2
2025.12.31	01:08:25.142		0.87240			4
2025.12.31	01:08:25.497		0.87239			4
2025.12.31	01:08:30.915	0.87231				2
2025.12.31	01:08:33.871	0.87230				2
2025.12.31	01:08:38.588		0.87238			4
2025.12.31	01:08:55.011	0.87228				2
2025.12.31	01:08:57.411	0.87230				2
2025.12.31	01:09:00.369	0.87230				2
2025.12.31	01:09:18.490	0.87231				2
2025.12.31	01:09:24.370		0.87239			4
2025.12.31	01:09:27.456		0.87238			4
2025.12.31	01:09:29.626		0.87237			4
2025.12.31	01:09:39.336		0.87238			4
2025.12.31	01:09:40.381		0.87237			4
2025.12.31	01:10:01.369	0.87231				2
2025.12.31	01:10:04.646		0.87238			4
2025.12.31	01:10:07.708		0.87237			4
2025.12.31	01:10:10.537	0.87232				2
2025.12.31	01:10:16.452	0.87230	0.87238			6
2025.12.31	01:10:22.811	0.87234				2
2025.12.31	01:10:26.210		0.87239			4
2025.12.31	01:10:30.940		0.87238			4
2025.12.31	01:10:32.093	0.87233				2
2025.12.31	01:10:32.836		0.87239			4
2025.12.31	01:10:33.682		0.87238			4
2025.12.31	01:10:34.231	0.87231	0.87237			6
2025.12.31	01:10:47.740	0.87236	0.87239			6
2025.12.31	01:11:00.411	0.87236				2
2025.12.31	01:11:04.197		0.87240			4
2025.12.31	01:11:10.103		0.87241			4
2025.12.31	01:11:11.041		0.87240			4
2025.12.31	01:11:11.718		0.87241			4
2025.12.31	01:11:12.892		0.87240			4
2025.12.31	01:11:13.953	0.87238	0.87241			6
2025.12.31	01:11:19.626		0.87242			4
2025.12.31	01:11:20.649		0.87241			4
2025.12.31	01:11:30.369		0.87242			4
2025.12.31	01:11:32.241		0.87241			4
2025.12.31	01:11:33.861		0.87242			4
2025.12.31	01:11:38.943		0.87243			4
2025.12.31	01:12:01.488	0.87238	0.87241			6
2025.12.31	01:12:01.902		0.87242			4
2025.12.31	01:12:06.423		0.87243			4
2025.12.31	01:12:06.968		0.87242			4
2025.12.31	01:12:07.346	0.87232	0.87240			6
2025.12.31	01:12:07.653	0.87230				2
2025.12.31	01:12:07.978	0.87229	0.87238			6
2025.12.31	01:12:09.413	0.87231	0.87237			6
2025.12.31	01:12:13.216	0.87230				2
2025.12.31	01:12:18.415	0.87234	0.87239			6
2025.12.31	01:12:19.132		0.87238			4
2025.12.31	01:12:19.525	0.87232				2
2025.12.31	01:12:22.824	0.87233				2
2025.12.31	01:12:23.619		0.87239			4
2025.12.31	01:12:25.284		0.87238			4
2025.12.31	01:12:28.382		0.87239			4
2025.12.31	01:12:30.357	0.87232	0.87238			6
2025.12.31	01:12:31.364		0.87237			4
2025.12.31	01:12:40.335		0.87238			4
2025.12.31	01:12:45.271		0.87237			4
2025.12.31	01:13:00.280	0.87232				2
2025.12.31	01:13:24.935	0.87234	0.87240			6
2025.12.31	01:13:30.345		0.87239			4
2025.12.31	01:13:35.468		0.87240			4
2025.12.31	01:13:38.483	0.87235				2
2025.12.31	01:13:49.893		0.87239			4
2025.12.31	01:13:53.052		0.87240			4
2025.12.31	01:14:01.763	0.87235				2
2025.12.31	01:14:05.201		0.87239			4
2025.12.31	01:14:10.403		0.87240			4
2025.12.31	01:14:11.389		0.87239			4
2025.12.31	01:14:20.369		0.87240			4
2025.12.31	01:14:28.238	0.87237				2
2025.12.31	01:14:29.066		0.87241			4
2025.12.31	01:14:29.378	0.87239	0.87242			6
2025.12.31	01:14:29.748		0.87241			4
2025.12.31	01:14:34.999		0.87242			4
2025.12.31	01:15:00.408	0.87239				2
2025.12.31	01:15:01.041		0.87241			4
2025.12.31	01:15:04.847		0.87242			4
2025.12.31	01:15:05.498	0.87236	0.87240			6
2025.12.31	01:15:08.631	0.87234				2
2025.12.31	01:15:08.954		0.87239			4
2025.12.31	01:15:10.324	0.87235				2
2025.12.31	01:15:10.650	0.87234				2
2025.12.31	01:15:16.026		0.87238			4
2025.12.31	01:15:18.704	0.87233				2
2025.12.31	01:15:19.945		0.87239			4
2025.12.31	01:15:20.997		0.87238			4
2025.12.31	01:15:26.802		0.87239			4
2025.12.31	01:15:42.932	0.87234				2
2025.12.31	01:15:43.426	0.87233				2
2025.12.31	01:15:44.229		0.87238			4
2025.12.31	01:15:54.502		0.87239			4
2025.12.31	01:16:01.696	0.87232	0.87237			6
2025.12.31	01:16:04.613	0.87236	0.87240			6
2025.12.31	01:16:06.698	0.87235	0.87239			6
2025.12.31	01:16:07.732	0.87234	0.87238			6
2025.12.31	01:16:08.040	0.87235	0.87239			6
2025.12.31	01:16:08.437	0.87234	0.87238			6
2025.12.31	01:16:08.820	0.87233				2
2025.12.31	01:16:13.621	0.87234				2
2025.12.31	01:16:13.950		0.87239			4
2025.12.31	01:16:14.412		0.87238			4
2025.12.31	01:16:15.967	0.87233				2
2025.12.31	01:16:40.726	0.87234	0.87239			6
2025.12.31	01:16:41.072		0.87238			4
2025.12.31	01:16:43.571		0.87239			4
2025.12.31	01:16:43.992		0.87238			4
2025.12.31	01:16:48.177	0.87233				2
2025.12.31	01:16:57.371	0.87234	0.87239			6
2025.12.31	01:16:59.813	0.87233	0.87238			6
2025.12.31	01:17:00.166	0.87233	0.87239			6
2025.12.31	01:17:01.913	0.87234	0.87238			6
2025.12.31	01:17:16.119		0.87237			4
2025.12.31	01:17:16.422		0.87238			4
2025.12.31	01:17:19.310		0.87237			4
2025.12.31	01:17:19.629		0.87238			4
2025.12.31	01:17:20.799		0.87237			4
2025.12.31	01:17:21.369		0.87238			4
2025.12.31	01:17:26.286		0.87237			4
2025.12.31	01:17:26.598	0.87233				2
2025.12.31	01:17:26.901		0.87238			4
2025.12.31	01:17:27.717		0.87237			4
2025.12.31	01:17:28.058	0.87234	0.87238			6
2025.12.31	01:17:28.556	0.87233				2
2025.12.31	01:17:34.816		0.87237			4
2025.12.31	01:17:35.128		0.87238			4
2025.12.31	01:17:36.015		0.87237			4
2025.12.31	01:17:36.318		0.87238			4
2025.12.31	01:17:37.072		0.87237			4
2025.12.31	01:17:37.379		0.87238			4
2025.12.31	01:17:39.555		0.87237			4
2025.12.31	01:17:39.871		0.87238			4
2025.12.31	01:17:40.564		0.87237			4
2025.12.31	01:17:40.885		0.87238			4
2025.12.31	01:17:42.628	0.87234				2
2025.12.31	01:17:42.940	0.87233				2
2025.12.31	01:17:47.777		0.87237			4
2025.12.31	01:17:49.282		0.87238			4
2025.12.31	01:17:51.061	0.87234				2
2025.12.31	01:18:04.911	0.87234				2
2025.12.31	01:18:06.463	0.87233				2
2025.12.31	01:18:08.412	0.87234	0.87237			6
2025.12.31	01:18:10.785		0.87238			4
2025.12.31	01:18:14.063	0.87233	0.87237			6
2025.12.31	01:18:15.896	0.87234				2
2025.12.31	01:18:16.515	0.87233				2
2025.12.31	01:18:16.819	0.87234				2
2025.12.31	01:18:17.626	0.87233				2
2025.12.31	01:18:17.929		0.87238			4
2025.12.31	01:18:18.247	0.87234				2
2025.12.31	01:18:18.627		0.87237			4
2025.12.31	01:18:19.762	0.87233	0.87238			6
2025.12.31	01:18:22.233	0.87235				2
2025.12.31	01:18:27.998		0.87239			4
2025.12.31	01:18:29.798		0.87238			4
2025.12.31	01:18:30.099		0.87239			4
2025.12.31	01:18:31.081		0.87238			4
2025.12.31	01:18:33.369		0.87239			4
2025.12.31	01:18:33.684		0.87238			4
2025.12.31	01:18:39.773	0.87237	0.87239			6
2025.12.31	01:18:40.079	0.87236	0.87238			6
2025.12.31	01:18:40.795	0.87235				2
2025.12.31	01:18:41.149		0.87237			4
2025.12.31	01:18:41.837		0.87238			4
2025.12.31	01:18:43.693		0.87237			4
2025.12.31	01:18:44.543	0.87234				2
2025.12.31	01:18:44.978		0.87238			4
2025.12.31	01:18:47.442	0.87233	0.87237			6
2025.12.31	01:18:47.745	0.87232	0.87236			6
2025.12.31	01:18:49.222	0.87234	0.87238			6
2025.12.31	01:18:50.343	0.87235				2
2025.12.31	01:18:51.401		0.87237			4
2025.12.31	01:18:51.902		0.87238			4
2025.12.31	01:18:58.451		0.87236			4
2025.12.31	01:18:59.577	0.87234				2
2025.12.31	01:19:00.511	0.87234				2
2025.12.31	01:19:01.619	0.87235	0.87237			6
2025.12.31	01:19:08.574	0.87234				2
2025.12.31	01:19:09.764	0.87235				2
2025.12.31	01:19:21.191	0.87234				2
2025.12.31	01:19:27.110	0.87235				2
2025.12.31	01:19:28.791	0.87234				2
2025.12.31	01:19:34.737	0.87233	0.87240			6
2025.12.31	01:19:35.157		0.87238			4
2025.12.31	01:19:40.009	0.87234				2
2025.12.31	01:19:43.232	0.87235				2
2025.12.31	01:19:43.670	0.87234				2
2025.12.31	01:19:50.545	0.87235				2
2025.12.31	01:20:00.381	0.87235				2
2025.12.31	01:20:01.305	0.87234				2
2025.12.31	01:20:01.670	0.87232				2
2025.12.31	01:20:13.022	0.87234				2
2025.12.31	01:20:36.138		0.87238			4
2025.12.31	01:20:52.752	0.87233	0.87237			6
2025.12.31	01:20:56.809	0.87234				2
2025.12.31	01:20:58.386	0.87233				2
2025.12.31	01:21:00.186	0.87233				2
2025.12.31	01:21:00.795	0.87234				2
2025.12.31	01:21:14.760	0.87233				2
2025.12.31	01:21:18.261	0.87234				2
2025.12.31	01:21:21.234	0.87233				2
2025.12.31	01:21:28.306		0.87236			4
2025.12.31	01:21:31.010	0.87234				2
2025.12.31	01:21:39.384	0.87233				2
2025.12.31	01:22:01.476	0.87233				2
2025.12.31	01:22:03.822		0.87235			4
2025.12.31	01:22:04.627		0.87236			4
2025.12.31	01:22:30.094		0.87237			4
2025.12.31	01:22:31.010	0.87234				2
2025.12.31	01:22:31.972	0.87235				2
2025.12.31	01:22:36.153	0.87234				2
2025.12.31	01:22:37.259	0.87237	0.87238			6
2025.12.31	01:22:38.269	0.87235	0.87237			6
2025.12.31	01:22:38.578		0.87238			4
2025.12.31	01:22:40.327	0.87236				2
2025.12.31	01:22:58.979	0.87235				2
2025.12.31	01:23:01.018	0.87236				2
2025.12.31	01:23:01.320	0.87235				2
2025.12.31	01:23:07.365	0.87236				2
2025.12.31	01:23:10.913		0.87239			4
2025.12.31	01:23:11.370		0.87238			4
2025.12.31	01:23:11.953	0.87237				2
2025.12.31	01:23:13.071	0.87236				2
2025.12.31	01:23:14.025	0.87237				2
2025.12.31	01:23:15.194	0.87236	0.87239			6
2025.12.31	01:23:16.171		0.87238			4
2025.12.31	01:23:17.135		0.87239			4
2025.12.31	01:23:18.169		0.87238			4
2025.12.31	01:23:21.292	0.87235				2
2025.12.31	01:23:22.700	0.87236				2
2025.12.31	01:23:23.252	0.87235				2
2025.12.31	01:23:24.585	0.87237				2
2025.12.31	01:23:24.888	0.87236				2
2025.12.31	01:23:25.250		0.87239			4
2025.12.31	01:23:25.822		0.87238			4
2025.12.31	01:23:26.920		0.87239			4
2025.12.31	01:23:28.914	0.87237	0.87238			6
2025.12.31	01:23:30.680	0.87236				2
2025.12.31	01:23:31.004	0.87237				2
2025.12.31	01:23:34.177	0.87236				2
2025.12.31	01:23:35.151	0.87235				2
2025.12.31	01:23:35.462	0.87236				2
2025.12.31	01:23:37.226		0.87239			4
2025.12.31	01:23:38.321		0.87238			4
2025.12.31	01:23:38.702		0.87239			4
2025.12.31	01:23:39.294		0.87238			4
2025.12.31	01:23:40.164	0.87237				2
2025.12.31	01:23:40.521		0.87239			4
2025.12.31	01:23:41.424	0.87236				2
2025.12.31	01:23:42.329	0.87237				2
2025.12.31	01:23:45.733		0.87238			4
2025.12.31	01:23:53.833		0.87239			4
2025.12.31	01:23:54.842		0.87238			4
2025.12.31	01:24:00.109	0.87237				2
2025.12.31	01:24:15.370	0.87236				2
2025.12.31	01:24:16.312	0.87237				2
2025.12.31	01:24:18.110	0.87238	0.87239			6
2025.12.31	01:24:38.603	0.87237	0.87238			6
2025.12.31	01:25:05.613	0.87238	0.87239			6
2025.12.31	01:25:11.862	0.87237	0.87238			6
2025.12.31	01:25:15.966		0.87239			4
2025.12.31	01:25:16.609	0.87238				2
2025.12.31	01:25:20.148	0.87237	0.87238			6
2025.12.31	01:25:24.111	0.87238	0.87239			6
2025.12.31	01:25:27.362	0.87237	0.87238			6
2025.12.31	01:25:32.987	0.87238	0.87239			6
2025.12.31	01:25:56.564	0.87237				2
2025.12.31	01:25:57.799	0.87238				2
2025.12.31	01:26:00.534	0.87238				2
2025.12.31	01:26:02.855	0.87237				2
2025.12.31	01:26:08.333		0.87238			4
2025.12.31	01:26:14.934	0.87238	0.87239			6
2025.12.31	01:26:27.755	0.87237				2
2025.12.31	01:26:32.644	0.87238				2
2025.12.31	01:26:39.373	0.87237	0.87238			6
2025.12.31	01:26:42.999	0.87238	0.87239			6
2025.12.31	01:26:50.959	0.87235	0.87238			6
2025.12.31	01:26:51.512		0.87237			4
2025.12.31	01:26:59.984		0.87238			4
2025.12.31	01:27:00.552	0.87235				2
2025.12.31	01:27:00.953		0.87237			4
2025.12.31	01:27:03.131		0.87238			4
2025.12.31	01:27:07.381	0.87236				2
2025.12.31	01:27:09.166	0.87235				2
2025.12.31	01:27:15.145	0.87236	0.87239			6
2025.12.31	01:27:15.488		0.87240			4
2025.12.31	01:27:15.836	0.87237				2
2025.12.31	01:27:17.649	0.87238				2
2025.12.31	01:27:19.551	0.87236	0.87239			6
2025.12.31	01:27:23.586	0.87237				2
2025.12.31	01:27:24.462	0.87236				2
2025.12.31	01:27:33.711	0.87237				2
2025.12.31	01:27:36.799		0.87240			4
2025.12.31	01:27:38.045		0.87239			4
2025.12.31	01:27:43.635	0.87236				2
2025.12.31	01:27:45.792		0.87240			4
2025.12.31	01:27:47.148		0.87239			4
2025.12.31	01:27:55.914		0.87240			4
2025.12.31	01:27:56.382		0.87239			4
2025.12.31	01:28:05.608	0.87236				2
2025.12.31	01:28:29.579		0.87240			4
2025.12.31	01:28:30.535		0.87239			4
2025.12.31	01:28:47.982	0.87237	0.87240			6
2025.12.31	01:28:51.958	0.87238				2
2025.12.31	01:28:55.481	0.87237				2
2025.12.31	01:29:01.549	0.87238				2
2025.12.31	01:29:02.636		0.87239			4
2025.12.31	01:29:03.512		0.87240			4
2025.12.31	01:29:03.892	0.87237	0.87239			6
2025.12.31	01:29:14.210	0.87238				2
2025.12.31	01:30:02.719	0.87238				2
2025.12.31	01:30:03.242	0.87241	0.87242			6
2025.12.31	01:30:06.942	0.87238	0.87239			6
2025.12.31	01:30:15.375	0.87239	0.87240			6
2025.12.31	01:30:22.011	0.87238	0.87239			6
2025.12.31	01:30:24.889		0.87240			4
2025.12.31	01:30:25.401	0.87239				2
2025.12.31	01:30:50.419	0.87238	0.87239			6
2025.12.31	01:31:00.709	0.87238				2
2025.12.31	01:31:15.014	0.87236				2
2025.12.31	01:31:50.434		0.87239			4
2025.12.31	01:31:59.368	0.87238	0.87241			6
2025.12.31	01:31:59.684	0.87241	0.87242			6
2025.12.31	01:32:00.025	0.87241				2
2025.12.31	01:32:00.782		0.87243			4
2025.12.31	01:32:01.693		0.87242			4
2025.12.31	01:32:03.799	0.87242	0.87243			6
2025.12.31	01:32:04.819	0.87241	0.87242			6
2025.12.31	01:32:13.369	0.87240				2
2025.12.31	01:32:41.372	0.87241				2
2025.12.31	01:32:42.025	0.87239				2
2025.12.31	01:32:50.535	0.87240				2
2025.12.31	01:32:52.836		0.87241			4
2025.12.31	01:33:10.535	0.87240				2
2025.12.31	01:33:35.811	0.87241	0.87242			6
2025.12.31	01:33:40.982	0.87240	0.87241			6
2025.12.31	01:33:52.881	0.87239	0.87240			6
2025.12.31	01:34:00.726	0.87239				2
2025.12.31	01:34:16.498		0.87241			4
2025.12.31	01:34:22.010	0.87240				2
2025.12.31	01:34:30.208	0.87239	0.87240			6
2025.12.31	01:34:30.539	0.87238	0.87239			6
2025.12.31	01:34:33.218	0.87239	0.87240			6
2025.12.31	01:34:35.648	0.87242	0.87243			6
2025.12.31	01:34:36.768	0.87243	0.87244			6
2025.12.31	01:34:55.099	0.87244	0.87245			6
2025.12.31	01:35:02.056	0.87244				2
2025.12.31	01:35:05.972	0.87243	0.87244			6
2025.12.31	01:35:06.769	0.87242	0.87243			6
2025.12.31	01:35:10.480	0.87239	0.87242			6
2025.12.31	01:35:11.087		0.87241			4
2025.12.31	01:35:16.137	0.87244	0.87245			6
2025.12.31	01:35:20.809	0.87243	0.87244			6
2025.12.31	01:35:32.094	0.87242				2
2025.12.31	01:35:35.145	0.87243				2
2025.12.31	01:35:50.647	0.87242				2
2025.12.31	01:35:52.011	0.87241				2
2025.12.31	01:36:00.577	0.87241	0.87243			6
2025.12.31	01:36:00.952		0.87244			4
2025.12.31	01:36:01.371		0.87243			4
2025.12.31	01:36:04.324		0.87244			4
2025.12.31	01:36:10.649		0.87243			4
2025.12.31	01:36:11.969		0.87244			4
2025.12.31	01:36:17.009	0.87242				2
2025.12.31	01:36:22.428		0.87243			4
2025.12.31	01:36:24.343		0.87244			4
2025.12.31	01:36:25.525	0.87241				2
2025.12.31	01:36:26.506		0.87243			4
2025.12.31	01:36:40.053	0.87240	0.87241			6
2025.12.31	01:36:52.099		0.87242			4
2025.12.31	01:36:52.519		0.87241			4
2025.12.31	01:36:57.366		0.87242			4
2025.12.31	01:37:00.316	0.87240				2
2025.12.31	01:37:06.928	0.87241				2
2025.12.31	01:37:34.614	0.87240				2
2025.12.31	01:37:37.753		0.87243			4
2025.12.31	01:37:42.877	0.87238	0.87242			6
2025.12.31	01:37:59.048	0.87239				2
2025.12.31	01:38:00.059	0.87238				2
2025.12.31	01:38:10.263		0.87240			4
2025.12.31	01:38:10.606	0.87237				2
2025.12.31	01:38:15.643		0.87241			4
2025.12.31	01:38:16.840	0.87238				2
2025.12.31	01:38:26.210	0.87237				2
2025.12.31	01:38:42.875	0.87239				2
2025.12.31	01:38:44.618	0.87237				2
2025.12.31	01:39:00.052	0.87237				2
2025.12.31	01:39:17.339		0.87241			4
2025.12.31	01:39:18.445	0.87236				2
2025.12.31	01:39:35.942		0.87240			4
2025.12.31	01:39:44.504	0.87238				2
2025.12.31	01:39:45.951		0.87241			4
2025.12.31	01:39:47.367		0.87240			4
2025.12.31	01:39:58.518		0.87241			4
2025.12.31	01:40:02.831	0.87238	0.87240			6
2025.12.31	01:40:14.657		0.87241			4
2025.12.31	01:40:15.079		0.87240			4
2025.12.31	01:40:21.168		0.87241			4
2025.12.31	01:40:28.776		0.87240			4
2025.12.31	01:40:49.611	0.87234	0.87237			6
2025.12.31	01:40:59.510	0.87235				2
2025.12.31	01:41:01.418	0.87235				2
2025.12.31	01:41:03.156	0.87234				2
2025.12.31	01:41:25.009	0.87235				2
2025.12.31	01:41:50.670		0.87237			4
2025.12.31	01:41:55.610	0.87234				2
2025.12.31	01:42:01.975	0.87234	0.87236			6
2025.12.31	01:42:29.876	0.87233				2
2025.12.31	01:42:42.961		0.87235			4
2025.12.31	01:42:51.751		0.87236			4
2025.12.31	01:42:53.404	0.87234				2
2025.12.31	01:42:56.121	0.87233				2
2025.12.31	01:42:56.527		0.87235			4
2025.12.31	01:43:01.423	0.87233	0.87236			6
2025.12.31	01:43:16.238		0.87235			4
2025.12.31	01:43:17.747	0.87231	0.87234			6
2025.12.31	01:43:21.417	0.87226	0.87229			6
2025.12.31	01:43:21.878		0.87228			4
2025.12.31	01:43:23.917	0.87223	0.87225			6
2025.12.31	01:43:24.952		0.87226			4
2025.12.31	01:43:25.490		0.87225			4
2025.12.31	01:43:25.815		0.87226			4
2025.12.31	01:43:26.760	0.87222	0.87224			6
2025.12.31	01:43:27.980	0.87220	0.87223			6
2025.12.31	01:43:28.290		0.87224			4
2025.12.31	01:43:30.856	0.87221	0.87223			6
2025.12.31	01:43:32.107	0.87220				2
2025.12.31	01:43:33.053	0.87219	0.87222			6
2025.12.31	01:43:37.119	0.87220	0.87224			6
2025.12.31	01:43:42.193	0.87222	0.87225			6
2025.12.31	01:43:42.509	0.87221				2
2025.12.31	01:43:44.011	0.87223				2
2025.12.31	01:43:44.880	0.87222				2
2025.12.31	01:43:47.113	0.87221	0.87224			6
2025.12.31	01:43:48.008	0.87222	0.87225			6
2025.12.31	01:43:49.213	0.87221	0.87224			6
2025.12.31	01:43:55.899	0.87222	0.87225			6
2025.12.31	01:44:01.472	0.87222				2
2025.12.31	01:44:08.158		0.87226			4
2025.12.31	01:44:11.384		0.87225			4
2025.12.31	01:44:12.248	0.87223	0.87226			6
2025.12.31	01:44:35.809	0.87224				2
2025.12.31	01:44:47.704	0.87223				2
2025.12.31	01:45:00.958	0.87228	0.87231			6
2025.12.31	01:45:22.945	0.87229	0.87232			6
2025.12.31	01:45:24.865	0.87228	0.87231			6
2025.12.31	01:45:37.310		0.87232			4
2025.12.31	01:45:49.316	0.87229				2
2025.12.31	01:45:49.943	0.87228	0.87233			6
2025.12.31	01:45:55.011	0.87229				2
2025.12.31	01:46:01.317	0.87229				2
2025.12.31	01:46:06.930	0.87228				2
2025.12.31	01:46:12.850		0.87232			4
2025.12.31	01:46:22.638	0.87229				2
2025.12.31	01:46:35.008	0.87227				2
2025.12.31	01:46:35.662		0.87231			4
2025.12.31	01:46:36.599		0.87232			4
2025.12.31	01:46:40.799		0.87231			4
2025.12.31	01:46:52.070	0.87228	0.87233			6
2025.12.31	01:46:52.618		0.87232			4
2025.12.31	01:46:57.315	0.87229				2
2025.12.31	01:47:00.712	0.87229				2
2025.12.31	01:47:09.601	0.87228				2
2025.12.31	01:47:12.453	0.87230	0.87233			6
2025.12.31	01:47:13.750		0.87232			4
2025.12.31	01:47:21.672		0.87233			4
2025.12.31	01:47:27.957	0.87231				2
2025.12.31	01:47:36.743	0.87230				2
2025.12.31	01:47:55.014		0.87232			4
2025.12.31	01:48:00.639	0.87230				2
2025.12.31	01:48:03.110		0.87233			4
2025.12.31	01:48:12.919	0.87231	0.87235			6
2025.12.31	01:48:22.037	0.87232				2
2025.12.31	01:48:25.016	0.87231	0.87234			6
2025.12.31	01:48:25.423	0.87232	0.87235			6
2025.12.31	01:48:55.185	0.87231				2
2025.12.31	01:49:00.360	0.87231				2
2025.12.31	01:49:28.360		0.87235			4
2025.12.31	01:49:31.046		0.87234			4
2025.12.31	01:49:32.077		0.87235			4
2025.12.31	01:49:35.399	0.87232				2
2025.12.31	01:50:00.535	0.87232				2
2025.12.31	01:50:31.270		0.87236			4
2025.12.31	01:50:32.799		0.87235			4
2025.12.31	01:50:33.110		0.87236			4
2025.12.31	01:50:45.533		0.87235			4
2025.12.31	01:50:45.895	0.87233	0.87236			6
2025.12.31	01:50:48.919	0.87232				2
2025.12.31	01:51:00.599	0.87232				2
2025.12.31	01:51:05.915		0.87237			4
2025.12.31	01:51:16.245		0.87236			4
2025.12.31	01:51:37.094		0.87235			4
2025.12.31	01:52:01.003	0.87232				2
2025.12.31	01:52:31.728	0.87233				2
2025.12.31	01:52:33.002	0.87232				2
2025.12.31	01:52:33.304		0.87234			4
2025.12.31	01:52:35.822	0.87233	0.87235			6
2025.12.31	01:52:37.543		0.87236			4
2025.12.31	01:52:47.294	0.87232	0.87235			6
2025.12.31	01:52:49.659	0.87231				2
2025.12.31	01:53:01.105	0.87230	0.87233			6
2025.12.31	01:53:08.376		0.87232			4
2025.12.31	01:53:14.384	0.87228	0.87231			6
2025.12.31	01:53:32.001		0.87230			4
2025.12.31	01:53:34.773		0.87231			4
2025.12.31	01:53:37.118	0.87227	0.87230			6
2025.12.31	01:53:37.899	0.87228	0.87232			6
2025.12.31	01:53:42.410		0.87231			4
2025.12.31	01:53:53.448		0.87232			4
2025.12.31	01:53:58.560		0.87231			4
2025.12.31	01:53:59.628		0.87232			4
2025.12.31	01:54:00.662	0.87228	0.87231			6
2025.12.31	01:54:02.862	0.87230	0.87233			6
2025.12.31	01:54:04.620	0.87229	0.87232			6
2025.12.31	01:54:28.213	0.87230				2
2025.12.31	01:54:30.265	0.87231	0.87233			6
2025.12.31	01:54:44.785	0.87228	0.87231			6
2025.12.31	01:54:54.526	0.87227	0.87230			6
2025.12.31	01:54:54.843	0.87226	0.87228			6
2025.12.31	01:54:55.262		0.87229			4
2025.12.31	01:55:00.386	0.87226				2
2025.12.31	01:55:03.410		0.87228			4
2025.12.31	01:55:18.607	0.87227	0.87230			6
2025.12.31	01:55:22.065	0.87228				2
2025.12.31	01:55:25.930	0.87227	0.87231			6
2025.12.31	01:55:27.964	0.87228				2
2025.12.31	01:55:29.080		0.87230			4
2025.12.31	01:55:29.876		0.87232			4
2025.12.31	01:55:30.222		0.87231			4
2025.12.31	01:55:41.276	0.87229				2
2025.12.31	01:55:42.287	0.87228				2
2025.12.31	01:55:43.396		0.87232			4
2025.12.31	01:55:45.449	0.87229	0.87231			6
2025.12.31	01:55:46.373	0.87228	0.87232			6
2025.12.31	01:55:47.187		0.87231			4
2025.12.31	01:55:47.491	0.87227	0.87230			6
2025.12.31	01:56:01.704	0.87227				2
2025.12.31	01:56:35.170	0.87229	0.87232			6
2025.12.31	01:56:37.491	0.87228				2
2025.12.31	01:56:37.896		0.87231			4
2025.12.31	01:57:00.535	0.87229	0.87232			6
2025.12.31	01:57:12.377	0.87230				2
2025.12.31	01:57:18.427	0.87229	0.87233			6
2025.12.31	01:57:19.532		0.87232			4
2025.12.31	01:57:26.611		0.87231			4
2025.12.31	01:57:26.956	0.87228				2
2025.12.31	01:57:28.721		0.87230			4
2025.12.31	01:57:30.164	0.87229	0.87231			6
2025.12.31	01:57:32.686	0.87228				2
2025.12.31	01:57:40.467	0.87229				2
2025.12.31	01:57:41.487	0.87228				2
2025.12.31	01:58:01.689	0.87228				2
2025.12.31	01:58:16.806	0.87229				2
2025.12.31	01:58:25.008	0.87228				2
2025.12.31	01:58:31.464		0.87230			4
2025.12.31	01:58:33.916		0.87231			4
2025.12.31	01:58:36.657		0.87230			4
2025.12.31	01:58:58.251	0.87226	0.87229			6
2025.12.31	01:58:59.412		0.87228			4
2025.12.31	01:59:00.385	0.87226	0.87229			6
2025.12.31	01:59:01.629		0.87228			4
2025.12.31	01:59:12.587	0.87224	0.87227			6
2025.12.31	01:59:12.906	0.87225				2
2025.12.31	01:59:13.830	0.87224				2
2025.12.31	01:59:14.840		0.87226			4
2025.12.31	01:59:15.858		0.87227			4
2025.12.31	01:59:17.740	0.87225				2
2025.12.31	01:59:18.902	0.87224				2
2025.12.31	01:59:19.917	0.87225				2
2025.12.31	01:59:26.006	0.87223				2
2025.12.31	01:59:28.098	0.87225				2
2025.12.31	01:59:32.547	0.87224	0.87226			6
2025.12.31	01:59:44.325	0.87223	0.87225			6
2025.12.31	01:59:45.291	0.87224				2
2025.12.31	01:59:46.179	0.87223				2
2025.12.31	01:59:50.374	0.87224				2
2025.12.31	01:59:50.752	0.87223				2
2025.12.31	01:59:51.055		0.87224			4
2025.12.31	01:59:51.361	0.87221				2
2025.12.31	01:59:51.682	0.87223				2
2025.12.31	01:59:52.041	0.87222				2
2025.12.31	01:59:52.391	0.87221	0.87225			6
2025.12.31	01:59:53.561	0.87223	0.87224			6
2025.12.31	02:00:00.323	0.87222				2
2025.12.31	02:00:01.142	0.87223	0.87225			6
2025.12.31	02:00:01.457	0.87220	0.87221			6
2025.12.31	02:00:01.768	0.87221	0.87222			6
2025.12.31	02:00:02.797	0.87219	0.87221			6
2025.12.31	02:00:03.612	0.87220				2
2025.12.31	02:00:03.964	0.87219				2
2025.12.31	02:00:04.330		0.87220			4
2025.12.31	02:00:05.312		0.87221			4
2025.12.31	02:00:10.009		0.87220			4
2025.12.31	02:00:18.950		0.87221			4
2025.12.31	02:00:19.451	0.87217	0.87220			6
2025.12.31	02:00:23.937	0.87218	0.87219			6
2025.12.31	02:00:25.355	0.87219	0.87220			6
2025.12.31	02:00:27.595	0.87220	0.87221			6
2025.12.31	02:00:37.855	0.87219	0.87220			6
2025.12.31	02:00:56.626	0.87220	0.87221			6
2025.12.31	02:01:00.379	0.87220				2
2025.12.31	02:01:02.443		0.87222			4
2025.12.31	02:01:09.541		0.87221			4
2025.12.31	02:01:11.242		0.87222			4
2025.12.31	02:01:12.391		0.87221			4
2025.12.31	02:01:22.887	0.87227	0.87229			6
2025.12.31	02:01:23.200	0.87229	0.87231			6
2025.12.31	02:01:37.009		0.87230			4
2025.12.31	02:01:37.317		0.87231			4
2025.12.31	02:01:38.484	0.87231	0.87232			6
2025.12.31	02:01:42.106	0.87230	0.87231			6
2025.12.31	02:01:45.757	0.87231	0.87232			6
2025.12.31	02:01:49.324	0.87230	0.87231			6
2025.12.31	02:01:53.728	0.87231	0.87232			6
2025.12.31	02:02:01.207	0.87231				2
2025.12.31	02:02:02.077	0.87230	0.87231			6
2025.12.31	02:02:02.478	0.87231	0.87232			6
2025.12.31	02:02:02.976	0.87228	0.87229			6
2025.12.31	02:02:04.424	0.87226	0.87228			6
2025.12.31	02:02:04.742		0.87229			4
2025.12.31	02:02:05.058	0.87228				2
2025.12.31	02:02:07.011	0.87229	0.87230			6
2025.12.31	02:02:14.202	0.87228	0.87229			6
2025.12.31	02:02:30.593	0.87241	0.87246			6
2025.12.31	02:02:30.899	0.87239	0.87243			6
2025.12.31	02:02:31.603	0.87240	0.87242			6
2025.12.31	02:02:35.407	0.87239				2
2025.12.31	02:02:46.471		0.87243			4
2025.12.31	02:02:46.799		0.87242			4
2025.12.31	02:02:47.856		0.87243			4
2025.12.31	02:02:50.324		0.87242			4
2025.12.31	02:02:51.536	0.87240	0.87243			6
2025.12.31	02:02:54.081	0.87239				2
2025.12.31	02:03:00.319	0.87239				2
2025.12.31	02:03:01.209		0.87242			4
2025.12.31	02:03:06.809	0.87238	0.87240			6
2025.12.31	02:03:11.880	0.87237				2
2025.12.31	02:03:20.829	0.87238				2
2025.12.31	02:03:31.224	0.87237	0.87239			6
2025.12.31	02:03:31.527	0.87238	0.87240			6
2025.12.31	02:03:44.920		0.87241			4
2025.12.31	02:03:51.726	0.87237	0.87238			6
2025.12.31	02:03:53.011	0.87236				2
2025.12.31	02:03:53.522	0.87237				2
2025.12.31	02:03:57.077	0.87236				2
2025.12.31	02:03:59.912	0.87237				2
2025.12.31	02:04:01.246	0.87237				2
2025.12.31	02:04:09.716	0.87239	0.87240			6
2025.12.31	02:04:22.384	0.87235	0.87236			6
2025.12.31	02:04:31.557	0.87234				2
2025.12.31	02:04:40.912	0.87233	0.87235			6
2025.12.31	02:04:41.698	0.87234	0.87236			6
2025.12.31	02:04:42.791	0.87233				2
2025.12.31	02:04:44.222	0.87234				2
2025.12.31	02:04:45.256	0.87233				2
2025.12.31	02:04:47.446	0.87234				2
2025.12.31	02:04:47.966	0.87233				2
2025.12.31	02:04:52.272	0.87234				2
2025.12.31	02:05:00.754	0.87234				2
2025.12.31	02:05:01.788		0.87235			4
2025.12.31	02:05:05.169		0.87236			4
2025.12.31	02:05:12.457		0.87235			4
2025.12.31	02:05:13.490	0.87235	0.87236			6
2025.12.31	02:05:17.640	0.87234	0.87235			6
2025.12.31	02:05:17.964	0.87235	0.87237			6
2025.12.31	02:05:18.278	0.87239	0.87240			6
2025.12.31	02:05:21.947	0.87238	0.87239			6
2025.12.31	02:06:01.054	0.87239	0.87240			6
2025.12.31	02:06:08.175	0.87238	0.87239			6
2025.12.31	02:06:18.434	0.87237	0.87238			6
2025.12.31	02:06:32.686		0.87240			4
2025.12.31	02:06:33.316	0.87238				2
2025.12.31	02:06:38.430	0.87239				2
2025.12.31	02:06:44.861		0.87241			4
2025.12.31	02:06:45.548		0.87240			4
2025.12.31	02:06:52.215		0.87241			4
2025.12.31	02:06:58.091		0.87242			4
2025.12.31	02:06:58.446		0.87241			4
2025.12.31	02:07:00.086	0.87239				2
2025.12.31	02:07:03.552	0.87240	0.87242			6
2025.12.31	02:07:03.858	0.87239				2
2025.12.31	02:07:06.208	0.87240				2
2025.12.31	02:07:09.784		0.87241			4
2025.12.31	02:07:11.574		0.87242			4
2025.12.31	02:07:32.482	0.87239				2
2025.12.31	02:07:35.806	0.87240	0.87241			6
2025.12.31	02:07:37.403		0.87242			4
2025.12.31	02:07:38.004	0.87239				2
2025.12.31	02:07:48.693	0.87240				2
2025.12.31	02:07:49.033	0.87239				2
2025.12.31	02:07:53.402	0.87240				2
2025.12.31	02:07:54.211	0.87239				2
2025.12.31	02:08:01.086	0.87239				2
2025.12.31	02:08:17.698		0.87241			4
2025.12.31	02:08:24.332		0.87242			4
2025.12.31	02:08:24.936		0.87241			4
2025.12.31	02:08:29.173		0.87240			4
2025.12.31	02:08:42.361	0.87240	0.87242			6
2025.12.31	02:08:48.471		0.87243			4
2025.12.31	02:08:49.393		0.87242			4
2025.12.31	02:09:02.374	0.87240	0.87241			6
2025.12.31	02:09:03.001	0.87239				2
2025.12.31	02:09:10.026	0.87240	0.87242			6
2025.12.31	02:09:51.287		0.87243			4
2025.12.31	02:09:55.010		0.87242			4
2025.12.31	02:10:00.290	0.87241				2
2025.12.31	02:10:03.152	0.87242	0.87243			6
2025.12.31	02:10:23.428	0.87241	0.87242			6
2025.12.31	02:10:26.775	0.87243	0.87244			6
2025.12.31	02:10:27.112	0.87242	0.87243			6
2025.12.31	02:10:27.418	0.87241	0.87242			6
2025.12.31	02:10:28.362	0.87240	0.87241			6
2025.12.31	02:10:29.223		0.87242			4
2025.12.31	02:10:35.956		0.87241			4
2025.12.31	02:11:00.563	0.87240				2
2025.12.31	02:11:08.174		0.87242			4
2025.12.31	02:11:11.023		0.87241			4
2025.12.31	02:11:25.378		0.87242			4
2025.12.31	02:11:26.597		0.87241			4
2025.12.31	02:11:49.865	0.87239				2
2025.12.31	02:11:50.493		0.87240			4
2025.12.31	02:11:52.279		0.87241			4
2025.12.31	02:11:56.307		0.87240			4
2025.12.31	02:11:57.373		0.87241			4
2025.12.31	02:12:00.771	0.87239				2
2025.12.31	02:12:05.901		0.87240			4
2025.12.31	02:12:13.430		0.87241			4
2025.12.31	02:12:15.650		0.87240			4
2025.12.31	02:12:30.836	0.87238	0.87239			6
2025.12.31	02:12:31.900		0.87240			4
2025.12.31	02:12:44.301	0.87239	0.87241			6
2025.12.31	02:12:48.320	0.87238				2
2025.12.31	02:12:49.304	0.87239				2
2025.12.31	02:12:52.726		0.87240			4
2025.12.31	02:13:01.079	0.87239				2
2025.12.31	02:13:05.106	0.87238				2
2025.12.31	02:13:09.375	0.87239				2
2025.12.31	02:13:17.775		0.87241			4
2025.12.31	02:13:18.333	0.87238	0.87240			6
2025.12.31	02:13:23.965		0.87241			4
2025.12.31	02:13:27.204		0.87240			4
2025.12.31	02:13:27.736		0.87241			4
2025.12.31	02:13:28.673		0.87240			4
2025.12.31	02:13:29.944	0.87239				2
2025.12.31	02:13:30.368		0.87241			4
2025.12.31	02:13:57.917		0.87240			4
2025.12.31	02:14:00.217	0.87239				2
2025.12.31	02:14:18.462	0.87240	0.87241			6
2025.12.31	02:14:25.929	0.87239	0.87240			6
2025.12.31	02:14:26.237		0.87241			4
2025.12.31	02:15:00.307	0.87240				2
2025.12.31	02:15:05.504	0.87239	0.87242			6
2025.12.31	02:15:19.502	0.87240				2
2025.12.31	02:15:51.245	0.87241				2
2025.12.31	02:16:00.315	0.87241				2
2025.12.31	02:16:10.317		0.87242			4
2025.12.31	02:16:31.446	0.87239	0.87241			6
2025.12.31	02:16:32.647		0.87242			4
2025.12.31	02:16:39.761	0.87240	0.87241			6
2025.12.31	02:16:45.583	0.87241	0.87243			6
2025.12.31	02:17:00.914	0.87241				2
2025.12.31	02:17:40.461		0.87242			4
2025.12.31	02:17:50.367	0.87240	0.87241			6
2025.12.31	02:17:56.553	0.87241	0.87244			6
2025.12.31	02:17:56.956	0.87242				2
2025.12.31	02:17:58.228	0.87243				2
2025.12.31	02:18:00.983	0.87243				2
2025.12.31	02:18:04.736		0.87245			4
2025.12.31	02:18:05.169		0.87244			4
2025.12.31	02:18:06.406	0.87244	0.87246			6
2025.12.31	02:18:12.036		0.87247			4
2025.12.31	02:18:13.927	0.87245	0.87246			6
2025.12.31	02:18:14.371	0.87244	0.87245			6
2025.12.31	02:18:27.628	0.87245	0.87246			6
2025.12.31	02:18:33.730	0.87244				2
2025.12.31	02:18:39.116		0.87245			4
2025.12.31	02:18:39.418	0.87243	0.87244			6
2025.12.31	02:18:43.960	0.87242	0.87243			6
2025.12.31	02:18:51.371	0.87241	0.87242			6
2025.12.31	02:18:56.186		0.87243			4
2025.12.31	02:19:07.456	0.87242				2
2025.12.31	02:19:08.491		0.87244			4
2025.12.31	02:19:08.801	0.87243				2
2025.12.31	02:19:09.454	0.87242				2
2025.12.31	02:19:10.396		0.87243			4
2025.12.31	02:19:10.931	0.87241	0.87242			6
2025.12.31	02:19:13.769	0.87240	0.87243			6
2025.12.31	02:19:14.142	0.87241	0.87242			6
2025.12.31	02:19:14.929	0.87240				2
2025.12.31	02:19:15.809	0.87239	0.87241			6
2025.12.31	02:20:00.314	0.87240				2
2025.12.31	02:20:07.400	0.87238	0.87239			6
2025.12.31	02:20:07.708		0.87240			4
2025.12.31	02:20:17.932		0.87239			4
2025.12.31	02:20:19.389	0.87239	0.87240			6
2025.12.31	02:20:23.429	0.87238	0.87239			6
2025.12.31	02:20:28.622	0.87239	0.87240			6
2025.12.31	02:20:28.936	0.87240	0.87241			6
2025.12.31	02:20:38.570	0.87239				2
2025.12.31	02:20:38.928		0.87240			4
2025.12.31	02:20:40.442	0.87240	0.87241			6
2025.12.31	02:20:50.357		0.87243			4
2025.12.31	02:20:50.872		0.87242			4
2025.12.31	02:20:57.564		0.87241			4
2025.12.31	02:20:57.879	0.87241	0.87243			6
2025.12.31	02:20:59.037		0.87242			4
2025.12.31	02:21:03.156	0.87240	0.87241			6
2025.12.31	02:21:05.511	0.87241	0.87242			6
2025.12.31	02:21:08.784		0.87243			4
2025.12.31	02:21:15.255		0.87242			4
2025.12.31	02:21:15.873	0.87242	0.87243			6
2025.12.31	02:21:25.989	0.87240	0.87241			6
2025.12.31	02:21:26.852	0.87241	0.87242			6
2025.12.31	02:21:38.281	0.87242	0.87243			6
2025.12.31	02:21:47.627	0.87241	0.87242			6
2025.12.31	02:22:00.534	0.87241				2
2025.12.31	02:22:03.991	0.87242	0.87243			6
2025.12.31	02:22:09.126	0.87241	0.87242			6
2025.12.31	02:22:21.868	0.87242	0.87243			6
2025.12.31	02:22:26.018	0.87241	0.87242			6
2025.12.31	02:22:33.430	0.87242	0.87243			6
2025.12.31	02:22:45.966	0.87243	0.87244			6
2025.12.31	02:22:47.982	0.87242	0.87243			6
2025.12.31	02:22:53.024		0.87244			4
2025.12.31	02:23:03.052	0.87242				2
2025.12.31	02:23:07.688	0.87243				2
2025.12.31	02:23:08.977	0.87242				2
2025.12.31	02:23:53.714		0.87244			4
2025.12.31	02:24:00.844	0.87242				2
2025.12.31	02:24:16.105	0.87241				2
2025.12.31	02:24:16.640	0.87242				2
2025.12.31	02:24:18.051	0.87241				2
2025.12.31	02:24:18.415		0.87243			4
2025.12.31	02:24:22.974		0.87244			4
2025.12.31	02:24:23.588		0.87243			4
2025.12.31	02:24:24.831	0.87242				2
2025.12.31	02:24:25.769		0.87244			4
2025.12.31	02:24:26.834	0.87241	0.87243			6
2025.12.31	02:24:27.722		0.87244			4
2025.12.31	02:24:28.918	0.87243	0.87246			6
2025.12.31	02:24:29.240	0.87244				2
2025.12.31	02:24:40.483		0.87245			4
2025.12.31	02:24:43.921		0.87246			4
2025.12.31	02:24:54.551	0.87245	0.87247			6
2025.12.31	02:24:56.756	0.87246	0.87248			6
2025.12.31	02:25:00.311	0.87246				2
2025.12.31	02:25:40.241	0.87245	0.87247			6
2025.12.31	02:25:45.216		0.87248			4
2025.12.31	02:25:52.262		0.87247			4
2025.12.31	02:26:02.328	0.87245				2
2025.12.31	02:26:06.201		0.87248			4
2025.12.31	02:26:12.510	0.87247	0.87249			6
2025.12.31	02:26:35.325	0.87246	0.87248			6
2025.12.31	02:26:42.580	0.87247				2
2025.12.31	02:26:42.982		0.87249			4
2025.12.31	02:26:55.648		0.87248			4
2025.12.31	02:27:04.335	0.87246	0.87247			6
2025.12.31	02:27:05.958		0.87248			4
2025.12.31	02:27:06.296	0.87247				2
2025.12.31	02:27:08.117	0.87246	0.87247			6
2025.12.31	02:27:12.453		0.87249			4
2025.12.31	02:27:12.886	0.87247				2
2025.12.31	02:27:20.376	0.87246				2
2025.12.31	02:27:37.997	0.87247				2
2025.12.31	02:27:52.567		0.87248			4
2025.12.31	02:27:52.927	0.87246	0.87247			6
2025.12.31	02:27:55.770		0.87249			4
2025.12.31	02:28:00.862	0.87246				2
2025.12.31	02:28:02.963	0.87247				2
2025.12.31	02:28:05.186	0.87246	0.87248			6
2025.12.31	02:28:07.901		0.87249			4
2025.12.31	02:28:10.221	0.87247				2
2025.12.31	02:28:13.578	0.87246				2
2025.12.31	02:28:14.465	0.87248	0.87250			6
2025.12.31	02:28:15.015	0.87247	0.87249			6
2025.12.31	02:28:38.641		0.87250			4
2025.12.31	02:28:45.076	0.87248				2
2025.12.31	02:28:53.032	0.87247	0.87249			6
2025.12.31	02:29:01.872	0.87247				2
2025.12.31	02:29:08.153	0.87246				2
2025.12.31	02:29:37.540	0.87247				2
2025.12.31	02:29:38.077	0.87246				2
2025.12.31	02:29:51.353	0.87247				2
2025.12.31	02:29:53.462	0.87246	0.87249			6
2025.12.31	02:29:59.889		0.87248			4
2025.12.31	02:30:00.381	0.87246				2
2025.12.31	02:30:01.992	0.87247				2
2025.12.31	02:30:04.541		0.87249			4
2025.12.31	02:30:05.316	0.87248				2
2025.12.31	02:30:13.883	0.87247				2
2025.12.31	02:30:15.559		0.87248			4
2025.12.31	02:30:20.230		0.87249			4
2025.12.31	02:30:25.999	0.87246	0.87248			6
2025.12.31	02:30:47.241		0.87249			4
2025.12.31	02:30:52.232		0.87248			4
2025.12.31	02:30:53.101	0.87247	0.87249			6
2025.12.31	02:30:59.046		0.87250			4
2025.12.31	02:30:59.548		0.87249			4
2025.12.31	02:31:00.535	0.87247				2
2025.12.31	02:31:02.388	0.87246				2
2025.12.31	02:31:15.924	0.87247				2
2025.12.31	02:31:24.858	0.87246				2
2025.12.31	02:31:32.659		0.87248			4
2025.12.31	02:31:40.014	0.87247	0.87249			6
2025.12.31	02:32:05.185	0.87247				2
2025.12.31	02:32:30.185		0.87248			4
2025.12.31	02:32:30.851	0.87248	0.87250			6
2025.12.31	02:32:31.162	0.87250	0.87251			6
2025.12.31	02:32:36.352	0.87249				2
2025.12.31	02:32:38.023	0.87250				2
2025.12.31	02:32:39.307	0.87249				2
2025.12.31	02:32:41.451	0.87250				2
2025.12.31	02:32:44.692	0.87249				2
2025.12.31	02:32:49.464		0.87250			4
2025.12.31	02:32:51.761		0.87251			4
2025.12.31	02:32:56.632		0.87250			4
2025.12.31	02:33:00.382	0.87249				2
2025.12.31	02:33:05.681		0.87251			4
2025.12.31	02:33:07.011		0.87250			4
2025.12.31	02:33:22.392	0.87248				2
2025.12.31	02:33:24.530	0.87249				2
2025.12.31	02:33:31.226	0.87248				2
2025.12.31	02:34:00.237	0.87248				2
2025.12.31	02:34:11.216		0.87250			4
2025.12.31	02:34:28.157	0.87247				2
2025.12.31	02:34:35.005		0.87249			4
2025.12.31	02:34:54.318		0.87248			4
2025.12.31	02:35:00.537	0.87247				2
2025.12.31	02:35:01.008		0.87249			4
2025.12.31	02:35:08.395	0.87244	0.87245			6
2025.12.31	02:35:08.706	0.87243				2
2025.12.31	02:35:09.016	0.87244	0.87246			6
2025.12.31	02:35:09.365	0.87243				2
2025.12.31	02:35:16.781	0.87244				2
2025.12.31	02:35:19.155	0.87243				2
2025.12.31	02:35:20.871	0.87244				2
2025.12.31	02:35:21.181		0.87245			4
2025.12.31	02:35:26.679		0.87246			4
2025.12.31	02:35:28.021	0.87245	0.87247			6
2025.12.31	02:35:29.083	0.87244	0.87246			6
2025.12.31	02:35:31.361		0.87247			4
2025.12.31	02:35:32.362		0.87246			4
2025.12.31	02:35:38.100	0.87245	0.87247			6
2025.12.31	02:36:00.639	0.87245				2
2025.12.31	02:36:10.564	0.87244	0.87246			6
2025.12.31	02:36:11.324	0.87245	0.87247			6
2025.12.31	02:36:11.638		0.87246			4
2025.12.31	02:36:12.626	0.87244				2
2025.12.31	02:36:14.976	0.87245				2
2025.12.31	02:36:17.045	0.87244				2
2025.12.31	02:36:19.228	0.87245				2
2025.12.31	02:36:19.541	0.87244				2
2025.12.31	02:36:21.636		0.87247			4
2025.12.31	02:36:22.380	0.87245				2
2025.12.31	02:36:27.100	0.87246				2
2025.12.31	02:36:38.037		0.87248			4
2025.12.31	02:36:59.960		0.87249			4
2025.12.31	02:37:00.941	0.87246	0.87248			6
2025.12.31	02:37:05.728	0.87247				2
2025.12.31	02:37:10.821	0.87248	0.87249			6
2025.12.31	02:37:20.283	0.87247	0.87248			6
2025.12.31	02:37:20.646	0.87248	0.87249			6
2025.12.31	02:37:23.762	0.87247	0.87248			6
2025.12.31	02:37:25.595	0.87248	0.87250			6
2025.12.31	02:37:26.265		0.87249			4
2025.12.31	02:37:28.820	0.87247	0.87248			6
2025.12.31	02:37:41.890	0.87246				2
2025.12.31	02:37:42.241	0.87247				2
2025.12.31	02:37:42.914	0.87246				2
2025.12.31	02:37:46.012		0.87247			4
2025.12.31	02:38:01.440	0.87246				2
2025.12.31	02:38:02.439		0.87248			4
2025.12.31	02:38:03.014	0.87249	0.87250			6
2025.12.31	02:38:03.969	0.87248				2
2025.12.31	02:38:04.892	0.87249	0.87251			6
2025.12.31	02:38:05.301	0.87250				2
2025.12.31	02:38:06.475		0.87253			4
2025.12.31	02:38:06.789	0.87251				2
2025.12.31	02:38:07.696		0.87252			4
2025.12.31	02:38:09.355	0.87250				2
2025.12.31	02:38:29.572	0.87251				2
2025.12.31	02:38:31.126	0.87250				2
2025.12.31	02:38:43.928		0.87251			4
2025.12.31	02:39:00.678	0.87250	0.87252			6
2025.12.31	02:39:08.793		0.87251			4
2025.12.31	02:39:14.542	0.87249				2
2025.12.31	02:39:15.097	0.87250				2
2025.12.31	02:39:33.060		0.87252			4
2025.12.31	02:39:33.713	0.87251				2
2025.12.31	02:39:34.431		0.87253			4
2025.12.31	02:39:36.804		0.87252			4
2025.12.31	02:39:37.977	0.87250				2
2025.12.31	02:39:38.663	0.87251				2
2025.12.31	02:39:39.756	0.87250				2
2025.12.31	02:39:42.831	0.87251	0.87253			6
2025.12.31	02:39:57.315		0.87254			4
2025.12.31	02:39:57.659	0.87252				2
2025.12.31	02:39:59.203		0.87253			4
2025.12.31	02:39:59.757	0.87251	0.87254			6
2025.12.31	02:40:00.068	0.87251				2
2025.12.31	02:40:03.622		0.87253			4
2025.12.31	02:40:04.502	0.87255	0.87256			6
2025.12.31	02:40:05.912	0.87254	0.87255			6
2025.12.31	02:40:08.431	0.87255	0.87256			6
2025.12.31	02:40:08.930	0.87254	0.87255			6
2025.12.31	02:40:13.234	0.87252				2
2025.12.31	02:40:14.369	0.87253				2
2025.12.31	02:40:16.865		0.87254			4
2025.12.31	02:40:22.311	0.87252				2
2025.12.31	02:40:24.390	0.87253				2
2025.12.31	02:40:26.504	0.87252				2
2025.12.31	02:40:36.774	0.87253				2
2025.12.31	02:40:40.642	0.87254	0.87255			6
2025.12.31	02:41:01.297	0.87253	0.87254			6
2025.12.31	02:41:03.506	0.87252				2
2025.12.31	02:41:22.634		0.87255			4
2025.12.31	02:41:23.832	0.87253				2
2025.12.31	02:41:25.891	0.87252	0.87254			6
2025.12.31	02:41:34.312	0.87253	0.87255			6
2025.12.31	02:41:42.427	0.87254				2
2025.12.31	02:41:48.916	0.87253				2
2025.12.31	02:41:52.062	0.87252	0.87254			6
2025.12.31	02:41:52.378	0.87253				2
2025.12.31	02:41:55.244	0.87251	0.87253			6
2025.12.31	02:41:55.562		0.87254			4
2025.12.31	02:41:58.688	0.87252				2
2025.12.31	02:42:00.372	0.87252	0.87253			6
2025.12.31	02:42:03.371	0.87251				2
2025.12.31	02:42:06.461		0.87254			4
2025.12.31	02:42:06.976		0.87253			4
2025.12.31	02:42:08.801	0.87252				2
2025.12.31	02:42:11.757	0.87251	0.87254			6
2025.12.31	02:42:12.705		0.87253			4
2025.12.31	02:42:15.077	0.87252				2
2025.12.31	02:42:17.100	0.87251				2
2025.12.31	02:42:20.805	0.87252	0.87254			6
2025.12.31	02:42:29.428	0.87253	0.87255			6
2025.12.31	02:42:29.736		0.87256			4
2025.12.31	02:42:30.113		0.87254			4
2025.12.31	02:42:31.704		0.87255			4
2025.12.31	02:42:50.271	0.87252				2
2025.12.31	02:42:53.097		0.87254			4
2025.12.31	02:43:00.291	0.87252				2
2025.12.31	02:43:29.107		0.87255			4
2025.12.31	02:43:35.085	0.87253				2
2025.12.31	02:43:42.225		0.87254			4
2025.12.31	02:43:59.657	0.87252				2
2025.12.31	02:44:03.061	0.87252				2
2025.12.31	02:44:04.731		0.87255			4
2025.12.31	02:44:09.452	0.87253	0.87254			6
2025.12.31	02:44:20.092	0.87252				2
2025.12.31	02:44:26.601	0.87253				2
2025.12.31	02:44:36.560	0.87252				2
2025.12.31	02:44:42.488		0.87253			4
2025.12.31	02:44:48.164		0.87254			4
2025.12.31	02:44:54.835		0.87253			4
2025.12.31	02:44:59.435		0.87254			4
2025.12.31	02:44:59.737		0.87255			4
2025.12.31	02:45:00.223	0.87252				2
2025.12.31	02:45:04.034	0.87250	0.87252			6
2025.12.31	02:45:04.339		0.87251			4
2025.12.31	02:45:05.808		0.87252			4
2025.12.31	02:45:09.444	0.87252	0.87253			6
2025.12.31	02:45:10.469		0.87254			4
2025.12.31	02:45:11.453	0.87253	0.87255			6
2025.12.31	02:45:22.661	0.87252				2
2025.12.31	02:45:35.302		0.87254			4
2025.12.31	02:45:40.682	0.87254	0.87256			6
2025.12.31	02:45:54.127	0.87253	0.87255			6
2025.12.31	02:45:59.787	0.87252				2
2025.12.31	02:46:00.400	0.87253				2
2025.12.31	02:46:02.278	0.87254	0.87256			6
2025.12.31	02:46:03.017		0.87257			4
2025.12.31	02:46:04.095	0.87255				2
2025.12.31	02:46:06.406		0.87258			4
2025.12.31	02:46:08.700		0.87257			4
2025.12.31	02:46:13.263	0.87253	0.87255			6
2025.12.31	02:46:14.295		0.87256			4
2025.12.31	02:46:15.358	0.87252	0.87255			6
2025.12.31	02:46:15.956		0.87254			4
2025.12.31	02:46:19.613	0.87253	0.87255			6
2025.12.31	02:46:19.982	0.87257	0.87259			6
2025.12.31	02:46:21.630	0.87256	0.87258			6
2025.12.31	02:46:28.296	0.87255				2
2025.12.31	02:46:29.271	0.87256				2
2025.12.31	02:46:29.805		0.87259			4
2025.12.31	02:46:31.860		0.87258			4
2025.12.31	02:46:32.884		0.87259			4
2025.12.31	02:46:33.530	0.87257				2
2025.12.31	02:46:37.010	0.87256				2
2025.12.31	02:46:41.856		0.87258			4
2025.12.31	02:46:45.677	0.87255				2
2025.12.31	02:46:46.090	0.87254				2
2025.12.31	02:46:47.706	0.87256				2
2025.12.31	02:46:48.074	0.87257	0.87259			6
2025.12.31	02:46:50.006		0.87260			4
2025.12.31	02:46:53.503		0.87259			4
2025.12.31	02:47:00.344	0.87257				2
2025.12.31	02:47:01.949	0.87256				2
2025.12.31	02:47:02.342	0.87257				2
2025.12.31	02:47:09.203	0.87256	0.87258			6
2025.12.31	02:47:09.962		0.87259			4
2025.12.31	02:47:10.423	0.87257				2
2025.12.31	02:47:16.034	0.87256	0.87258			6
2025.12.31	02:47:20.710	0.87257	0.87259			6
2025.12.31	02:47:21.044		0.87260			4
2025.12.31	02:47:25.637		0.87259			4
2025.12.31	02:47:27.248	0.87258	0.87260			6
2025.12.31	02:47:27.908		0.87261			4
2025.12.31	02:47:28.690		0.87260			4
2025.12.31	02:47:31.082	0.87260	0.87262			6
2025.12.31	02:47:44.697		0.87263			4
2025.12.31	02:47:47.981		0.87262			4
2025.12.31	02:47:50.300	0.87261	0.87264			6
2025.12.31	02:47:51.500		0.87263			4
2025.12.31	02:47:51.884	0.87260				2
2025.12.31	02:47:53.688		0.87261			4
2025.12.31	02:47:59.819		0.87262			4
2025.12.31	02:48:00.160	0.87260				2
2025.12.31	02:48:03.306	0.87262	0.87264			6
2025.12.31	02:48:11.318		0.87263			4
2025.12.31	02:48:20.348		0.87264			4
2025.12.31	02:48:46.261	0.87261	0.87263			6
2025.12.31	02:48:47.080	0.87260				2
2025.12.31	02:48:52.502	0.87261				2
2025.12.31	02:49:00.613	0.87261				2
2025.12.31	02:49:01.900		0.87264			4
2025.12.31	02:49:02.442		0.87263			4
2025.12.31	02:49:07.109		0.87264			4
2025.12.31	02:49:08.045		0.87263			4
2025.12.31	02:49:12.427	0.87260				2
2025.12.31	02:49:12.730	0.87261				2
2025.12.31	02:49:17.973	0.87260				2
2025.12.31	02:49:22.216		0.87262			4
2025.12.31	02:49:26.969	0.87261	0.87263			6
2025.12.31	02:49:29.576	0.87260				2
2025.12.31	02:49:29.883	0.87261				2
2025.12.31	02:49:38.430	0.87260				2
2025.12.31	02:49:40.407	0.87261				2
2025.12.31	02:49:44.285	0.87262	0.87264			6
2025.12.31	02:49:44.614		0.87265			4
2025.12.31	02:49:46.887	0.87263				2
2025.12.31	02:49:47.239	0.87262				2
2025.12.31	02:49:49.580	0.87263				2
2025.12.31	02:49:51.262	0.87264	0.87266			6
2025.12.31	02:49:51.579	0.87263	0.87265			6
2025.12.31	02:49:56.629	0.87262				2
2025.12.31	02:50:00.376	0.87262				2
2025.12.31	02:50:02.030	0.87263				2
2025.12.31	02:50:02.501	0.87262				2
2025.12.31	02:50:06.555	0.87263				2
2025.12.31	02:50:08.596	0.87262				2
2025.12.31	02:50:08.923		0.87264			4
2025.12.31	02:50:12.164		0.87265			4
2025.12.31	02:50:15.063		0.87264			4
2025.12.31	02:50:52.012		0.87265			4
2025.12.31	02:50:52.525	0.87263	0.87266			6
2025.12.31	02:50:53.021		0.87265			4
2025.12.31	02:50:59.333		0.87266			4
2025.12.31	02:50:59.907	0.87264				2
2025.12.31	02:51:00.225	0.87264				2
2025.12.31	02:51:01.557	0.87263	0.87265			6
2025.12.31	02:51:02.696		0.87266			4
2025.12.31	02:51:03.243	0.87264				2
2025.12.31	02:51:10.172		0.87267			4
2025.12.31	02:51:10.479	0.87265	0.87268			6
2025.12.31	02:51:12.054	0.87266				2
2025.12.31	02:51:12.697		0.87267			4
2025.12.31	02:51:21.429	0.87267	0.87268			6
2025.12.31	02:51:22.101	0.87266	0.87267			6
2025.12.31	02:51:27.845	0.87264	0.87265			6
2025.12.31	02:51:32.371	0.87265	0.87266			6
2025.12.31	02:51:34.075		0.87267			4
2025.12.31	02:51:37.611		0.87266			4
2025.12.31	02:51:37.939	0.87266	0.87267			6
2025.12.31	02:51:51.692	0.87263	0.87264			6
2025.12.31	02:51:57.490		0.87265			4
2025.12.31	02:52:00.560	0.87263				2
2025.12.31	02:52:03.973		0.87264			4
2025.12.31	02:52:04.834	0.87262	0.87263			6
2025.12.31	02:52:07.969		0.87264			4
2025.12.31	02:52:11.312	0.87263				2
2025.12.31	02:52:12.200		0.87265			4
2025.12.31	02:52:25.403	0.87264				2
2025.12.31	02:52:25.714		0.87266			4
2025.12.31	02:52:26.050	0.87263				2
2025.12.31	02:52:27.119		0.87265			4
2025.12.31	02:52:27.442		0.87264			4
2025.12.31	02:53:00.380	0.87263				2
2025.12.31	02:53:03.589		0.87265			4
2025.12.31	02:53:04.262		0.87264			4
2025.12.31	02:53:04.991		0.87265			4
2025.12.31	02:53:05.515	0.87262				2
2025.12.31	02:53:06.719		0.87264			4
2025.12.31	02:53:15.297	0.87261				2
2025.12.31	02:53:19.011	0.87262				2
2025.12.31	02:53:19.318		0.87263			4
2025.12.31	02:53:31.062	0.87261				2
2025.12.31	02:53:34.030		0.87262			4
2025.12.31	02:53:34.597		0.87263			4
2025.12.31	02:53:35.253		0.87262			4
2025.12.31	02:53:36.888		0.87263			4
2025.12.31	02:53:37.194	0.87262	0.87264			6
2025.12.31	02:53:37.522	0.87261				2
2025.12.31	02:53:43.012		0.87263			4
2025.12.31	02:53:46.632	0.87262				2
2025.12.31	02:53:48.967	0.87261				2
2025.12.31	02:54:00.534	0.87261				2
2025.12.31	02:54:02.477		0.87264			4
2025.12.31	02:54:02.847		0.87262			4
2025.12.31	02:54:03.242		0.87263			4
2025.12.31	02:54:08.274		0.87262			4
2025.12.31	02:54:10.664	0.87260	0.87261			6
2025.12.31	02:54:11.718	0.87261	0.87262			6
2025.12.31	02:54:12.245		0.87263			4
2025.12.31	02:54:13.210		0.87262			4
2025.12.31	02:54:20.762	0.87262	0.87263			6
2025.12.31	02:54:21.763	0.87261	0.87262			6
2025.12.31	02:54:31.338		0.87264			4
2025.12.31	02:54:33.956		0.87262			4
2025.12.31	02:54:34.407	0.87260	0.87261			6
2025.12.31	02:54:53.968		0.87262			4
2025.12.31	02:54:55.312	0.87259	0.87261			6
2025.12.31	02:54:55.626	0.87258				2
2025.12.31	02:54:55.962		0.87260			4
2025.12.31	02:54:57.396		0.87259			4
2025.12.31	02:54:59.084	0.87259	0.87260			6
2025.12.31	02:54:59.424	0.87258	0.87259			6
2025.12.31	02:55:00.058	0.87258				2
2025.12.31	02:55:03.652		0.87260			4
2025.12.31	02:55:05.544		0.87259			4
2025.12.31	02:55:06.257		0.87260			4
2025.12.31	02:55:13.480	0.87259				2
2025.12.31	02:55:14.943	0.87258				2
2025.12.31	02:55:15.451	0.87257	0.87259			6
2025.12.31	02:55:16.561		0.87260			4
2025.12.31	02:55:17.613	0.87258				2
2025.12.31	02:55:18.301	0.87257				2
2025.12.31	02:55:18.647	0.87258				2
2025.12.31	02:55:19.484		0.87261			4
2025.12.31	02:55:19.821		0.87259			4
2025.12.31	02:55:23.603	0.87259	0.87261			6
2025.12.31	02:55:25.581	0.87260				2
2025.12.31	02:55:27.210	0.87259	0.87260			6
2025.12.31	02:55:27.985	0.87257	0.87258			6
2025.12.31	02:55:28.289		0.87259			4
2025.12.31	02:55:34.657	0.87259	0.87260			6
2025.12.31	02:55:35.170	0.87258	0.87259			6
2025.12.31	02:55:40.613		0.87260			4
2025.12.31	02:55:48.817	0.87259				2
2025.12.31	02:55:54.171	0.87258				2
2025.12.31	02:55:59.126	0.87257	0.87258			6
2025.12.31	02:55:59.832	0.87256				2
2025.12.31	02:56:02.357	0.87256				2
2025.12.31	02:56:04.010		0.87257			4
2025.12.31	02:56:05.519	0.87257	0.87258			6
2025.12.31	02:56:18.560	0.87256				2
2025.12.31	02:56:20.159	0.87257				2
2025.12.31	02:56:23.422		0.87259			4
2025.12.31	02:56:28.309		0.87258			4
2025.12.31	02:56:42.878	0.87258	0.87260			6
2025.12.31	02:56:43.193	0.87257	0.87259			6
2025.12.31	02:56:43.656	0.87258				2
2025.12.31	02:56:44.098	0.87257				2
2025.12.31	02:56:44.829		0.87258			4
2025.12.31	02:56:45.674		0.87259			4
2025.12.31	02:56:55.374	0.87256	0.87258			6
2025.12.31	02:57:00.017	0.87257				2
2025.12.31	02:57:00.343	0.87256	0.87259			6
2025.12.31	02:57:00.659	0.87257	0.87258			6
2025.12.31	02:57:17.006	0.87258	0.87259			6
2025.12.31	02:57:17.426	0.87257	0.87258			6
2025.12.31	02:57:17.844	0.87258	0.87259			6
2025.12.31	02:57:18.218	0.87257	0.87258			6
2025.12.31	02:57:19.783	0.87258	0.87259			6
2025.12.31	02:57:25.035	0.87259	0.87260			6
2025.12.31	02:57:30.403	0.87256	0.87257			6
2025.12.31	02:57:30.874	0.87255	0.87256			6
2025.12.31	02:57:34.347	0.87254	0.87255			6
2025.12.31	02:57:34.688		0.87256			4
2025.12.31	02:57:36.237	0.87255				2
2025.12.31	02:57:37.367	0.87254				2
2025.12.31	02:57:37.678	0.87255				2
2025.12.31	02:57:39.036	0.87254	0.87255			6
2025.12.31	02:57:44.256	0.87255	0.87256			6
2025.12.31	02:57:51.904	0.87254	0.87255			6
2025.12.31	02:57:52.612	0.87255	0.87256			6
2025.12.31	02:57:53.614	0.87254	0.87255			6
2025.12.31	02:57:55.012		0.87256			4
2025.12.31	02:57:56.642	0.87255				2
2025.12.31	02:58:00.214	0.87255				2
2025.12.31	02:58:00.956	0.87254				2
2025.12.31	02:58:01.376	0.87255				2
2025.12.31	02:58:02.995	0.87256	0.87257			6
2025.12.31	02:58:03.381	0.87255	0.87256			6
2025.12.31	02:58:05.309		0.87257			4
2025.12.31	02:58:10.969	0.87256				2
2025.12.31	02:58:16.252	0.87255	0.87256			6
2025.12.31	02:58:17.477	0.87254				2
2025.12.31	02:58:19.378	0.87255				2
2025.12.31	02:58:20.106	0.87254				2
2025.12.31	02:58:21.258		0.87257			4
2025.12.31	02:58:23.543	0.87256	0.87258			6
2025.12.31	02:58:24.536	0.87257				2
2025.12.31	02:58:46.506	0.87256	0.87257			6
2025.12.31	02:58:58.327	0.87255	0.87256			6
2025.12.31	02:59:00.076	0.87255				2
2025.12.31	02:59:00.588	0.87256	0.87257			6
2025.12.31	02:59:01.236	0.87255				2
2025.12.31	02:59:04.371	0.87256				2
2025.12.31	02:59:05.027	0.87255	0.87256			6
2025.12.31	02:59:06.271	0.87256	0.87257			6
2025.12.31	02:59:06.611	0.87255	0.87256			6
2025.12.31	02:59:07.708		0.87257			4
2025.12.31	02:59:08.774		0.87256			4
2025.12.31	02:59:09.224	0.87254	0.87255			6
2025.12.31	02:59:26.741	0.87253	0.87254			6
2025.12.31	02:59:27.060	0.87255	0.87256			6
2025.12.31	02:59:36.884	0.87254	0.87255			6
2025.12.31	02:59:38.207	0.87253	0.87254			6
2025.12.31	02:59:39.535	0.87254	0.87255			6
2025.12.31	02:59:39.872	0.87253	0.87254			6
2025.12.31	02:59:42.636	0.87254	0.87255			6
2025.12.31	02:59:42.939	0.87252	0.87253			6
2025.12.31	02:59:43.736	0.87253	0.87254			6
2025.12.31	02:59:44.071	0.87252	0.87253			6
2025.12.31	02:59:44.372	0.87253	0.87254			6
2025.12.31	02:59:44.707	0.87254	0.87255			6
2025.12.31	02:59:45.013	0.87253	0.87254			6
2025.12.31	02:59:54.147	0.87254	0.87255			6
2025.12.31	02:59:54.459	0.87253	0.87254			6
2025.12.31	03:00:00.305	0.87253				2
2025.12.31	03:00:00.619	0.87251	0.87252			6
2025.12.31	03:00:06.012	0.87250	0.87251			6
2025.12.31	03:00:06.377	0.87251	0.87252			6
2025.12.31	03:00:07.449	0.87250	0.87251			6
2025.12.31	03:00:09.483	0.87251	0.87252			6
2025.12.31	03:00:09.817	0.87250	0.87251			6
2025.12.31	03:00:12.219	0.87251	0.87252			6
2025.12.31	03:00:13.371	0.87250	0.87251			6
2025.12.31	03:00:14.615	0.87252	0.87253			6
2025.12.31	03:00:14.997	0.87251	0.87252			6
2025.12.31	03:00:17.762	0.87250				2
2025.12.31	03:00:18.063	0.87251				2
2025.12.31	03:00:20.525	0.87249	0.87251			6
2025.12.31	03:00:20.888		0.87250			4
2025.12.31	03:00:27.463	0.87250	0.87251			6
2025.12.31	03:00:27.819	0.87249				2
2025.12.31	03:00:29.436		0.87250			4
2025.12.31	03:00:29.768		0.87251			4
2025.12.31	03:00:38.579		0.87250			4
2025.12.31	03:00:46.403	0.87250	0.87251			6
2025.12.31	03:00:47.809	0.87253	0.87254			6
2025.12.31	03:00:48.554	0.87254	0.87255			6
2025.12.31	03:00:48.947	0.87255	0.87256			6
2025.12.31	03:00:49.667	0.87256	0.87257			6
2025.12.31	03:00:55.527	0.87254	0.87255			6
2025.12.31	03:00:55.832	0.87253	0.87254			6
2025.12.31	03:00:59.485	0.87252	0.87253			6
2025.12.31	03:01:00.121	0.87256	0.87257			6
2025.12.31	03:01:04.762	0.87257	0.87258			6
2025.12.31	03:01:08.307	0.87256	0.87257			6
2025.12.31	03:01:11.343	0.87254	0.87255			6
2025.12.31	03:01:17.773	0.87255	0.87256			6
2025.12.31	03:01:18.408	0.87254	0.87255			6
2025.12.31	03:01:19.338		0.87256			4
2025.12.31	03:01:19.659		0.87255			4
2025.12.31	03:01:20.652	0.87255	0.87256			6
2025.12.31	03:01:22.313	0.87254	0.87255			6
2025.12.31	03:01:23.526		0.87256			4
2025.12.31	03:01:24.493	0.87255				2
2025.12.31	03:01:25.481	0.87256	0.87257			6
2025.12.31	03:01:25.916	0.87255	0.87256			6
2025.12.31	03:01:28.372	0.87254	0.87255			6
2025.12.31	03:01:29.543	0.87255	0.87256			6
2025.12.31	03:01:30.265	0.87256	0.87257			6
2025.12.31	03:01:30.580	0.87255	0.87256			6
2025.12.31	03:01:30.963	0.87256	0.87257			6
2025.12.31	03:01:32.946	0.87255				2
2025.12.31	03:01:42.170		0.87256			4
2025.12.31	03:01:46.340	0.87257	0.87258			6
2025.12.31	03:01:48.798	0.87258	0.87259			6
2025.12.31	03:01:55.397	0.87257	0.87258			6
2025.12.31	03:01:57.092	0.87255	0.87256			6
2025.12.31	03:01:58.375	0.87257	0.87258			6
2025.12.31	03:01:59.261	0.87256	0.87257			6
2025.12.31	03:01:59.657	0.87257	0.87258			6
2025.12.31	03:02:00.068	0.87257				2
2025.12.31	03:02:00.471	0.87256	0.87257			6
2025.12.31	03:02:00.773	0.87255	0.87256			6
2025.12.31	03:02:03.287	0.87254	0.87255			6
2025.12.31	03:02:07.993	0.87253	0.87254			6
2025.12.31	03:02:09.142	0.87252	0.87253			6
2025.12.31	03:02:09.834	0.87253	0.87254			6
2025.12.31	03:02:11.703	0.87256	0.87257			6
2025.12.31	03:02:12.638	0.87255	0.87256			6
2025.12.31	03:02:14.029	0.87256	0.87257			6
2025.12.31	03:02:19.452	0.87257	0.87258			6
2025.12.31	03:02:22.852	0.87258	0.87259			6
2025.12.31	03:02:25.463	0.87257	0.87258			6
2025.12.31	03:02:31.434	0.87258	0.87259			6
2025.12.31	03:02:52.576	0.87259	0.87260			6
2025.12.31	03:02:53.215	0.87258	0.87259			6
2025.12.31	03:02:58.084	0.87259	0.87260			6
2025.12.31	03:02:58.392	0.87258	0.87259			6
2025.12.31	03:03:00.060	0.87258				2
2025.12.31	03:03:01.507	0.87259	0.87260			6
2025.12.31	03:03:01.922	0.87258	0.87259			6
2025.12.31	03:03:02.531	0.87259	0.87260			6
2025.12.31	03:03:02.885	0.87257	0.87258			6
2025.12.31	03:03:03.201	0.87258	0.87259			6
2025.12.31	03:03:07.801	0.87257	0.87258			6
2025.12.31	03:03:08.489	0.87256	0.87257			6
2025.12.31	03:03:09.503	0.87255	0.87256			6
2025.12.31	03:03:09.821	0.87256	0.87257			6
2025.12.31	03:03:10.271	0.87255	0.87256			6
2025.12.31	03:03:10.664	0.87256	0.87257			6
2025.12.31	03:03:11.952	0.87258	0.87259			6
2025.12.31	03:03:13.405	0.87257	0.87258			6
2025.12.31	03:03:13.720	0.87258	0.87259			6
2025.12.31	03:03:16.005	0.87257	0.87258			6
2025.12.31	03:03:18.205	0.87258	0.87259			6
2025.12.31	03:03:18.523	0.87257	0.87258			6
2025.12.31	03:03:20.323	0.87258	0.87259			6
2025.12.31	03:03:23.218	0.87257				2
2025.12.31	03:03:23.853		0.87260			4
2025.12.31	03:03:24.492		0.87259			4
2025.12.31	03:03:25.467	0.87258				2
2025.12.31	03:03:27.747	0.87257	0.87258			6
2025.12.31	03:03:38.171	0.87256	0.87257			6
2025.12.31	03:03:41.502	0.87257	0.87258			6
2025.12.31	03:03:45.557	0.87258	0.87259			6
2025.12.31	03:03:48.302	0.87257	0.87258			6
2025.12.31	03:03:49.706	0.87258	0.87259			6
2025.12.31	03:03:50.777	0.87257	0.87258			6
2025.12.31	03:03:52.547	0.87258	0.87259			6
2025.12.31	03:03:52.876	0.87257	0.87258			6
2025.12.31	03:03:56.284	0.87256	0.87257			6
2025.12.31	03:04:00.237	0.87256				2
2025.12.31	03:04:06.570	0.87257	0.87258			6
2025.12.31	03:04:18.841	0.87256	0.87257			6
2025.12.31	03:04:22.214	0.87257	0.87258			6
2025.12.31	03:04:22.520	0.87256	0.87257			6
2025.12.31	03:04:27.237	0.87255	0.87256			6
2025.12.31	03:04:28.361	0.87256	0.87257			6
2025.12.31	03:04:28.663	0.87255	0.87256			6
2025.12.31	03:04:32.585	0.87256	0.87257			6
2025.12.31	03:04:37.878	0.87255	0.87256			6
2025.12.31	03:04:38.280	0.87256	0.87257			6
2025.12.31	03:04:43.397	0.87255	0.87256			6
2025.12.31	03:04:43.909		0.87257			4
2025.12.31	03:04:44.326		0.87256			4
2025.12.31	03:04:44.962	0.87254				2
2025.12.31	03:04:53.666	0.87255				2
2025.12.31	03:04:53.977	0.87254				2
2025.12.31	03:04:55.982		0.87255			4
2025.12.31	03:04:56.342	0.87252	0.87254			6
2025.12.31	03:04:56.660	0.87257	0.87258			6
2025.12.31	03:04:57.993	0.87256	0.87257			6
2025.12.31	03:04:58.721	0.87257	0.87258			6
2025.12.31	03:05:00.413	0.87257				2
2025.12.31	03:05:04.370	0.87256	0.87257			6
2025.12.31	03:05:15.680		0.87258			4
2025.12.31	03:05:16.076	0.87257				2
2025.12.31	03:05:17.381	0.87256	0.87259			6
2025.12.31	03:05:19.400		0.87258			4
2025.12.31	03:05:22.227		0.87257			4
2025.12.31	03:05:38.677		0.87258			4
2025.12.31	03:05:39.712	0.87257				2
2025.12.31	03:05:42.058	0.87258	0.87259			6
2025.12.31	03:05:50.663	0.87259	0.87260			6
2025.12.31	03:05:51.017	0.87258	0.87259			6
2025.12.31	03:05:52.568	0.87259	0.87260			6
2025.12.31	03:05:52.976	0.87258	0.87259			6
2025.12.31	03:05:56.425	0.87259	0.87260			6
2025.12.31	03:05:57.226	0.87258	0.87259			6
2025.12.31	03:06:00.604	0.87258				2
2025.12.31	03:06:01.490	0.87257				2
2025.12.31	03:06:02.686	0.87258				2
2025.12.31	03:06:04.039	0.87257	0.87258			6
2025.12.31	03:06:05.311	0.87258	0.87259			6
2025.12.31	03:06:09.380	0.87259	0.87260			6
2025.12.31	03:06:10.245	0.87260	0.87261			6
2025.12.31	03:06:14.936	0.87259	0.87260			6
2025.12.31	03:06:17.660	0.87260	0.87261			6
2025.12.31	03:06:29.982	0.87261	0.87262			6
2025.12.31	03:06:33.527	0.87260	0.87261			6
2025.12.31	03:06:36.129	0.87261	0.87262			6
2025.12.31	03:06:39.377	0.87260	0.87261			6
2025.12.31	03:06:41.688		0.87262			4
2025.12.31	03:06:42.086		0.87261			4
2025.12.31	03:06:51.044	0.87261	0.87262			6
2025.12.31	03:06:51.994	0.87260				2
2025.12.31	03:06:52.298	0.87259	0.87261			6
2025.12.31	03:06:52.604	0.87260	0.87262			6
2025.12.31	03:06:53.953	0.87261	0.87263			6
2025.12.31	03:06:54.710	0.87260	0.87261			6
2025.12.31	03:06:55.597	0.87259	0.87260			6
2025.12.31	03:06:56.858	0.87260	0.87261			6
2025.12.31	03:06:57.707		0.87262			4
2025.12.31	03:06:58.184		0.87261			4
2025.12.31	03:06:59.599		0.87262			4
2025.12.31	03:06:59.923		0.87261			4
2025.12.31	03:07:00.355	0.87260				2
2025.12.31	03:07:02.431	0.87261	0.87262			6
2025.12.31	03:07:03.629	0.87260	0.87263			6
2025.12.31	03:07:04.083		0.87262			4
2025.12.31	03:07:08.410	0.87259	0.87260			6
2025.12.31	03:07:09.519	0.87258	0.87259			6
2025.12.31	03:07:09.858	0.87259	0.87260			6
2025.12.31	03:07:10.161	0.87258				2
2025.12.31	03:07:10.582	0.87259				2
2025.12.31	03:07:11.484	0.87258	0.87261			6
2025.12.31	03:07:11.800		0.87260			4
2025.12.31	03:07:12.182	0.87257	0.87258			6
2025.12.31	03:07:13.686	0.87258	0.87259			6
2025.12.31	03:07:14.344	0.87257	0.87258			6
2025.12.31	03:07:15.037	0.87256	0.87257			6
2025.12.31	03:07:19.010		0.87258			4
2025.12.31	03:07:19.792	0.87258	0.87259			6
2025.12.31	03:07:24.379	0.87257	0.87258			6
2025.12.31	03:07:26.013	0.87256				2
2025.12.31	03:07:26.957	0.87258	0.87259			6
2025.12.31	03:07:29.933	0.87257	0.87258			6
2025.12.31	03:07:30.282		0.87259			4
2025.12.31	03:07:30.600	0.87258				2
2025.12.31	03:07:30.918	0.87256				2
2025.12.31	03:07:31.462		0.87257			4
2025.12.31	03:07:32.464	0.87255	0.87256			6
2025.12.31	03:07:35.686	0.87256	0.87258			6
2025.12.31	03:07:36.155		0.87257			4
2025.12.31	03:07:40.984		0.87258			4
2025.12.31	03:07:41.664		0.87257			4
2025.12.31	03:07:43.572	0.87255				2
2025.12.31	03:07:43.955	0.87256				2
2025.12.31	03:07:45.248	0.87257	0.87258			6
2025.12.31	03:07:55.856	0.87256	0.87257			6
2025.12.31	03:07:56.159	0.87255	0.87256			6
2025.12.31	03:07:59.147	0.87254	0.87255			6
2025.12.31	03:08:00.283	0.87255	0.87256			6
2025.12.31	03:08:00.632	0.87256	0.87257			6
2025.12.31	03:08:02.044	0.87254	0.87255			6
2025.12.31	03:08:02.923	0.87253	0.87254			6
2025.12.31	03:08:03.960	0.87252	0.87253			6
2025.12.31	03:08:05.332	0.87253	0.87255			6
2025.12.31	03:08:05.729	0.87254				2
2025.12.31	03:08:09.400	0.87255	0.87256			6
2025.12.31	03:08:10.575	0.87254	0.87255			6
2025.12.31	03:08:12.380		0.87256			4
2025.12.31	03:08:16.321		0.87257			4
2025.12.31	03:08:16.696	0.87255				2
2025.12.31	03:08:17.268	0.87254	0.87256			6
2025.12.31	03:08:17.642	0.87253	0.87255			6
2025.12.31	03:08:18.335		0.87256			4
2025.12.31	03:08:19.426		0.87255			4
2025.12.31	03:08:21.501	0.87252				2
2025.12.31	03:08:24.227		0.87254			4
2025.12.31	03:08:24.537		0.87253			4
2025.12.31	03:08:24.840	0.87251				2
2025.12.31	03:08:25.931	0.87252				2
2025.12.31	03:08:32.137	0.87251				2
2025.12.31	03:08:32.457	0.87252				2
2025.12.31	03:08:34.184	0.87253	0.87255			6
2025.12.31	03:08:35.246	0.87254				2
2025.12.31	03:08:41.857	0.87253				2
2025.12.31	03:08:42.561	0.87254				2
2025.12.31	03:08:43.137	0.87253				2
2025.12.31	03:08:44.616	0.87254				2
2025.12.31	03:08:45.426	0.87253				2
2025.12.31	03:08:45.736		0.87254			4
2025.12.31	03:08:57.604	0.87251	0.87252			6
2025.12.31	03:09:00.295	0.87252	0.87253			6
2025.12.31	03:09:09.377	0.87253	0.87254			6
2025.12.31	03:09:11.517	0.87254	0.87255			6
2025.12.31	03:09:11.819	0.87253	0.87254			6
2025.12.31	03:09:35.074	0.87251	0.87252			6
2025.12.31	03:09:35.437	0.87250	0.87251			6
2025.12.31	03:09:39.472	0.87251	0.87252			6
2025.12.31	03:09:43.097	0.87250	0.87251			6
2025.12.31	03:09:45.598	0.87249	0.87250			6
2025.12.31	03:09:46.968	0.87250	0.87251			6
2025.12.31	03:09:47.652	0.87249	0.87250			6
2025.12.31	03:09:47.959		0.87251			4
2025.12.31	03:09:48.306		0.87250			4
2025.12.31	03:09:52.443	0.87250	0.87251			6
2025.12.31	03:09:52.762	0.87248	0.87250			6
2025.12.31	03:09:53.087	0.87250	0.87251			6
2025.12.31	03:09:54.623	0.87251	0.87252			6
2025.12.31	03:09:55.491	0.87250	0.87251			6
2025.12.31	03:09:56.205	0.87249	0.87250			6
2025.12.31	03:09:57.459	0.87250	0.87251			6
2025.12.31	03:10:00.407	0.87249	0.87250			6
2025.12.31	03:10:00.963	0.87250	0.87251			6
2025.12.31	03:10:01.792	0.87249	0.87250			6
