<DATE>	<TIME>	<BID>	<ASK>	<LAST>	<VOLUME>	<FLAGS>
2025.09.09	00:03:30.472	0.86765	0.86867			6
2025.09.09	00:03:32.253	0.86762				2
2025.09.09	00:03:34.255	0.86755				2
2025.09.09	00:03:35.255	0.86759				2
2025.09.09	00:03:40.249	0.86755				2
2025.09.09	00:03:41.254	0.86752				2
2025.09.09	00:04:01.538	0.86724				2
2025.09.09	00:04:02.279	0.86765				2
2025.09.09	00:04:10.494	0.86724	0.86863			6
2025.09.09	00:04:16.500	0.86720				2
2025.09.09	00:05:00.491	0.86720				2
2025.09.09	00:05:06.247	0.86728				2
2025.09.09	00:05:06.799	0.86727				2
2025.09.09	00:05:10.318	0.86726				2
2025.09.09	00:05:10.999	0.86728	0.86863			6
2025.09.09	00:05:11.315	0.86727				2
2025.09.09	00:05:12.347	0.86729				2
2025.09.09	00:05:16.032	0.86726				2
2025.09.09	00:05:22.351	0.86727				2
2025.09.09	00:05:26.354	0.86720				2
2025.09.09	00:05:28.346	0.86721				2
2025.09.09	00:05:31.991	0.86722				2
2025.09.09	00:05:32.348	0.86721				2
2025.09.09	00:05:34.349	0.86722				2
2025.09.09	00:05:35.316	0.86724				2
2025.09.09	00:05:36.344	0.86725				2
2025.09.09	00:05:37.134	0.86724				2
2025.09.09	00:05:37.661	0.86725				2
2025.09.09	00:05:39.912	0.86723				2
2025.09.09	00:05:41.815	0.86722				2
2025.09.09	00:05:42.348	0.86725				2
2025.09.09	00:05:44.687	0.86726				2
2025.09.09	00:05:47.157	0.86727				2
2025.09.09	00:05:49.381	0.86726				2
2025.09.09	00:05:52.263	0.86727				2
2025.09.09	00:05:54.442	0.86728				2
2025.09.09	00:05:59.385	0.86727				2
2025.09.09	00:06:00.356	0.86728				2
2025.09.09	00:06:02.367	0.86726				2
2025.09.09	00:06:03.970	0.86727				2
2025.09.09	00:06:05.091	0.86729				2
2025.09.09	00:06:21.613		0.86863			4
2025.09.09	00:06:48.349	0.86730				2
2025.09.09	00:07:01.498	0.86730				2
2025.09.09	00:07:32.527	0.86735	0.86863			6
2025.09.09	00:07:34.347	0.86732				2
2025.09.09	00:07:44.348	0.86735				2
2025.09.09	00:08:02.805	0.86733				2
2025.09.09	00:08:26.979	0.86730				2
2025.09.09	00:08:51.501		0.86863			4
2025.09.09	00:09:00.386	0.86734				2
2025.09.09	00:10:00.326	0.86782	0.86857			6
2025.09.09	00:10:01.700	0.86786	0.86858			6
2025.09.09	00:10:11.470	0.86810	0.86867			6
2025.09.09	00:11:00.112	0.86810				2
2025.09.09	00:11:04.664	0.86778	0.86862			6
2025.09.09	00:11:06.254	0.86786	0.86858			6
2025.09.09	00:11:06.965	0.86810	0.86867			6
2025.09.09	00:11:07.899	0.86786	0.86858			6
2025.09.09	00:11:14.394	0.86810	0.86867			6
2025.09.09	00:11:15.325	0.86788	0.86858			6
2025.09.09	00:11:21.611	0.86810	0.86867			6
2025.09.09	00:11:22.546	0.86788	0.86858			6
2025.09.09	00:11:27.828		0.86859			4
2025.09.09	00:11:28.820	0.86810	0.86867			6
2025.09.09	00:11:29.761	0.86788	0.86858			6
2025.09.09	00:11:35.292	0.86785	0.86861			6
2025.09.09	00:11:36.005	0.86810	0.86867			6
2025.09.09	00:11:36.925	0.86785	0.86861			6
2025.09.09	00:12:00.796	0.86785				2
2025.09.09	00:12:10.120	0.86787	0.86860			6
2025.09.09	00:12:13.999	0.86786				2
2025.09.09	00:12:15.132	0.86787				2
2025.09.09	00:12:40.069	0.86784	0.86862			6
2025.09.09	00:12:40.517	0.86781				2
2025.09.09	00:12:43.629	0.86784				2
2025.09.09	00:12:47.037	0.86783				2
2025.09.09	00:12:53.919	0.86784				2
2025.09.09	00:13:01.728	0.86784				2
2025.09.09	00:13:36.023	0.86785				2
2025.09.09	00:13:40.113		0.86862			4
2025.09.09	00:13:44.718	0.86786				2
2025.09.09	00:13:53.539	0.86785				2
2025.09.09	00:13:54.728	0.86786				2
2025.09.09	00:13:57.599	0.86787	0.86861			6
2025.09.09	00:13:57.898	0.86786	0.86862			6
2025.09.09	00:13:58.596	0.86787				2
2025.09.09	00:13:58.897	0.86786				2
2025.09.09	00:14:00.092	0.86786				2
2025.09.09	00:14:10.396	0.86788	0.86860			6
2025.09.09	00:14:17.123	0.86787				2
2025.09.09	00:14:19.103	0.86788				2
2025.09.09	00:14:26.118	0.86789				2
2025.09.09	00:14:29.109		0.86861			4
2025.09.09	00:14:29.414	0.86788	0.86860			6
2025.09.09	00:14:30.620	0.86789	0.86861			6
2025.09.09	00:14:31.754	0.86788	0.86860			6
2025.09.09	00:14:38.183	0.86789	0.86862			6
2025.09.09	00:14:39.779		0.86861			4
2025.09.09	00:15:00.392	0.86788	0.86860			6
2025.09.09	00:15:01.172	0.86792	0.86857			6
2025.09.09	00:15:13.516	0.86781	0.86862			6
2025.09.09	00:15:18.140	0.86791	0.86857			6
2025.09.09	00:15:18.447	0.86792				2
2025.09.09	00:15:18.880	0.86791				2
2025.09.09	00:15:31.882	0.86789	0.86859			6
2025.09.09	00:15:32.385	0.86788	0.86860			6
2025.09.09	00:15:32.888	0.86789				2
2025.09.09	00:15:34.070		0.86861			4
2025.09.09	00:15:39.918		0.86860			4
2025.09.09	00:15:42.320		0.86861			4
2025.09.09	00:15:45.107	0.86787	0.86863			6
2025.09.09	00:15:51.096		0.86861			4
2025.09.09	00:15:52.346		0.86862			4
2025.09.09	00:16:00.358	0.86787				2
2025.09.09	00:16:17.130	0.86789	0.86861			6
2025.09.09	00:16:19.283	0.86790	0.86860			6
2025.09.09	00:16:32.417		0.86859			4
2025.09.09	00:16:40.219	0.86791				2
2025.09.09	00:16:43.174	0.86792	0.86858			6
2025.09.09	00:16:48.316	0.86791	0.86859			6
2025.09.09	00:17:02.424	0.86791				2
2025.09.09	00:17:06.511	0.86792	0.86861			6
2025.09.09	00:17:07.224	0.86791	0.86859			6
2025.09.09	00:17:10.060	0.86790	0.86852			6
2025.09.09	00:17:11.734		0.86853			4
2025.09.09	00:17:12.391		0.86854			4
2025.09.09	00:17:19.328	0.86791				2
2025.09.09	00:17:26.715		0.86853			4
2025.09.09	00:17:51.018	0.86792				2
2025.09.09	00:17:56.416		0.86852			4
2025.09.09	00:17:58.889		0.86853			4
2025.09.09	00:18:00.269	0.86792				2
2025.09.09	00:18:22.818	0.86793	0.86852			6
2025.09.09	00:18:24.316		0.86851			4
2025.09.09	00:18:25.929	0.86795	0.86856			6
2025.09.09	00:18:31.127		0.86855			4
2025.09.09	00:18:32.869		0.86856			4
2025.09.09	00:18:36.917		0.86857			4
2025.09.09	00:18:41.154	0.86794	0.86851			6
2025.09.09	00:18:43.820		0.86850			4
2025.09.09	00:18:46.900		0.86851			4
2025.09.09	00:18:50.454	0.86793				2
2025.09.09	00:19:00.940	0.86793				2
2025.09.09	00:19:01.442	0.86794				2
2025.09.09	00:19:21.021	0.86793				2
2025.09.09	00:19:34.817	0.86794				2
2025.09.09	00:19:38.796	0.86797	0.86852			6
2025.09.09	00:19:39.098		0.86853			4
2025.09.09	00:19:46.347	0.86794	0.86852			6
2025.09.09	00:19:53.871	0.86795	0.86851			6
2025.09.09	00:20:07.420	0.86795				2
2025.09.09	00:20:52.221	0.86794				2
2025.09.09	00:20:55.179		0.86851			4
2025.09.09	00:21:03.617	0.86796	0.86850			6
2025.09.09	00:21:10.056	0.86795				2
2025.09.09	00:21:11.058	0.86797	0.86853			6
2025.09.09	00:21:15.110		0.86854			4
2025.09.09	00:21:15.424	0.86795				2
2025.09.09	00:21:20.323	0.86793	0.86850			6
2025.09.09	00:21:23.986		0.86851			4
2025.09.09	00:21:25.376	0.86792				2
2025.09.09	00:21:30.743		0.86852			4
2025.09.09	00:21:32.900		0.86853			4
2025.09.09	00:21:35.754	0.86791				2
2025.09.09	00:21:49.685	0.86792	0.86852			6
2025.09.09	00:22:00.211	0.86792				2
2025.09.09	00:22:11.645	0.86793	0.86853			6
2025.09.09	00:22:17.418	0.86794	0.86852			6
2025.09.09	00:22:19.344	0.86793	0.86851			6
2025.09.09	00:22:20.392	0.86792				2
2025.09.09	00:22:29.420	0.86793				2
2025.09.09	00:22:38.408		0.86850			4
2025.09.09	00:22:51.017		0.86851			4
2025.09.09	00:22:57.017	0.86794	0.86850			6
2025.09.09	00:23:01.112	0.86794				2
2025.09.09	00:23:18.358	0.86793	0.86851			6
2025.09.09	00:23:21.892		0.86850			4
2025.09.09	00:23:22.995		0.86851			4
2025.09.09	00:23:24.876	0.86790	0.86853			6
2025.09.09	00:23:26.915		0.86854			4
2025.09.09	00:23:27.235	0.86791	0.86853			6
2025.09.09	00:23:27.731	0.86790	0.86854			6
2025.09.09	00:23:29.588	0.86789	0.86855			6
2025.09.09	00:23:30.147		0.86853			4
2025.09.09	00:23:35.101	0.86790	0.86852			6
2025.09.09	00:23:35.644	0.86791	0.86851			6
2025.09.09	00:23:36.189		0.86852			4
2025.09.09	00:23:38.414	0.86792	0.86850			6
2025.09.09	00:23:38.852	0.86793				2
2025.09.09	00:23:39.977	0.86792	0.86851			6
2025.09.09	00:23:57.295	0.86793	0.86850			6
2025.09.09	00:23:57.908	0.86794	0.86849			6
2025.09.09	00:24:00.408	0.86793	0.86850			6
2025.09.09	00:24:05.409	0.86794	0.86849			6
2025.09.09	00:24:05.711	0.86793	0.86850			6
2025.09.09	00:24:06.925	0.86792				2
2025.09.09	00:24:07.423	0.86793	0.86849			6
2025.09.09	00:24:08.171	0.86792	0.86850			6
2025.09.09	00:24:08.786	0.86794	0.86849			6
2025.09.09	00:24:09.181		0.86848			4
2025.09.09	00:24:12.883	0.86793	0.86849			6
2025.09.09	00:24:17.240	0.86792	0.86850			6
2025.09.09	00:24:21.017	0.86793				2
2025.09.09	00:24:27.017	0.86792				2
2025.09.09	00:24:28.308	0.86794	0.86848			6
2025.09.09	00:25:00.308	0.86794				2
2025.09.09	00:25:15.216		0.86849			4
2025.09.09	00:25:17.295		0.86848			4
2025.09.09	00:25:19.265		0.86849			4
2025.09.09	00:25:19.915		0.86848			4
2025.09.09	00:25:23.727	0.86795				2
2025.09.09	00:25:30.977	0.86794	0.86849			6
2025.09.09	00:25:38.366		0.86848			4
2025.09.09	00:25:39.820		0.86849			4
2025.09.09	00:25:40.388	0.86792	0.86850			6
2025.09.09	00:25:41.092	0.86794	0.86848			6
2025.09.09	00:25:42.534		0.86849			4
2025.09.09	00:25:51.037		0.86848			4
2025.09.09	00:25:52.514		0.86849			4
2025.09.09	00:26:00.131	0.86793				2
2025.09.09	00:26:00.518	0.86794	0.86848			6
2025.09.09	00:26:01.924		0.86849			4
2025.09.09	00:26:03.826	0.86793				2
2025.09.09	00:26:04.239	0.86794	0.86848			6
2025.09.09	00:26:06.547	0.86792	0.86851			6
2025.09.09	00:26:06.946	0.86793	0.86849			6
2025.09.09	00:26:09.453	0.86759	0.86846			6
2025.09.09	00:26:09.780	0.86763				2
2025.09.09	00:26:10.726	0.86776	0.86843			6
2025.09.09	00:26:11.041	0.86775				2
2025.09.09	00:26:11.493	0.86777	0.86845			6
2025.09.09	00:26:14.753	0.86785	0.86847			6
2025.09.09	00:26:15.398		0.86846			4
2025.09.09	00:26:18.889	0.86782	0.86847			6
2025.09.09	00:26:20.222	0.86762	0.86846			6
2025.09.09	00:26:20.531	0.86761				2
2025.09.09	00:26:23.105		0.86845			4
2025.09.09	00:26:25.225		0.86844			4
2025.09.09	00:26:25.537	0.86777				2
2025.09.09	00:26:25.846	0.86778	0.86846			6
2025.09.09	00:26:32.912	0.86768	0.86842			6
2025.09.09	00:26:36.317		0.86843			4
2025.09.09	00:26:41.495		0.86845			4
2025.09.09	00:26:44.348	0.86770	0.86842			6
2025.09.09	00:26:44.660	0.86773				2
2025.09.09	00:26:44.970	0.86765				2
2025.09.09	00:26:45.586	0.86764				2
2025.09.09	00:26:45.925	0.86750	0.86841			6
2025.09.09	00:26:46.236	0.86748				2
2025.09.09	00:26:47.588	0.86746	0.86842			6
2025.09.09	00:26:48.095	0.86748	0.86841			6
2025.09.09	00:26:48.450	0.86752				2
2025.09.09	00:26:48.791	0.86750	0.86840			6
2025.09.09	00:26:49.702	0.86748	0.86842			6
2025.09.09	00:26:50.126	0.86749	0.86841			6
2025.09.09	00:26:54.233	0.86759				2
2025.09.09	00:26:54.931		0.86839			4
2025.09.09	00:26:57.297	0.86778	0.86840			6
2025.09.09	00:27:00.627	0.86778	0.86841			6
2025.09.09	00:27:03.053	0.86775	0.86842			6
2025.09.09	00:27:03.362	0.86777				2
2025.09.09	00:27:04.710	0.86775	0.86835			6
2025.09.09	00:27:05.028	0.86772				2
2025.09.09	00:27:06.346		0.86836			4
2025.09.09	00:27:07.916	0.86771	0.86837			6
2025.09.09	00:27:28.998		0.86838			4
2025.09.09	00:27:30.708	0.86775	0.86839			6
2025.09.09	00:27:31.927		0.86840			4
2025.09.09	00:27:35.435	0.86776				2
2025.09.09	00:27:36.042		0.86841			4
2025.09.09	00:27:37.122	0.86768	0.86844			6
2025.09.09	00:27:37.628	0.86763	0.86843			6
2025.09.09	00:27:39.377		0.86844			4
2025.09.09	00:27:40.660	0.86769	0.86846			6
2025.09.09	00:27:43.476	0.86771				2
2025.09.09	00:27:52.493	0.86770	0.86845			6
2025.09.09	00:27:52.828	0.86772				2
2025.09.09	00:27:53.530	0.86771				2
2025.09.09	00:27:54.885	0.86773				2
2025.09.09	00:27:56.268		0.86846			4
2025.09.09	00:27:57.320	0.86769				2
2025.09.09	00:27:57.638	0.86770				2
2025.09.09	00:28:00.156	0.86770				2
2025.09.09	00:28:03.541	0.86769	0.86847			6
2025.09.09	00:28:12.230	0.86768	0.86848			6
2025.09.09	00:28:12.933	0.86772				2
2025.09.09	00:28:14.277		0.86846			4
2025.09.09	00:28:18.359	0.86771				2
2025.09.09	00:28:19.842	0.86782	0.86847			6
2025.09.09	00:28:22.216	0.86781				2
2025.09.09	00:28:32.727	0.86780				2
2025.09.09	00:28:44.520	0.86781	0.86848			6
2025.09.09	00:28:47.304	0.86782	0.86847			6
2025.09.09	00:28:54.018	0.86781				2
2025.09.09	00:28:57.313	0.86780	0.86848			6
2025.09.09	00:28:58.463	0.86778				2
2025.09.09	00:29:04.817	0.86778				2
2025.09.09	00:29:08.466	0.86779	0.86847			6
2025.09.09	00:29:17.326		0.86848			4
2025.09.09	00:29:19.940	0.86778	0.86849			6
2025.09.09	00:29:22.152	0.86781				2
2025.09.09	00:29:32.377	0.86780				2
2025.09.09	00:29:37.215	0.86778	0.86848			6
2025.09.09	00:29:40.423	0.86780				2
2025.09.09	00:29:45.365	0.86778				2
2025.09.09	00:29:47.296	0.86779	0.86849			6
2025.09.09	00:29:53.668		0.86850			4
2025.09.09	00:29:57.176		0.86848			4
2025.09.09	00:29:58.840	0.86781	0.86845			6
2025.09.09	00:30:00.360	0.86780	0.86846			6
2025.09.09	00:30:04.985	0.86781	0.86845			6
2025.09.09	00:30:13.244	0.86782	0.86843			6
2025.09.09	00:30:13.703	0.86783	0.86844			6
2025.09.09	00:30:29.338	0.86789	0.86846			6
2025.09.09	00:30:34.219		0.86847			4
2025.09.09	00:30:38.457	0.86788				2
2025.09.09	00:30:44.155	0.86792	0.86849			6
2025.09.09	00:30:44.458	0.86790	0.86851			6
2025.09.09	00:30:45.924	0.86791	0.86850			6
2025.09.09	00:30:47.294	0.86790				2
2025.09.09	00:30:48.442	0.86791				2
2025.09.09	00:31:03.064	0.86792				2
2025.09.09	00:31:12.396	0.86791				2
2025.09.09	00:31:13.423	0.86794	0.86851			6
2025.09.09	00:31:17.357	0.86793	0.86852			6
2025.09.09	00:31:18.446		0.86851			4
2025.09.09	00:31:20.380		0.86852			4
2025.09.09	00:31:21.196	0.86791	0.86853			6
2025.09.09	00:31:21.611	0.86792				2
2025.09.09	00:31:28.205		0.86852			4
2025.09.09	00:31:31.220	0.86791				2
2025.09.09	00:31:32.057	0.86792				2
2025.09.09	00:31:40.220	0.86791				2
2025.09.09	00:31:42.076	0.86792				2
2025.09.09	00:31:47.294	0.86790	0.86851			6
2025.09.09	00:31:48.358	0.86791				2
2025.09.09	00:31:49.857	0.86790	0.86854			6
2025.09.09	00:31:53.985		0.86855			4
2025.09.09	00:31:55.916		0.86854			4
2025.09.09	00:31:58.296	0.86792				2
2025.09.09	00:32:00.043	0.86792				2
2025.09.09	00:32:14.012		0.86853			4
2025.09.09	00:32:14.729		0.86854			4
2025.09.09	00:32:16.627		0.86853			4
2025.09.09	00:32:18.239		0.86854			4
2025.09.09	00:32:22.254		0.86851			4
2025.09.09	00:32:28.220		0.86852			4
2025.09.09	00:32:34.474		0.86851			4
2025.09.09	00:32:35.409	0.86779	0.86849			6
2025.09.09	00:32:49.201		0.86848			4
2025.09.09	00:32:50.202		0.86849			4
2025.09.09	00:32:59.949		0.86848			4
2025.09.09	00:33:02.044	0.86779				2
2025.09.09	00:33:10.994	0.86776				2
2025.09.09	00:33:11.528	0.86773				2
2025.09.09	00:33:14.730	0.86775				2
2025.09.09	00:33:28.844	0.86770				2
2025.09.09	00:33:29.732	0.86775				2
2025.09.09	00:33:40.098	0.86770				2
2025.09.09	00:33:41.923	0.86775				2
2025.09.09	00:33:54.998		0.86847			4
2025.09.09	00:33:57.982	0.86770				2
2025.09.09	00:33:58.446		0.86846			4
2025.09.09	00:33:58.797	0.86777				2
2025.09.09	00:34:00.518	0.86770	0.86847			6
2025.09.09	00:34:04.218		0.86846			4
2025.09.09	00:34:20.787	0.86776				2
2025.09.09	00:34:28.410	0.86773				2
2025.09.09	00:35:01.211	0.86773				2
2025.09.09	00:35:05.774		0.86846			4
2025.09.09	00:35:12.529	0.86771				2
2025.09.09	00:35:13.457	0.86773	0.86847			6
2025.09.09	00:35:25.959	0.86774				2
2025.09.09	00:35:28.448		0.86846			4
2025.09.09	00:35:29.731	0.86773				2
2025.09.09	00:35:34.110		0.86847			4
2025.09.09	00:35:36.154	0.86776	0.86848			6
2025.09.09	00:35:37.293	0.86773				2
2025.09.09	00:35:38.350	0.86776	0.86847			6
2025.09.09	00:35:41.514	0.86782	0.86853			6
2025.09.09	00:35:41.817	0.86783				2
2025.09.09	00:35:42.347	0.86786				2
2025.09.09	00:35:42.707	0.86788				2
2025.09.09	00:35:43.538		0.86852			4
2025.09.09	00:35:55.816	0.86786				2
2025.09.09	00:35:56.124	0.86783				2
2025.09.09	00:35:57.033	0.86788	0.86851			6
2025.09.09	00:35:57.338	0.86784	0.86852			6
2025.09.09	00:35:58.201	0.86785				2
2025.09.09	00:35:59.030	0.86786	0.86851			6
2025.09.09	00:36:03.089	0.86786				2
2025.09.09	00:36:05.944	0.86784	0.86853			6
2025.09.09	00:36:11.329	0.86789				2
2025.09.09	00:36:17.444	0.86790				2
2025.09.09	00:36:19.238	0.86786	0.86852			6
2025.09.09	00:36:27.298		0.86853			4
2025.09.09	00:37:01.610	0.86786				2
2025.09.09	00:37:21.410	0.86787				2
2025.09.09	00:37:24.258	0.86788	0.86854			6
2025.09.09	00:37:28.442		0.86853			4
2025.09.09	00:37:30.324	0.86790				2
2025.09.09	00:37:37.304		0.86854			4
2025.09.09	00:37:39.371		0.86853			4
2025.09.09	00:37:51.253	0.86788				2
2025.09.09	00:38:01.613	0.86788				2
2025.09.09	00:38:17.311		0.86852			4
2025.09.09	00:38:28.446		0.86853			4
2025.09.09	00:38:32.469	0.86783	0.86851			6
2025.09.09	00:38:32.903	0.86784				2
2025.09.09	00:38:41.449	0.86788	0.86852			6
2025.09.09	00:38:44.182	0.86786				2
2025.09.09	00:39:01.610	0.86786				2
2025.09.09	00:39:32.426	0.86787				2
2025.09.09	00:39:33.320	0.86791				2
2025.09.09	00:39:41.612		0.86852			4
2025.09.09	00:39:47.118	0.86789	0.86850			6
2025.09.09	00:39:48.395	0.86786				2
2025.09.09	00:39:49.060	0.86790	0.86851			6
2025.09.09	00:39:50.077	0.86792				2
2025.09.09	00:39:50.910		0.86850			4
2025.09.09	00:39:51.214		0.86851			4
2025.09.09	00:39:57.383	0.86790				2
2025.09.09	00:39:58.329		0.86850			4
2025.09.09	00:39:59.837		0.86851			4
2025.09.09	00:40:00.609	0.86790				2
2025.09.09	00:40:01.492		0.86850			4
2025.09.09	00:40:10.195		0.86851			4
2025.09.09	00:40:11.056	0.86794				2
2025.09.09	00:40:17.145	0.86795	0.86850			6
2025.09.09	00:40:17.482	0.86794	0.86851			6
2025.09.09	00:40:18.527		0.86850			4
2025.09.09	00:40:27.414		0.86849			4
2025.09.09	00:40:28.446	0.86792	0.86850			6
2025.09.09	00:40:31.224	0.86793				2
2025.09.09	00:40:32.224		0.86849			4
2025.09.09	00:40:35.279		0.86850			4
2025.09.09	00:40:37.290	0.86794	0.86849			6
2025.09.09	00:40:38.336	0.86791	0.86850			6
2025.09.09	00:40:39.391	0.86794	0.86849			6
2025.09.09	00:40:39.812	0.86791				2
2025.09.09	00:40:40.391	0.86793				2
2025.09.09	00:40:48.411		0.86850			4
2025.09.09	00:40:49.577	0.86795				2
2025.09.09	00:40:50.595	0.86793	0.86849			6
2025.09.09	00:40:54.108	0.86795				2
2025.09.09	00:40:56.577	0.86793				2
2025.09.09	00:41:00.101	0.86793				2
2025.09.09	00:41:01.115		0.86851			4
2025.09.09	00:41:01.456		0.86849			4
2025.09.09	00:41:04.386	0.86795				2
2025.09.09	00:41:05.192		0.86850			4
2025.09.09	00:41:05.521		0.86849			4
2025.09.09	00:41:10.123		0.86850			4
2025.09.09	00:41:10.617		0.86849			4
2025.09.09	00:41:11.636	0.86793	0.86850			6
2025.09.09	00:41:12.716		0.86849			4
2025.09.09	00:41:17.040	0.86795				2
2025.09.09	00:41:20.096		0.86850			4
2025.09.09	00:41:21.117		0.86849			4
2025.09.09	00:41:22.135	0.86783				2
2025.09.09	00:41:22.641	0.86781				2
2025.09.09	00:41:23.155	0.86795				2
2025.09.09	00:41:26.217	0.86785				2
2025.09.09	00:41:26.565	0.86794				2
2025.09.09	00:41:37.298	0.86796				2
2025.09.09	00:41:38.157		0.86851			4
2025.09.09	00:41:38.800		0.86850			4
2025.09.09	00:41:40.471		0.86849			4
2025.09.09	00:41:43.197	0.86795				2
2025.09.09	00:41:47.194		0.86850			4
2025.09.09	00:41:48.054		0.86849			4
2025.09.09	00:41:50.335	0.86797				2
2025.09.09	00:42:00.446	0.86797	0.86850			6
2025.09.09	00:42:00.806	0.86792				2
2025.09.09	00:42:03.201	0.86798	0.86851			6
2025.09.09	00:42:04.726		0.86850			4
2025.09.09	00:42:05.354	0.86794				2
2025.09.09	00:42:06.348	0.86796	0.86849			6
2025.09.09	00:42:07.792	0.86794				2
2025.09.09	00:42:08.743	0.86796				2
2025.09.09	00:42:09.956	0.86795				2
2025.09.09	00:42:16.077	0.86787				2
2025.09.09	00:42:17.446	0.86795				2
2025.09.09	00:42:18.984	0.86791				2
2025.09.09	00:42:19.328	0.86795	0.86850			6
2025.09.09	00:42:20.190		0.86849			4
2025.09.09	00:42:31.917		0.86848			4
2025.09.09	00:42:33.418		0.86849			4
2025.09.09	00:42:47.695	0.86797				2
2025.09.09	00:42:57.301	0.86795				2
2025.09.09	00:43:01.463	0.86795				2
2025.09.09	00:43:02.915		0.86848			4
2025.09.09	00:43:03.220	0.86790	0.86849			6
2025.09.09	00:43:04.187	0.86792				2
2025.09.09	00:43:06.918	0.86795				2
2025.09.09	00:43:12.742	0.86794				2
2025.09.09	00:43:17.294		0.86848			4
2025.09.09	00:43:17.781	0.86796				2
2025.09.09	00:43:22.216	0.86794	0.86850			6
2025.09.09	00:43:23.404	0.86797				2
2025.09.09	00:43:24.417	0.86794				2
2025.09.09	00:43:24.722		0.86849			4
2025.09.09	00:43:27.475		0.86850			4
2025.09.09	00:43:28.994		0.86851			4
2025.09.09	00:43:32.096	0.86791	0.86850			6
2025.09.09	00:43:33.073	0.86794				2
2025.09.09	00:43:48.091		0.86849			4
2025.09.09	00:43:52.177		0.86850			4
2025.09.09	00:43:54.215	0.86795				2
2025.09.09	00:43:54.951	0.86794				2
2025.09.09	00:43:57.274	0.86791	0.86849			6
2025.09.09	00:43:58.295	0.86789				2
2025.09.09	00:44:00.338	0.86792				2
2025.09.09	00:44:02.376	0.86791				2
2025.09.09	00:44:02.853	0.86794	0.86850			6
2025.09.09	00:44:07.592		0.86849			4
2025.09.09	00:44:18.443		0.86848			4
2025.09.09	00:44:19.095	0.86788	0.86851			6
2025.09.09	00:44:19.405		0.86849			4
2025.09.09	00:44:19.856		0.86847			4
2025.09.09	00:44:21.617		0.86846			4
2025.09.09	00:44:28.183		0.86845			4
2025.09.09	00:44:28.854	0.86786	0.86846			6
2025.09.09	00:44:29.208	0.86788				2
2025.09.09	00:44:34.893	0.86790				2
2025.09.09	00:44:39.538	0.86784	0.86845			6
2025.09.09	00:44:40.103		0.86844			4
2025.09.09	00:44:43.381		0.86845			4
2025.09.09	00:44:44.422	0.86779				2
2025.09.09	00:44:45.383	0.86781				2
2025.09.09	00:44:47.674	0.86779				2
2025.09.09	00:44:48.042		0.86844			4
2025.09.09	00:44:50.816		0.86842			4
2025.09.09	00:44:54.791		0.86841			4
2025.09.09	00:44:56.724	0.86782	0.86842			6
2025.09.09	00:44:58.400	0.86785				2
2025.09.09	00:44:59.523	0.86786				2
2025.09.09	00:45:00.071	0.86778	0.86841			6
2025.09.09	00:45:00.477		0.86840			4
2025.09.09	00:45:01.611		0.86839			4
2025.09.09	00:45:03.252	0.86790	0.86847			6
2025.09.09	00:45:03.579	0.86789	0.86846			6
2025.09.09	00:45:04.184	0.86790	0.86847			6
2025.09.09	00:45:06.911	0.86778	0.86839			6
2025.09.09	00:45:10.177	0.86790	0.86827			6
2025.09.09	00:45:12.781	0.86789	0.86826			6
2025.09.09	00:45:14.367		0.86827			4
2025.09.09	00:45:15.912	0.86792				2
2025.09.09	00:45:16.996	0.86784				2
2025.09.09	00:45:19.220	0.86790	0.86828			6
2025.09.09	00:45:23.765	0.86784				2
2025.09.09	00:45:24.143	0.86786	0.86827			6
2025.09.09	00:45:26.284	0.86785				2
2025.09.09	00:45:26.785	0.86787	0.86825			6
2025.09.09	00:45:27.917	0.86790	0.86824			6
2025.09.09	00:45:28.434	0.86791	0.86822			6
2025.09.09	00:45:29.880	0.86792				2
2025.09.09	00:45:31.306	0.86791				2
2025.09.09	00:45:51.237	0.86790	0.86823			6
2025.09.09	00:45:52.288	0.86791				2
2025.09.09	00:45:58.504	0.86790	0.86824			6
2025.09.09	00:46:05.685	0.86790				2
2025.09.09	00:46:07.411		0.86823			4
2025.09.09	00:46:18.450	0.86788				2
2025.09.09	00:46:20.619	0.86790	0.86822			6
2025.09.09	00:46:21.169	0.86789	0.86823			6
2025.09.09	00:46:27.684	0.86790				2
2025.09.09	00:46:34.646	0.86791	0.86822			6
2025.09.09	00:46:34.962	0.86790	0.86823			6
2025.09.09	00:46:36.164	0.86788	0.86824			6
2025.09.09	00:46:42.839	0.86790	0.86822			6
2025.09.09	00:46:47.294		0.86823			4
2025.09.09	00:46:48.443	0.86788				2
2025.09.09	00:46:52.407	0.86787				2
2025.09.09	00:46:53.917	0.86788	0.86822			6
2025.09.09	00:46:57.298	0.86789				2
2025.09.09	00:46:58.440	0.86788	0.86823			6
2025.09.09	00:47:01.106	0.86790	0.86821			6
2025.09.09	00:47:03.326	0.86796	0.86829			6
2025.09.09	00:47:06.054	0.86797	0.86830			6
2025.09.09	00:47:06.963	0.86790	0.86821			6
2025.09.09	00:47:08.346	0.86791				2
2025.09.09	00:47:14.000		0.86820			4
2025.09.09	00:47:19.217	0.86792				2
2025.09.09	00:47:22.024	0.86791	0.86821			6
2025.09.09	00:47:35.006	0.86790				2
2025.09.09	00:47:40.649	0.86789				2
2025.09.09	00:47:48.443	0.86788	0.86822			6
2025.09.09	00:48:01.611	0.86788				2
2025.09.09	00:48:05.084		0.86823			4
2025.09.09	00:48:08.152	0.86787				2
2025.09.09	00:48:08.458		0.86824			4
2025.09.09	00:48:18.450	0.86788	0.86823			6
2025.09.09	00:48:27.288		0.86824			4
2025.09.09	00:48:28.359	0.86787				2
2025.09.09	00:48:38.446		0.86823			4
2025.09.09	00:48:51.439	0.86791				2
2025.09.09	00:48:53.404	0.86788				2
2025.09.09	00:48:54.226	0.86793				2
2025.09.09	00:48:59.716		0.86824			4
2025.09.09	00:49:01.613	0.86793				2
2025.09.09	00:49:03.637	0.86794				2
2025.09.09	00:49:07.063		0.86823			4
2025.09.09	00:49:17.288		0.86824			4
2025.09.09	00:49:19.307	0.86792				2
2025.09.09	00:49:22.323	0.86794				2
2025.09.09	00:49:23.456		0.86825			4
2025.09.09	00:49:25.288	0.86795				2
2025.09.09	00:49:28.350	0.86791				2
2025.09.09	00:49:31.967	0.86790				2
2025.09.09	00:49:36.700	0.86788	0.86824			6
2025.09.09	00:49:37.381	0.86789				2
2025.09.09	00:49:40.981		0.86827			4
2025.09.09	00:49:41.575		0.86826			4
2025.09.09	00:49:48.524	0.86790				2
2025.09.09	00:49:49.132	0.86789	0.86827			6
2025.09.09	00:49:52.075	0.86790				2
2025.09.09	00:49:53.118		0.86826			4
2025.09.09	00:49:55.037		0.86827			4
2025.09.09	00:49:55.547		0.86826			4
2025.09.09	00:50:01.522	0.86790	0.86827			6
2025.09.09	00:50:04.814	0.86789	0.86826			6
2025.09.09	00:50:05.871		0.86827			4
2025.09.09	00:50:09.423	0.86792				2
2025.09.09	00:50:12.556	0.86796				2
2025.09.09	00:50:13.217		0.86828			4
2025.09.09	00:50:14.346	0.86790				2
2025.09.09	00:50:17.873		0.86827			4
2025.09.09	00:50:22.812	0.86796	0.86828			6
2025.09.09	00:50:30.619		0.86829			4
2025.09.09	00:50:47.299	0.86792	0.86828			6
2025.09.09	00:50:47.871	0.86789				2
2025.09.09	00:50:51.599	0.86791	0.86829			6
2025.09.09	00:50:57.301		0.86828			4
2025.09.09	00:50:57.913	0.86796				2
2025.09.09	00:51:01.087	0.86796				2
2025.09.09	00:51:05.117		0.86829			4
2025.09.09	00:51:07.294	0.86792				2
2025.09.09	00:51:08.118		0.86828			4
2025.09.09	00:51:08.428		0.86827			4
2025.09.09	00:51:09.477	0.86791				2
2025.09.09	00:51:17.427	0.86796	0.86828			6
2025.09.09	00:51:47.300	0.86792	0.86827			6
2025.09.09	00:51:48.311	0.86790				2
2025.09.09	00:51:55.852	0.86786				2
2025.09.09	00:51:56.293		0.86826			4
2025.09.09	00:52:00.018	0.86786				2
2025.09.09	00:52:07.297	0.86787				2
2025.09.09	00:52:08.343	0.86796	0.86828			6
2025.09.09	00:52:27.316		0.86827			4
2025.09.09	00:52:38.450	0.86792	0.86826			6
2025.09.09	00:52:43.524	0.86796	0.86828			6
2025.09.09	00:52:47.665	0.86794				2
2025.09.09	00:52:52.521		0.86827			4
2025.09.09	00:52:58.877	0.86792	0.86826			6
2025.09.09	00:53:00.070	0.86792				2
2025.09.09	00:53:11.051	0.86795	0.86827			6
2025.09.09	00:53:12.985		0.86828			4
2025.09.09	00:53:14.667	0.86797				2
2025.09.09	00:53:17.294	0.86795	0.86827			6
2025.09.09	00:53:18.776	0.86792	0.86826			6
2025.09.09	00:53:19.208	0.86793				2
2025.09.09	00:53:27.294	0.86800	0.86827			6
2025.09.09	00:53:27.799	0.86801				2
2025.09.09	00:53:37.387	0.86796	0.86828			6
2025.09.09	00:53:42.178	0.86799				2
2025.09.09	00:53:43.213	0.86795	0.86829			6
2025.09.09	00:53:43.558	0.86797				2
2025.09.09	00:53:44.518	0.86795				2
2025.09.09	00:53:47.294	0.86805	0.86830			6
2025.09.09	00:53:53.152	0.86806				2
2025.09.09	00:53:53.864	0.86805				2
2025.09.09	00:53:54.212	0.86797	0.86829			6
2025.09.09	00:53:57.294	0.86802				2
2025.09.09	00:54:02.161	0.86804				2
2025.09.09	00:54:03.651		0.86830			4
2025.09.09	00:54:10.072	0.86792				2
2025.09.09	00:54:16.546		0.86831			4
2025.09.09	00:54:27.292		0.86829			4
2025.09.09	00:54:35.736	0.86790	0.86828			6
2025.09.09	00:54:36.730	0.86792	0.86829			6
2025.09.09	00:54:43.292		0.86830			4
2025.09.09	00:54:47.818		0.86829			4
2025.09.09	00:54:48.438	0.86791				2
2025.09.09	00:54:50.592		0.86827			4
2025.09.09	00:54:53.278		0.86826			4
2025.09.09	00:54:53.711		0.86828			4
2025.09.09	00:54:58.216		0.86829			4
2025.09.09	00:54:59.007		0.86827			4
2025.09.09	00:55:04.216	0.86791				2
2025.09.09	00:55:04.696	0.86789	0.86826			6
2025.09.09	00:55:04.998		0.86827			4
2025.09.09	00:55:05.305	0.86791				2
2025.09.09	00:55:07.409		0.86826			4
2025.09.09	00:55:11.055	0.86793				2
2025.09.09	00:55:18.448	0.86789	0.86827			6
2025.09.09	00:55:21.523	0.86786	0.86826			6
2025.09.09	00:55:27.729		0.86827			4
2025.09.09	00:55:31.507	0.86788				2
2025.09.09	00:55:31.933	0.86790				2
2025.09.09	00:55:32.239	0.86792	0.86828			6
2025.09.09	00:55:34.003	0.86785				2
2025.09.09	00:55:37.233	0.86788	0.86829			6
2025.09.09	00:55:37.727	0.86787	0.86830			6
2025.09.09	00:55:40.577	0.86789	0.86829			6
2025.09.09	00:55:43.511		0.86831			4
2025.09.09	00:55:44.606		0.86830			4
2025.09.09	00:55:45.469	0.86791				2
2025.09.09	00:55:45.817	0.86788				2
2025.09.09	00:55:48.548		0.86831			4
2025.09.09	00:55:58.939	0.86786	0.86828			6
2025.09.09	00:56:00.187	0.86788				2
2025.09.09	00:56:07.240	0.86787				2
2025.09.09	00:56:08.707		0.86829			4
2025.09.09	00:56:10.282	0.86789	0.86828			6
2025.09.09	00:56:14.147	0.86787				2
2025.09.09	00:56:20.179	0.86786				2
2025.09.09	00:56:20.517	0.86782				2
2025.09.09	00:56:21.528	0.86787				2
2025.09.09	00:56:23.242		0.86825			4
2025.09.09	00:56:23.919	0.86782				2
2025.09.09	00:56:27.870	0.86790				2
2025.09.09	00:56:30.391	0.86794				2
2025.09.09	00:56:32.086	0.86791	0.86826			6
2025.09.09	00:56:32.433		0.86827			4
2025.09.09	00:56:37.217	0.86780	0.86824			6
2025.09.09	00:56:37.519		0.86822			4
2025.09.09	00:56:40.881	0.86782				2
2025.09.09	00:56:48.843	0.86779				2
2025.09.09	00:56:49.458	0.86782	0.86824			6
2025.09.09	00:56:50.273	0.86783	0.86827			6
2025.09.09	00:56:50.575	0.86786				2
2025.09.09	00:56:51.517	0.86788	0.86828			6
2025.09.09	00:56:57.293	0.86783				2
2025.09.09	00:56:58.029	0.86781	0.86826			6
2025.09.09	00:56:58.531	0.86778	0.86825			6
2025.09.09	00:56:59.270	0.86780	0.86822			6
2025.09.09	00:57:00.317	0.86780				2
2025.09.09	00:57:03.150		0.86823			4
2025.09.09	00:57:06.152	0.86779				2
2025.09.09	00:57:07.265	0.86778	0.86824			6
2025.09.09	00:57:07.602		0.86823			4
2025.09.09	00:57:09.617	0.86780	0.86822			6
2025.09.09	00:57:10.156	0.86781	0.86821			6
2025.09.09	00:57:12.541		0.86822			4
2025.09.09	00:57:19.640	0.86778	0.86824			6
2025.09.09	00:57:28.817	0.86777				2
2025.09.09	00:57:30.578	0.86778	0.86823			6
2025.09.09	00:57:37.522	0.86779				2
2025.09.09	00:57:41.036	0.86778	0.86824			6
2025.09.09	00:57:46.418		0.86826			4
2025.09.09	00:57:47.978	0.86783	0.86827			6
2025.09.09	00:57:48.909	0.86786	0.86828			6
2025.09.09	00:57:50.490	0.86789	0.86830			6
2025.09.09	00:57:50.799	0.86783	0.86826			6
2025.09.09	00:57:51.615	0.86779				2
2025.09.09	00:57:51.968		0.86825			4
2025.09.09	00:57:52.464	0.86778				2
2025.09.09	00:57:57.334	0.86776				2
2025.09.09	00:57:59.043	0.86778				2
2025.09.09	00:57:59.448	0.86777				2
2025.09.09	00:58:00.316	0.86777				2
2025.09.09	00:58:02.673	0.86778				2
2025.09.09	00:58:04.971	0.86779	0.86824			6
2025.09.09	00:58:14.979	0.86811	0.86843			6
2025.09.09	00:58:15.353		0.86844			4
2025.09.09	00:58:16.550	0.86810				2
2025.09.09	00:58:17.024	0.86807	0.86842			6
2025.09.09	00:58:18.455	0.86809				2
2025.09.09	00:58:25.023	0.86811				2
2025.09.09	00:58:30.849	0.86810				2
2025.09.09	00:58:37.095	0.86808				2
2025.09.09	00:58:38.444		0.86843			4
2025.09.09	00:58:42.142	0.86807				2
2025.09.09	00:58:43.220	0.86806				2
2025.09.09	00:58:47.016	0.86809	0.86848			6
2025.09.09	00:58:48.149		0.86849			4
2025.09.09	00:58:51.321	0.86808	0.86850			6
2025.09.09	00:58:57.048	0.86811	0.86847			6
2025.09.09	00:58:59.240	0.86813	0.86845			6
2025.09.09	00:59:00.359	0.86811	0.86848			6
2025.09.09	00:59:01.613	0.86810	0.86841			6
2025.09.09	00:59:05.551	0.86812				2
2025.09.09	00:59:15.063	0.86811				2
2025.09.09	00:59:20.631	0.86810				2
2025.09.09	00:59:28.235	0.86811	0.86840			6
2025.09.09	00:59:29.383	0.86810	0.86841			6
2025.09.09	00:59:32.365	0.86811				2
2025.09.09	00:59:32.982	0.86805				2
2025.09.09	00:59:33.297	0.86804	0.86842			6
2025.09.09	00:59:38.337	0.86803	0.86843			6
2025.09.09	00:59:52.298	0.86801	0.86845			6
2025.09.09	00:59:55.459	0.86806	0.86846			6
2025.09.09	00:59:56.151	0.86802				2
2025.09.09	00:59:57.235	0.86806	0.86847			6
2025.09.09	00:59:57.721	0.86805				2
2025.09.09	00:59:58.044	0.86804				2
2025.09.09	00:59:58.447		0.86846			4
2025.09.09	00:59:59.041	0.86802				2
2025.09.09	00:59:59.359	0.86806				2
2025.09.09	01:00:00.188	0.86805	0.86845			6
2025.09.09	01:00:00.498	0.86807	0.86844			6
2025.09.09	01:00:00.808	0.86808	0.86842			6
2025.09.09	01:00:01.118	0.86807				2
2025.09.09	01:00:01.422	0.86804	0.86847			6
2025.09.09	01:00:01.736	0.86805				2
2025.09.09	01:00:02.721	0.86809	0.86842			6
2025.09.09	01:00:03.023	0.86813	0.86840			6
2025.09.09	01:00:03.536		0.86845			4
2025.09.09	01:00:03.958	0.86814	0.86843			6
2025.09.09	01:00:04.380	0.86809	0.86850			6
2025.09.09	01:00:04.706	0.86798				2
2025.09.09	01:00:05.008	0.86807				2
2025.09.09	01:00:05.310	0.86809	0.86849			6
2025.09.09	01:00:07.132	0.86810	0.86850			6
2025.09.09	01:00:07.738		0.86851			4
2025.09.09	01:00:08.039	0.86812	0.86845			6
2025.09.09	01:00:08.823		0.86843			4
2025.09.09	01:00:09.250		0.86845			4
2025.09.09	01:00:09.961		0.86843			4
2025.09.09	01:00:11.054		0.86844			4
2025.09.09	01:00:12.205		0.86845			4
2025.09.09	01:00:13.304	0.86814	0.86843			6
2025.09.09	01:00:14.807		0.86841			4
2025.09.09	01:00:15.233	0.86817	0.86845			6
2025.09.09	01:00:17.339		0.86844			4
2025.09.09	01:00:20.851	0.86827	0.86842			6
2025.09.09	01:00:21.179	0.86828				2
2025.09.09	01:00:21.482	0.86829	0.86843			6
2025.09.09	01:00:22.352	0.86828	0.86845			6
2025.09.09	01:00:22.748	0.86813	0.86842			6
2025.09.09	01:00:23.753		0.86840			4
2025.09.09	01:00:24.132		0.86841			4
2025.09.09	01:00:27.134	0.86825	0.86842			6
2025.09.09	01:00:27.805	0.86826	0.86843			6
2025.09.09	01:00:28.127	0.86825	0.86842			6
2025.09.09	01:00:30.024	0.86826	0.86844			6
2025.09.09	01:00:30.360	0.86822	0.86842			6
2025.09.09	01:00:32.524		0.86843			4
2025.09.09	01:00:33.716	0.86817	0.86840			6
2025.09.09	01:00:34.451		0.86841			4
2025.09.09	01:00:35.520	0.86814				2
2025.09.09	01:00:35.831	0.86815				2
2025.09.09	01:00:38.102		0.86842			4
2025.09.09	01:00:39.586		0.86841			4
2025.09.09	01:00:43.817		0.86840			4
2025.09.09	01:00:46.349	0.86821	0.86838			6
2025.09.09	01:00:47.298	0.86815	0.86832			6
2025.09.09	01:00:49.556		0.86831			4
2025.09.09	01:00:53.942	0.86816				2
2025.09.09	01:00:54.858		0.86839			4
2025.09.09	01:00:55.163	0.86820	0.86837			6
2025.09.09	01:00:55.776	0.86819				2
2025.09.09	01:00:58.938	0.86820				2
2025.09.09	01:00:59.364	0.86824	0.86841			6
2025.09.09	01:00:59.753	0.86823				2
2025.09.09	01:01:00.293	0.86826	0.86844			6
2025.09.09	01:01:00.601	0.86825	0.86842			6
2025.09.09	01:01:01.382	0.86828				2
2025.09.09	01:01:02.412	0.86827	0.86844			6
2025.09.09	01:01:02.776	0.86828	0.86845			6
2025.09.09	01:01:03.300	0.86829				2
2025.09.09	01:01:04.997		0.86846			4
2025.09.09	01:01:05.784	0.86828	0.86845			6
2025.09.09	01:01:06.646	0.86827	0.86844			6
2025.09.09	01:01:07.806	0.86828				2
2025.09.09	01:01:09.484	0.86813	0.86837			6
2025.09.09	01:01:09.789	0.86814				2
2025.09.09	01:01:10.443	0.86812				2
2025.09.09	01:01:10.751	0.86814				2
2025.09.09	01:01:11.059	0.86812				2
2025.09.09	01:01:11.379		0.86835			4
2025.09.09	01:01:11.681	0.86814				2
2025.09.09	01:01:12.419	0.86812	0.86837			6
2025.09.09	01:01:12.747	0.86814				2
2025.09.09	01:01:13.133		0.86835			4
2025.09.09	01:01:13.438	0.86820	0.86837			6
2025.09.09	01:01:13.740	0.86814				2
2025.09.09	01:01:14.070	0.86812				2
2025.09.09	01:01:14.378	0.86816				2
2025.09.09	01:01:14.779	0.86815				2
2025.09.09	01:01:15.082	0.86819				2
2025.09.09	01:01:15.385	0.86818				2
2025.09.09	01:01:15.691	0.86812				2
2025.09.09	01:01:16.016	0.86820				2
2025.09.09	01:01:16.317	0.86816	0.86835			6
2025.09.09	01:01:16.743	0.86815				2
2025.09.09	01:01:17.062	0.86812				2
2025.09.09	01:01:17.364	0.86815				2
2025.09.09	01:01:17.755		0.86837			4
2025.09.09	01:01:18.076	0.86820				2
2025.09.09	01:01:18.378	0.86812	0.86835			6
2025.09.09	01:01:18.698	0.86816				2
2025.09.09	01:01:19.013	0.86814				2
2025.09.09	01:01:19.327	0.86816				2
2025.09.09	01:01:19.637	0.86815				2
2025.09.09	01:01:19.941	0.86812				2
2025.09.09	01:01:20.248	0.86816				2
2025.09.09	01:01:20.960	0.86829	0.86840			6
2025.09.09	01:01:21.368	0.86828	0.86842			6
2025.09.09	01:01:21.679		0.86840			4
2025.09.09	01:01:24.076		0.86839			4
2025.09.09	01:01:25.431		0.86843			4
2025.09.09	01:01:25.745		0.86842			4
2025.09.09	01:01:26.080		0.86843			4
2025.09.09	01:01:26.584	0.86827	0.86841			6
2025.09.09	01:01:26.897		0.86839			4
2025.09.09	01:01:27.305		0.86840			4
2025.09.09	01:01:29.535		0.86841			4
2025.09.09	01:01:30.277		0.86840			4
2025.09.09	01:01:30.792	0.86829	0.86838			6
2025.09.09	01:01:31.306	0.86828				2
2025.09.09	01:01:32.234	0.86827	0.86841			6
2025.09.09	01:01:33.119	0.86829	0.86844			6
2025.09.09	01:01:34.376		0.86846			4
2025.09.09	01:01:36.918		0.86845			4
2025.09.09	01:01:37.712		0.86846			4
2025.09.09	01:01:38.970	0.86828				2
2025.09.09	01:01:41.284	0.86830				2
2025.09.09	01:01:42.319	0.86829				2
2025.09.09	01:01:50.457	0.86828	0.86844			6
2025.09.09	01:01:52.420	0.86829				2
2025.09.09	01:01:57.844		0.86845			4
2025.09.09	01:01:58.323	0.86831				2
2025.09.09	01:01:59.475		0.86844			4
2025.09.09	01:02:00.332	0.86831	0.86845			6
2025.09.09	01:02:01.291		0.86844			4
2025.09.09	01:02:02.246		0.86845			4
2025.09.09	01:02:08.208		0.86846			4
2025.09.09	01:02:14.957	0.86832	0.86841			6
2025.09.09	01:02:21.506	0.86833				2
2025.09.09	01:02:31.576		0.86845			4
2025.09.09	01:02:32.943	0.86830	0.86841			6
2025.09.09	01:02:47.417	0.86829				2
2025.09.09	01:02:56.408	0.86830				2
2025.09.09	01:02:58.376	0.86829				2
2025.09.09	01:03:00.382	0.86829				2
2025.09.09	01:03:03.483	0.86830				2
2025.09.09	01:03:16.428	0.86829				2
2025.09.09	01:03:22.520		0.86840			4
2025.09.09	01:03:25.391		0.86839			4
2025.09.09	01:03:30.942		0.86840			4
2025.09.09	01:03:35.239		0.86841			4
2025.09.09	01:03:38.824	0.86830				2
2025.09.09	01:03:50.416	0.86829				2
2025.09.09	01:04:00.403	0.86829				2
2025.09.09	01:04:04.160	0.86830	0.86840			6
2025.09.09	01:04:15.657	0.86829				2
2025.09.09	01:04:24.916	0.86826				2
2025.09.09	01:04:25.217	0.86827				2
2025.09.09	01:04:26.346		0.86839			4
2025.09.09	01:04:32.012		0.86838			4
2025.09.09	01:04:33.016		0.86839			4
2025.09.09	01:04:34.345		0.86838			4
2025.09.09	01:04:35.451		0.86839			4
2025.09.09	01:04:47.690	0.86826	0.86837			6
2025.09.09	01:05:00.046	0.86826				2
2025.09.09	01:05:00.447		0.86839			4
2025.09.09	01:05:01.235	0.86825	0.86838			6
2025.09.09	01:05:01.537		0.86837			4
2025.09.09	01:05:05.417	0.86826	0.86836			6
2025.09.09	01:05:06.724	0.86827	0.86837			6
2025.09.09	01:05:08.418		0.86838			4
2025.09.09	01:05:11.824		0.86839			4
2025.09.09	01:05:15.776		0.86830			4
2025.09.09	01:05:40.976	0.86826				2
2025.09.09	01:05:41.279	0.86825				2
2025.09.09	01:05:41.885	0.86824				2
2025.09.09	01:05:43.999	0.86823				2
2025.09.09	01:05:44.467	0.86824				2
2025.09.09	01:05:50.400	0.86823				2
2025.09.09	01:06:01.828	0.86826				2
2025.09.09	01:06:08.919	0.86827				2
2025.09.09	01:06:18.149		0.86830			4
2025.09.09	01:06:25.026	0.86826				2
2025.09.09	01:06:33.299	0.86825				2
2025.09.09	01:06:34.099	0.86826				2
2025.09.09	01:06:41.577	0.86828	0.86831			6
2025.09.09	01:06:53.377	0.86827				2
2025.09.09	01:07:00.903	0.86827				2
2025.09.09	01:07:02.424	0.86826				2
2025.09.09	01:07:04.192	0.86827				2
2025.09.09	01:07:41.612		0.86831			4
2025.09.09	01:07:45.060	0.86826				2
2025.09.09	01:07:45.469	0.86827				2
2025.09.09	01:07:51.917	0.86828				2
2025.09.09	01:07:53.373	0.86827				2
2025.09.09	01:07:57.320	0.86826				2
2025.09.09	01:08:01.899	0.86826				2
2025.09.09	01:08:02.211	0.86827				2
2025.09.09	01:08:02.804	0.86828				2
2025.09.09	01:08:07.015	0.86829				2
2025.09.09	01:08:16.625	0.86827				2
2025.09.09	01:08:19.571	0.86829				2
2025.09.09	01:08:21.579	0.86827				2
2025.09.09	01:08:37.236	0.86828				2
2025.09.09	01:08:37.988	0.86821	0.86822			6
2025.09.09	01:08:38.300	0.86820				2
2025.09.09	01:08:38.618	0.86821				2
2025.09.09	01:08:38.941	0.86819	0.86821			6
2025.09.09	01:08:39.271	0.86821	0.86822			6
2025.09.09	01:08:42.415	0.86828	0.86833			6
2025.09.09	01:08:48.450	0.86827				2
2025.09.09	01:08:53.754	0.86828				2
2025.09.09	01:08:56.264	0.86827				2
2025.09.09	01:08:58.413	0.86828				2
2025.09.09	01:09:00.353	0.86828				2
2025.09.09	01:09:43.424		0.86833			4
2025.09.09	01:10:00.384	0.86828				2
2025.09.09	01:10:00.685	0.86827				2
2025.09.09	01:10:01.253	0.86826				2
2025.09.09	01:10:02.735	0.86825				2
2025.09.09	01:10:34.345	0.86824				2
2025.09.09	01:10:42.612		0.86836			4
2025.09.09	01:10:43.387		0.86837			4
2025.09.09	01:10:44.741	0.86825				2
2025.09.09	01:10:45.396	0.86820	0.86824			6
2025.09.09	01:10:45.699	0.86815	0.86822			6
2025.09.09	01:10:46.008	0.86817				2
2025.09.09	01:10:46.331	0.86815	0.86821			6
2025.09.09	01:10:46.638		0.86822			4
2025.09.09	01:10:46.949	0.86819	0.86825			6
2025.09.09	01:10:47.258	0.86815	0.86822			6
2025.09.09	01:10:47.558	0.86817				2
2025.09.09	01:10:47.907	0.86815	0.86821			6
2025.09.09	01:10:48.629	0.86820	0.86826			6
2025.09.09	01:10:48.940	0.86815	0.86821			6
2025.09.09	01:10:49.284	0.86817	0.86822			6
2025.09.09	01:10:49.656	0.86815	0.86821			6
2025.09.09	01:10:50.048	0.86817	0.86822			6
2025.09.09	01:10:50.411	0.86816	0.86821			6
2025.09.09	01:10:50.790	0.86819	0.86822			6
2025.09.09	01:10:51.165	0.86815	0.86821			6
2025.09.09	01:10:51.533	0.86819	0.86822			6
2025.09.09	01:10:51.919	0.86815	0.86821			6
2025.09.09	01:10:52.223	0.86817	0.86822			6
2025.09.09	01:10:52.537	0.86813	0.86821			6
2025.09.09	01:10:52.911	0.86818	0.86822			6
2025.09.09	01:10:53.270	0.86813	0.86821			6
2025.09.09	01:10:53.627	0.86818	0.86822			6
2025.09.09	01:10:53.984	0.86814	0.86821			6
2025.09.09	01:10:54.294	0.86815				2
2025.09.09	01:10:54.632	0.86820	0.86826			6
2025.09.09	01:10:54.937	0.86815	0.86821			6
2025.09.09	01:10:55.394	0.86814				2
2025.09.09	01:10:55.779	0.86816	0.86822			6
2025.09.09	01:10:56.118	0.86820	0.86826			6
2025.09.09	01:10:56.424	0.86814	0.86822			6
2025.09.09	01:10:56.734	0.86818				2
2025.09.09	01:10:57.077	0.86814	0.86821			6
2025.09.09	01:10:57.377	0.86817	0.86822			6
2025.09.09	01:10:57.692	0.86814	0.86821			6
2025.09.09	01:10:58.354	0.86820	0.86826			6
2025.09.09	01:10:58.659	0.86816	0.86822			6
2025.09.09	01:10:58.981	0.86818				2
2025.09.09	01:10:59.303	0.86822	0.86829			6
2025.09.09	01:10:59.618	0.86816	0.86822			6
2025.09.09	01:10:59.921	0.86815				2
2025.09.09	01:11:00.736	0.86815				2
2025.09.09	01:11:02.276	0.86816				2
2025.09.09	01:11:12.316	0.86815				2
2025.09.09	01:11:17.161	0.86822	0.86829			6
2025.09.09	01:11:20.441		0.86827			4
2025.09.09	01:11:23.193	0.86821				2
2025.09.09	01:11:43.216	0.86822				2
2025.09.09	01:11:43.920	0.86821				2
2025.09.09	01:11:55.216	0.86820				2
2025.09.09	01:11:59.117	0.86821				2
2025.09.09	01:12:00.157	0.86821				2
2025.09.09	01:12:03.492	0.86822				2
2025.09.09	01:12:17.214	0.86821				2
2025.09.09	01:12:18.374	0.86820				2
2025.09.09	01:12:21.470		0.86827			4
2025.09.09	01:12:22.906		0.86826			4
2025.09.09	01:12:27.289	0.86821				2
2025.09.09	01:12:33.691	0.86820				2
2025.09.09	01:12:35.180	0.86821				2
2025.09.09	01:12:37.937		0.86825			4
2025.09.09	01:12:39.059		0.86826			4
2025.09.09	01:12:40.079		0.86825			4
2025.09.09	01:12:43.809	0.86822				2
2025.09.09	01:12:45.376	0.86825	0.86829			6
2025.09.09	01:12:49.818	0.86824				2
2025.09.09	01:12:59.081	0.86825				2
2025.09.09	01:13:00.072	0.86825				2
2025.09.09	01:13:03.276	0.86824				2
2025.09.09	01:13:18.324	0.86830	0.86833			6
2025.09.09	01:14:00.473	0.86830				2
2025.09.09	01:14:01.050		0.86834			4
2025.09.09	01:14:02.421	0.86831				2
2025.09.09	01:14:04.155	0.86830				2
2025.09.09	01:14:09.034	0.86827	0.86831			6
2025.09.09	01:14:23.377	0.86826				2
2025.09.09	01:14:27.831	0.86827				2
2025.09.09	01:14:34.412	0.86828				2
2025.09.09	01:14:36.719	0.86827				2
2025.09.09	01:14:47.421	0.86828				2
2025.09.09	01:14:48.408	0.86827				2
2025.09.09	01:14:51.447	0.86828				2
2025.09.09	01:15:00.381	0.86828				2
2025.09.09	01:15:00.839	0.86827				2
2025.09.09	01:15:03.500		0.86833			4
2025.09.09	01:15:16.214		0.86834			4
2025.09.09	01:15:25.373	0.86828				2
2025.09.09	01:15:32.716	0.86827				2
2025.09.09	01:15:48.094	0.86828				2
2025.09.09	01:15:55.426	0.86827				2
2025.09.09	01:15:59.116	0.86828				2
2025.09.09	01:16:01.613	0.86828				2
2025.09.09	01:16:02.649	0.86827				2
2025.09.09	01:16:16.379	0.86828	0.86834			6
2025.09.09	01:17:00.206	0.86828				2
2025.09.09	01:17:02.506	0.86827				2
2025.09.09	01:17:05.471	0.86828				2
2025.09.09	01:17:12.357	0.86827				2
2025.09.09	01:17:14.251	0.86828				2
2025.09.09	01:17:16.090	0.86827				2
2025.09.09	01:17:16.529		0.86834			4
2025.09.09	01:17:20.379	0.86828				2
2025.09.09	01:17:36.686	0.86831	0.86835			6
2025.09.09	01:17:37.084	0.86829	0.86834			6
2025.09.09	01:17:37.483		0.86835			4
2025.09.09	01:17:38.540	0.86830				2
2025.09.09	01:17:38.877	0.86828				2
2025.09.09	01:17:39.815	0.86829				2
2025.09.09	01:17:41.163	0.86828				2
2025.09.09	01:17:41.829	0.86829				2
2025.09.09	01:17:42.208	0.86828				2
2025.09.09	01:17:43.881	0.86829				2
2025.09.09	01:17:44.217	0.86828				2
2025.09.09	01:17:46.189	0.86829				2
2025.09.09	01:17:47.389	0.86828				2
2025.09.09	01:17:48.058	0.86829				2
2025.09.09	01:17:48.424	0.86828				2
2025.09.09	01:17:50.079	0.86829				2
2025.09.09	01:17:50.500	0.86828				2
2025.09.09	01:17:51.228	0.86829				2
2025.09.09	01:17:51.814	0.86828				2
2025.09.09	01:17:54.254	0.86829				2
2025.09.09	01:17:54.586	0.86827	0.86833			6
2025.09.09	01:17:54.899	0.86828				2
2025.09.09	01:17:55.378	0.86829				2
2025.09.09	01:17:59.494	0.86830				2
2025.09.09	01:18:00.253	0.86830				2
2025.09.09	01:18:00.648	0.86827				2
2025.09.09	01:18:03.473	0.86828				2
2025.09.09	01:18:04.972	0.86829				2
2025.09.09	01:18:08.415	0.86828				2
2025.09.09	01:18:08.718	0.86830				2
2025.09.09	01:18:10.354		0.86832			4
2025.09.09	01:18:12.690	0.86829	0.86836			6
2025.09.09	01:18:13.000	0.86828	0.86833			6
2025.09.09	01:18:13.300		0.86832			4
2025.09.09	01:18:13.636	0.86829				2
2025.09.09	01:18:13.941	0.86828				2
2025.09.09	01:18:19.379	0.86831	0.86839			6
2025.09.09	01:18:19.698		0.86836			4
2025.09.09	01:18:20.137		0.86835			4
2025.09.09	01:18:22.381	0.86832				2
2025.09.09	01:18:28.100	0.86831	0.86837			6
2025.09.09	01:18:30.412		0.86835			4
2025.09.09	01:18:31.481	0.86832	0.86837			6
2025.09.09	01:18:46.946	0.86831	0.86835			6
2025.09.09	01:18:47.286		0.86837			4
2025.09.09	01:18:53.872		0.86833			4
2025.09.09	01:18:55.332	0.86830				2
2025.09.09	01:18:56.360	0.86829				2
2025.09.09	01:19:00.209	0.86829				2
2025.09.09	01:19:00.584	0.86828				2
2025.09.09	01:19:01.140	0.86829				2
2025.09.09	01:19:01.460	0.86828				2
2025.09.09	01:19:02.167		0.86832			4
2025.09.09	01:19:02.850	0.86829				2
2025.09.09	01:19:04.834	0.86828				2
2025.09.09	01:19:05.721	0.86829				2
2025.09.09	01:19:06.063	0.86828				2
2025.09.09	01:19:06.916	0.86829				2
2025.09.09	01:19:08.120		0.86833			4
2025.09.09	01:19:09.972		0.86832			4
2025.09.09	01:19:10.657	0.86830				2
2025.09.09	01:19:11.064	0.86829				2
2025.09.09	01:19:17.885	0.86830				2
2025.09.09	01:19:20.664	0.86829				2
2025.09.09	01:19:21.849	0.86828				2
2025.09.09	01:19:22.893	0.86829				2
2025.09.09	01:19:30.918	0.86828				2
2025.09.09	01:19:34.161	0.86832	0.86836			6
2025.09.09	01:19:39.053	0.86831				2
2025.09.09	01:19:39.365	0.86830				2
2025.09.09	01:19:40.089		0.86832			4
2025.09.09	01:19:40.418	0.86829				2
2025.09.09	01:19:42.521	0.86830				2
2025.09.09	01:19:45.338	0.86829				2
2025.09.09	01:19:46.788	0.86830				2
2025.09.09	01:19:52.816	0.86829				2
2025.09.09	01:19:56.086	0.86830				2
2025.09.09	01:19:58.645	0.86829				2
2025.09.09	01:20:00.295	0.86829				2
2025.09.09	01:20:00.628	0.86831				2
2025.09.09	01:20:40.367		0.86832			4
2025.09.09	01:20:40.712	0.86830				2
2025.09.09	01:20:43.352	0.86829				2
2025.09.09	01:20:43.694	0.86828				2
2025.09.09	01:20:45.072	0.86830				2
2025.09.09	01:20:50.419	0.86831	0.86837			6
2025.09.09	01:20:52.377	0.86830	0.86835			6
2025.09.09	01:21:01.756	0.86830				2
2025.09.09	01:21:28.117	0.86831				2
2025.09.09	01:21:30.724	0.86830				2
2025.09.09	01:21:41.418	0.86831				2
2025.09.09	01:21:44.451	0.86830				2
2025.09.09	01:21:45.838	0.86831				2
2025.09.09	01:21:48.803	0.86830				2
2025.09.09	01:21:54.319		0.86835			4
2025.09.09	01:22:00.764	0.86830				2
2025.09.09	01:22:34.391	0.86831				2
2025.09.09	01:22:34.737	0.86830				2
2025.09.09	01:22:36.420	0.86831				2
2025.09.09	01:22:37.295	0.86830				2
2025.09.09	01:22:38.536	0.86826	0.86833			6
2025.09.09	01:22:38.903		0.86832			4
2025.09.09	01:22:40.317		0.86831			4
2025.09.09	01:22:45.044	0.86828	0.86835			6
2025.09.09	01:22:51.816		0.86834			4
2025.09.09	01:22:59.522	0.86829				2
2025.09.09	01:23:00.525	0.86829				2
2025.09.09	01:23:02.732	0.86828				2
2025.09.09	01:23:07.413	0.86829				2
2025.09.09	01:23:07.781	0.86828				2
2025.09.09	01:23:20.624		0.86833			4
2025.09.09	01:23:38.105		0.86834			4
2025.09.09	01:23:52.477	0.86824				2
2025.09.09	01:23:52.781	0.86825				2
2025.09.09	01:23:53.099	0.86824				2
2025.09.09	01:23:53.422	0.86827				2
2025.09.09	01:23:55.306	0.86832	0.86840			6
2025.09.09	01:23:55.621	0.86834	0.86842			6
2025.09.09	01:24:00.492	0.86836	0.86843			6
2025.09.09	01:24:06.353	0.86835	0.86839			6
2025.09.09	01:25:00.003	0.86835				2
2025.09.09	01:25:05.605	0.86834				2
2025.09.09	01:25:06.407	0.86833	0.86838			6
2025.09.09	01:25:06.719	0.86832	0.86837			6
2025.09.09	01:25:16.264	0.86833	0.86838			6
2025.09.09	01:25:28.077	0.86835	0.86841			6
2025.09.09	01:25:49.220	0.86836				2
2025.09.09	01:26:01.155	0.86836				2
2025.09.09	01:26:04.777	0.86835				2
2025.09.09	01:26:14.137		0.86842			4
2025.09.09	01:26:23.120		0.86843			4
2025.09.09	01:26:27.861	0.86834	0.86841			6
2025.09.09	01:26:31.840		0.86840			4
2025.09.09	01:26:36.923	0.86826	0.86833			6
2025.09.09	01:26:38.060		0.86832			4
2025.09.09	01:26:41.117		0.86833			4
2025.09.09	01:27:00.316	0.86826				2
2025.09.09	01:27:11.422	0.86827				2
2025.09.09	01:27:16.216		0.86832			4
2025.09.09	01:27:20.119		0.86833			4
2025.09.09	01:27:25.185	0.86826	0.86832			6
2025.09.09	01:27:27.055		0.86833			4
2025.09.09	01:27:27.900	0.86827	0.86834			6
2025.09.09	01:28:00.317	0.86829	0.86836			6
2025.09.09	01:28:00.991		0.86835			4
2025.09.09	01:28:02.123		0.86834			4
2025.09.09	01:28:03.315		0.86835			4
2025.09.09	01:28:03.877		0.86836			4
2025.09.09	01:28:05.728		0.86835			4
2025.09.09	01:28:06.890		0.86834			4
2025.09.09	01:28:10.728	0.86830				2
2025.09.09	01:28:17.307		0.86835			4
2025.09.09	01:28:29.681	0.86829	0.86833			6
2025.09.09	01:28:30.006	0.86830				2
2025.09.09	01:28:31.611		0.86834			4
2025.09.09	01:28:34.443	0.86829	0.86835			6
2025.09.09	01:28:44.309		0.86834			4
2025.09.09	01:29:00.445	0.86829	0.86833			6
2025.09.09	01:29:07.463		0.86834			4
2025.09.09	01:29:11.611		0.86835			4
2025.09.09	01:29:28.996		0.86834			4
2025.09.09	01:29:30.128		0.86833			4
2025.09.09	01:29:48.217	0.86831	0.86834			6
2025.09.09	01:29:48.948		0.86835			4
2025.09.09	01:30:00.452	0.86832	0.86836			6
2025.09.09	01:30:03.396		0.86833			4
2025.09.09	01:30:07.050		0.86838			4
2025.09.09	01:30:21.569	0.86833	0.86837			6
2025.09.09	01:30:42.275		0.86838			4
2025.09.09	01:30:45.781	0.86832				2
2025.09.09	01:30:50.189	0.86833				2
2025.09.09	01:30:59.718	0.86832				2
2025.09.09	01:31:00.557	0.86832				2
2025.09.09	01:31:12.619		0.86837			4
2025.09.09	01:31:21.035	0.86833	0.86838			6
2025.09.09	01:31:21.338		0.86837			4
2025.09.09	01:31:30.468	0.86832	0.86838			6
2025.09.09	01:31:30.803		0.86837			4
2025.09.09	01:31:43.403	0.86833				2
2025.09.09	01:31:43.720		0.86838			4
2025.09.09	01:32:00.472	0.86834				2
2025.09.09	01:32:01.012	0.86833				2
2025.09.09	01:32:01.356	0.86834	0.86837			6
2025.09.09	01:32:02.721	0.86829	0.86833			6
2025.09.09	01:32:03.210	0.86830	0.86834			6
2025.09.09	01:32:18.616	0.86831				2
2025.09.09	01:32:19.762		0.86836			4
2025.09.09	01:32:22.636		0.86834			4
2025.09.09	01:32:28.217	0.86830	0.86836			6
2025.09.09	01:32:34.340		0.86834			4
2025.09.09	01:32:37.126		0.86835			4
2025.09.09	01:32:40.812		0.86836			4
2025.09.09	01:32:45.669		0.86834			4
2025.09.09	01:32:46.293	0.86829				2
2025.09.09	01:32:50.422	0.86828	0.86833			6
2025.09.09	01:32:50.924	0.86829	0.86835			6
2025.09.09	01:32:55.217	0.86830				2
2025.09.09	01:32:55.713	0.86829				2
2025.09.09	01:32:56.311	0.86831	0.86836			6
2025.09.09	01:32:58.275	0.86830	0.86835			6
2025.09.09	01:32:59.274		0.86836			4
2025.09.09	01:32:59.664		0.86835			4
2025.09.09	01:33:00.167	0.86830				2
2025.09.09	01:33:00.476	0.86831	0.86836			6
2025.09.09	01:33:00.818	0.86830				2
2025.09.09	01:33:01.489	0.86831				2
2025.09.09	01:33:11.265		0.86835			4
2025.09.09	01:33:13.176		0.86834			4
2025.09.09	01:33:15.409	0.86829				2
2025.09.09	01:33:24.289		0.86833			4
2025.09.09	01:33:31.542	0.86828	0.86832			6
2025.09.09	01:33:32.107	0.86829	0.86834			6
2025.09.09	01:33:38.527	0.86828				2
2025.09.09	01:34:01.215	0.86829				2
2025.09.09	01:34:04.207		0.86833			4
2025.09.09	01:34:04.760		0.86834			4
2025.09.09	01:34:08.467		0.86833			4
2025.09.09	01:34:15.617		0.86834			4
2025.09.09	01:34:23.418	0.86828				2
2025.09.09	01:34:52.043		0.86833			4
2025.09.09	01:34:53.044		0.86832			4
2025.09.09	01:35:00.753	0.86828				2
2025.09.09	01:35:04.626	0.86829				2
2025.09.09	01:35:15.011	0.86827				2
2025.09.09	01:35:20.231	0.86828				2
2025.09.09	01:35:32.694	0.86827				2
2025.09.09	01:35:46.881	0.86826				2
2025.09.09	01:35:50.215	0.86827				2
2025.09.09	01:35:55.827		0.86832			4
2025.09.09	01:36:00.191	0.86828				2
2025.09.09	01:36:00.670	0.86827				2
2025.09.09	01:36:05.151	0.86826	0.86831			6
2025.09.09	01:36:10.220		0.86830			4
2025.09.09	01:36:33.780		0.86829			4
2025.09.09	01:36:34.311	0.86825				2
2025.09.09	01:36:34.900		0.86828			4
2025.09.09	01:36:42.180	0.86823				2
2025.09.09	01:36:45.381	0.86824				2
2025.09.09	01:36:45.702	0.86823				2
2025.09.09	01:36:49.217	0.86822				2
2025.09.09	01:36:54.347	0.86823				2
2025.09.09	01:36:55.101		0.86827			4
2025.09.09	01:37:02.648	0.86823	0.86828			6
2025.09.09	01:37:03.765		0.86827			4
2025.09.09	01:37:07.349		0.86828			4
2025.09.09	01:37:09.711		0.86827			4
2025.09.09	01:37:15.178		0.86828			4
2025.09.09	01:37:15.596	0.86824	0.86827			6
2025.09.09	01:37:15.996		0.86828			4
2025.09.09	01:37:17.412		0.86827			4
2025.09.09	01:37:19.618	0.86823				2
2025.09.09	01:37:44.117		0.86828			4
2025.09.09	01:37:45.196		0.86827			4
2025.09.09	01:37:58.715		0.86828			4
2025.09.09	01:38:00.275	0.86823				2
2025.09.09	01:38:15.272		0.86827			4
2025.09.09	01:38:23.176	0.86822				2
2025.09.09	01:38:46.747	0.86823				2
2025.09.09	01:38:50.077	0.86822				2
2025.09.09	01:39:00.747	0.86822				2
2025.09.09	01:39:02.746	0.86821				2
2025.09.09	01:39:08.919	0.86822				2
2025.09.09	01:39:10.956	0.86821				2
2025.09.09	01:39:16.046		0.86827			4
2025.09.09	01:39:33.485	0.86823				2
2025.09.09	01:39:42.013	0.86822				2
2025.09.09	01:40:00.785	0.86822				2
2025.09.09	01:40:16.518		0.86827			4
2025.09.09	01:40:28.278		0.86824			4
2025.09.09	01:40:29.400		0.86823			4
2025.09.09	01:40:32.573	0.86821				2
2025.09.09	01:40:42.476	0.86822				2
2025.09.09	01:40:49.518	0.86821				2
2025.09.09	01:41:02.469	0.86821				2
2025.09.09	01:41:19.451	0.86815	0.86822			6
2025.09.09	01:41:19.778	0.86816	0.86821			6
2025.09.09	01:41:20.347		0.86820			4
2025.09.09	01:41:22.153		0.86819			4
2025.09.09	01:41:29.378	0.86815	0.86820			6
2025.09.09	01:41:31.873		0.86819			4
2025.09.09	01:41:56.896	0.86813	0.86818			6
2025.09.09	01:42:01.146	0.86812				2
2025.09.09	01:42:02.786		0.86816			4
2025.09.09	01:42:12.475	0.86813				2
2025.09.09	01:42:13.880	0.86812				2
2025.09.09	01:42:21.016	0.86813				2
2025.09.09	01:42:33.773	0.86812				2
2025.09.09	01:42:35.035	0.86813				2
2025.09.09	01:42:41.300		0.86817			4
2025.09.09	01:42:46.087	0.86812				2
2025.09.09	01:42:51.235		0.86816			4
2025.09.09	01:42:53.763	0.86811				2
2025.09.09	01:43:01.219	0.86811				2
2025.09.09	01:43:49.239	0.86812				2
2025.09.09	01:43:52.004		0.86816			4
2025.09.09	01:43:55.216	0.86811				2
2025.09.09	01:44:02.717	0.86811				2
2025.09.09	01:44:17.232	0.86812				2
2025.09.09	01:44:53.877		0.86816			4
2025.09.09	01:44:57.056	0.86811	0.86815			6
2025.09.09	01:45:00.450	0.86812	0.86816			6
2025.09.09	01:45:06.419		0.86815			4
2025.09.09	01:45:23.274		0.86816			4
2025.09.09	01:45:30.406	0.86811				2
2025.09.09	01:45:33.306		0.86815			4
2025.09.09	01:45:34.477	0.86809	0.86813			6
2025.09.09	01:45:36.817	0.86811	0.86815			6
2025.09.09	01:45:37.871	0.86812				2
2025.09.09	01:45:49.772		0.86816			4
2025.09.09	01:45:53.276		0.86815			4
2025.09.09	01:45:58.216		0.86814			4
2025.09.09	01:45:58.790		0.86815			4
2025.09.09	01:46:00.478	0.86813				2
2025.09.09	01:46:30.566		0.86816			4
2025.09.09	01:46:30.873	0.86816	0.86817			6
2025.09.09	01:46:31.179	0.86814				2
2025.09.09	01:46:34.521	0.86813	0.86818			6
2025.09.09	01:46:36.679	0.86812	0.86817			6
2025.09.09	01:46:37.252	0.86813				2
2025.09.09	01:46:39.560		0.86818			4
2025.09.09	01:46:40.542	0.86807	0.86811			6
2025.09.09	01:46:41.466		0.86808			4
2025.09.09	01:46:55.552		0.86809			4
2025.09.09	01:47:00.341	0.86809	0.86810			6
2025.09.09	01:47:08.138		0.86814			4
2025.09.09	01:47:08.884		0.86810			4
2025.09.09	01:47:17.316	0.86807	0.86809			6
2025.09.09	01:47:18.103		0.86808			4
2025.09.09	01:47:21.400	0.86804	0.86807			6
2025.09.09	01:47:21.702		0.86808			4
2025.09.09	01:47:31.035	0.86805				2
2025.09.09	01:47:31.373	0.86806	0.86810			6
2025.09.09	01:47:38.418		0.86809			4
2025.09.09	01:47:41.812	0.86808	0.86811			6
2025.09.09	01:47:48.713	0.86809				2
2025.09.09	01:47:52.061	0.86808				2
2025.09.09	01:48:00.620	0.86808				2
2025.09.09	01:48:40.217		0.86810			4
2025.09.09	01:48:45.381	0.86807				2
2025.09.09	01:48:45.951	0.86808	0.86811			6
2025.09.09	01:48:53.116	0.86807	0.86810			6
2025.09.09	01:48:56.153	0.86808	0.86811			6
2025.09.09	01:49:03.869	0.86808				2
2025.09.09	01:49:25.737	0.86809				2
2025.09.09	01:49:30.397	0.86810	0.86813			6
2025.09.09	01:50:03.538	0.86810				2
2025.09.09	01:50:05.232	0.86809	0.86811			6
2025.09.09	01:50:05.768		0.86810			4
2025.09.09	01:50:17.595		0.86812			4
2025.09.09	01:50:25.952		0.86811			4
2025.09.09	01:50:34.200		0.86812			4
2025.09.09	01:50:38.906		0.86811			4
2025.09.09	01:50:40.078		0.86812			4
2025.09.09	01:50:47.330		0.86813			4
2025.09.09	01:50:58.298		0.86814			4
2025.09.09	01:51:00.255	0.86809				2
2025.09.09	01:51:11.632	0.86816	0.86820			6
2025.09.09	01:51:11.962	0.86817				2
2025.09.09	01:51:15.593	0.86816				2
2025.09.09	01:51:16.462	0.86817				2
2025.09.09	01:51:17.439	0.86816				2
2025.09.09	01:51:19.557	0.86817	0.86821			6
2025.09.09	01:51:45.854	0.86816	0.86820			6
2025.09.09	01:52:02.439	0.86816				2
2025.09.09	01:52:11.061	0.86817				2
2025.09.09	01:52:12.311	0.86818				2
2025.09.09	01:52:15.235		0.86821			4
2025.09.09	01:52:18.900		0.86820			4
2025.09.09	01:52:46.899	0.86819				2
2025.09.09	01:52:47.331	0.86818				2
2025.09.09	01:52:49.140	0.86819	0.86822			6
2025.09.09	01:53:07.371	0.86819				2
2025.09.09	01:53:18.768		0.86820			4
2025.09.09	01:53:20.881	0.86817				2
2025.09.09	01:53:21.198	0.86818				2
2025.09.09	01:53:28.482		0.86819			4
2025.09.09	01:53:28.916	0.86819	0.86820			6
2025.09.09	01:53:29.225	0.86818				2
2025.09.09	01:53:30.484		0.86819			4
2025.09.09	01:53:31.732	0.86817	0.86820			6
2025.09.09	01:53:35.485	0.86818				2
2025.09.09	01:53:54.046		0.86824			4
2025.09.09	01:53:54.792		0.86820			4
2025.09.09	01:53:59.714	0.86822	0.86824			6
2025.09.09	01:54:00.306	0.86822	0.86825			6
2025.09.09	01:54:00.692	0.86820	0.86824			6
2025.09.09	01:54:21.614	0.86821				2
2025.09.09	01:54:47.041	0.86820				2
2025.09.09	01:54:51.679		0.86822			4
2025.09.09	01:54:53.383		0.86824			4
2025.09.09	01:55:02.418	0.86820				2
2025.09.09	01:55:10.197	0.86821				2
2025.09.09	01:55:35.780	0.86820				2
2025.09.09	01:55:38.265		0.86822			4
2025.09.09	01:55:51.293	0.86821	0.86824			6
2025.09.09	01:55:51.875	0.86820				2
2025.09.09	01:56:02.196	0.86820	0.86822			6
2025.09.09	01:56:02.547	0.86818	0.86824			6
2025.09.09	01:56:02.921	0.86820				2
2025.09.09	01:56:04.362	0.86818				2
2025.09.09	01:56:11.702	0.86820	0.86822			6
2025.09.09	01:56:37.064	0.86821	0.86824			6
2025.09.09	01:57:01.615	0.86821				2
2025.09.09	01:57:05.848	0.86820				2
2025.09.09	01:57:11.117	0.86819	0.86823			6
2025.09.09	01:57:18.330		0.86824			4
2025.09.09	01:57:51.359	0.86820				2
2025.09.09	01:57:52.413		0.86822			4
2025.09.09	01:58:00.456	0.86820				2
2025.09.09	01:58:35.693		0.86821			4
2025.09.09	01:58:47.731		0.86822			4
2025.09.09	01:59:00.620	0.86820				2
2025.09.09	01:59:25.272	0.86818	0.86819			6
2025.09.09	01:59:27.376	0.86815				2
2025.09.09	01:59:27.772	0.86813	0.86815			6
2025.09.09	01:59:28.079	0.86814				2
2025.09.09	01:59:31.012	0.86813				2
2025.09.09	01:59:31.450	0.86812	0.86813			6
2025.09.09	01:59:31.976	0.86811	0.86812			6
2025.09.09	01:59:32.730	0.86810				2
2025.09.09	01:59:33.078	0.86811				2
2025.09.09	01:59:33.975	0.86810				2
2025.09.09	01:59:34.679	0.86812	0.86813			6
2025.09.09	01:59:35.076	0.86811	0.86812			6
2025.09.09	01:59:46.062	0.86812	0.86813			6
2025.09.09	01:59:46.681	0.86811	0.86812			6
2025.09.09	01:59:49.080	0.86810				2
2025.09.09	01:59:49.408	0.86809	0.86810			6
2025.09.09	01:59:50.475	0.86810	0.86811			6
2025.09.09	01:59:51.080	0.86809	0.86810			6
2025.09.09	02:00:00.318	0.86812	0.86814			6
2025.09.09	02:00:00.674	0.86811				2
2025.09.09	02:00:02.527	0.86812				2
2025.09.09	02:00:07.104	0.86811				2
2025.09.09	02:00:10.086		0.86812			4
2025.09.09	02:00:28.771	0.86814	0.86815			6
2025.09.09	02:00:41.838	0.86816	0.86818			6
2025.09.09	02:00:42.378	0.86817	0.86819			6
2025.09.09	02:00:43.932	0.86818	0.86820			6
2025.09.09	02:00:45.330	0.86819				2
2025.09.09	02:00:45.729	0.86820	0.86821			6
2025.09.09	02:00:47.959	0.86821	0.86822			6
2025.09.09	02:00:49.722	0.86819	0.86820			6
2025.09.09	02:00:54.349	0.86818				2
2025.09.09	02:01:00.441	0.86816				2
2025.09.09	02:01:02.378	0.86817				2
2025.09.09	02:01:03.379		0.86818			4
2025.09.09	02:01:13.219	0.86818	0.86819			6
2025.09.09	02:01:33.456	0.86817	0.86818			6
2025.09.09	02:01:36.981	0.86819	0.86820			6
2025.09.09	02:02:00.997	0.86819				2
2025.09.09	02:02:09.212	0.86820	0.86821			6
2025.09.09	02:02:23.671	0.86819	0.86820			6
2025.09.09	02:02:24.639	0.86815	0.86819			6
2025.09.09	02:02:26.411	0.86816				2
2025.09.09	02:02:26.719	0.86817	0.86820			6
2025.09.09	02:02:28.256	0.86818				2
2025.09.09	02:02:29.294	0.86816	0.86821			6
2025.09.09	02:02:32.979	0.86818	0.86820			6
2025.09.09	02:02:42.871	0.86819				2
2025.09.09	02:03:00.455	0.86819				2
2025.09.09	02:03:15.653	0.86820	0.86821			6
2025.09.09	02:03:38.359		0.86823			4
2025.09.09	02:03:39.108		0.86821			4
2025.09.09	02:04:00.400	0.86820				2
2025.09.09	02:04:13.070	0.86819	0.86820			6
2025.09.09	02:04:15.322		0.86821			4
2025.09.09	02:04:16.836	0.86820				2
2025.09.09	02:04:43.712	0.86819	0.86820			6
2025.09.09	02:04:47.107	0.86821	0.86822			6
2025.09.09	02:04:56.502		0.86823			4
2025.09.09	02:04:58.382		0.86822			4
2025.09.09	02:05:00.595	0.86821				2
2025.09.09	02:05:29.235	0.86820				2
2025.09.09	02:05:59.373		0.86822			4
2025.09.09	02:06:00.618	0.86820				2
2025.09.09	02:06:39.362	0.86819	0.86820			6
2025.09.09	02:06:46.732	0.86820	0.86822			6
2025.09.09	02:07:00.548	0.86820				2
2025.09.09	02:07:05.411	0.86819	0.86820			6
2025.09.09	02:07:05.733	0.86820	0.86822			6
2025.09.09	02:07:12.671	0.86819	0.86820			6
2025.09.09	02:07:16.901	0.86820	0.86822			6
2025.09.09	02:07:19.470	0.86819	0.86820			6
2025.09.09	02:07:22.924	0.86820	0.86822			6
2025.09.09	02:07:27.732	0.86819	0.86820			6
2025.09.09	02:07:31.110	0.86818				2
2025.09.09	02:07:32.155	0.86819				2
2025.09.09	02:07:46.438	0.86820	0.86821			6
2025.09.09	02:07:52.786		0.86823			4
2025.09.09	02:08:00.363	0.86820				2
2025.09.09	02:08:03.724		0.86822			4
2025.09.09	02:08:28.897		0.86823			4
2025.09.09	02:08:31.499		0.86822			4
2025.09.09	02:08:32.977		0.86823			4
2025.09.09	02:08:45.151	0.86821	0.86824			6
2025.09.09	02:08:47.255	0.86820				2
2025.09.09	02:08:48.249		0.86823			4
2025.09.09	02:09:00.681	0.86820				2
2025.09.09	02:09:03.311		0.86822			4
2025.09.09	02:09:03.778		0.86821			4
2025.09.09	02:09:57.434		0.86822			4
2025.09.09	02:10:00.693	0.86820	0.86821			6
2025.09.09	02:10:01.602		0.86822			4
2025.09.09	02:10:11.379	0.86819				2
2025.09.09	02:10:12.605		0.86821			4
2025.09.09	02:10:14.704		0.86820			4
2025.09.09	02:10:20.171	0.86821	0.86822			6
2025.09.09	02:10:39.373		0.86823			4
2025.09.09	02:11:00.649	0.86820				2
2025.09.09	02:11:01.429	0.86821				2
2025.09.09	02:11:03.439		0.86822			4
2025.09.09	02:11:13.167		0.86823			4
2025.09.09	02:11:28.214		0.86822			4
2025.09.09	02:11:30.478		0.86823			4
2025.09.09	02:11:30.890	0.86822	0.86824			6
2025.09.09	02:11:31.250		0.86823			4
2025.09.09	02:11:31.919		0.86824			4
2025.09.09	02:11:32.347	0.86823				2
2025.09.09	02:11:35.698	0.86822				2
2025.09.09	02:11:37.373		0.86825			4
2025.09.09	02:11:37.926		0.86823			4
2025.09.09	02:11:41.112	0.86830	0.86831			6
2025.09.09	02:11:41.420	0.86829	0.86830			6
2025.09.09	02:11:41.746	0.86828	0.86829			6
2025.09.09	02:11:43.804	0.86827	0.86828			6
2025.09.09	02:11:44.119	0.86825	0.86827			6
2025.09.09	02:11:44.441	0.86824	0.86826			6
2025.09.09	02:11:44.925		0.86825			4
2025.09.09	02:11:45.415	0.86825	0.86826			6
2025.09.09	02:11:48.347	0.86824	0.86825			6
2025.09.09	02:11:50.320	0.86825	0.86826			6
2025.09.09	02:12:00.701	0.86825				2
2025.09.09	02:12:10.058		0.86827			4
2025.09.09	02:12:11.703	0.86827	0.86829			6
2025.09.09	02:12:12.336		0.86828			4
2025.09.09	02:12:27.517	0.86828	0.86829			6
2025.09.09	02:12:32.017	0.86830	0.86831			6
2025.09.09	02:12:34.495	0.86832	0.86833			6
2025.09.09	02:12:34.799	0.86831				2
2025.09.09	02:12:35.119	0.86830				2
2025.09.09	02:12:35.423		0.86832			4
2025.09.09	02:12:35.873		0.86831			4
2025.09.09	02:12:40.904	0.86831	0.86832			6
2025.09.09	02:12:46.202	0.86829	0.86830			6
2025.09.09	02:12:46.519	0.86826	0.86829			6
2025.09.09	02:12:46.821		0.86828			4
2025.09.09	02:12:47.510		0.86827			4
2025.09.09	02:12:50.675	0.86827	0.86828			6
2025.09.09	02:13:00.726	0.86826	0.86827			6
2025.09.09	02:13:02.420	0.86825				2
2025.09.09	02:13:02.788		0.86826			4
2025.09.09	02:13:08.112	0.86826	0.86827			6
2025.09.09	02:13:09.092	0.86827	0.86828			6
2025.09.09	02:13:10.627	0.86829	0.86831			6
2025.09.09	02:13:10.950	0.86831	0.86832			6
2025.09.09	02:13:11.737	0.86830	0.86831			6
2025.09.09	02:13:12.907		0.86832			4
2025.09.09	02:13:13.360	0.86831				2
2025.09.09	02:13:23.085	0.86830				2
2025.09.09	02:13:25.423	0.86832	0.86833			6
2025.09.09	02:13:34.182	0.86831	0.86832			6
2025.09.09	02:13:35.274	0.86832	0.86833			6
2025.09.09	02:13:41.173	0.86831	0.86832			6
2025.09.09	02:13:43.103	0.86830				2
2025.09.09	02:13:43.541		0.86831			4
2025.09.09	02:13:48.915	0.86831	0.86832			6
2025.09.09	02:13:52.691	0.86830	0.86831			6
2025.09.09	02:13:56.737	0.86831	0.86832			6
2025.09.09	02:14:00.655	0.86831				2
2025.09.09	02:14:04.068	0.86830	0.86831			6
2025.09.09	02:14:09.884	0.86827	0.86829			6
2025.09.09	02:14:10.200	0.86828	0.86830			6
2025.09.09	02:14:10.717	0.86829				2
2025.09.09	02:14:11.023	0.86827				2
2025.09.09	02:14:12.110		0.86829			4
2025.09.09	02:14:14.760	0.86826				2
2025.09.09	02:14:15.667		0.86828			4
2025.09.09	02:14:22.473	0.86827				2
2025.09.09	02:14:25.519	0.86826				2
2025.09.09	02:14:39.081	0.86824	0.86826			6
2025.09.09	02:14:41.314		0.86825			4
2025.09.09	02:14:53.969	0.86825	0.86827			6
2025.09.09	02:14:54.279	0.86827	0.86828			6
2025.09.09	02:14:57.953	0.86826	0.86827			6
2025.09.09	02:15:00.310	0.86826				2
2025.09.09	02:15:27.358	0.86825	0.86826			6
2025.09.09	02:15:33.361	0.86828	0.86829			6
2025.09.09	02:15:34.347	0.86827	0.86828			6
2025.09.09	02:15:41.878	0.86826	0.86827			6
2025.09.09	02:15:45.897		0.86828			4
2025.09.09	02:15:46.371		0.86827			4
2025.09.09	02:15:48.370		0.86828			4
2025.09.09	02:15:48.762	0.86827				2
2025.09.09	02:15:59.546	0.86828	0.86829			6
2025.09.09	02:16:00.369	0.86829	0.86830			6
2025.09.09	02:16:04.807	0.86828	0.86829			6
2025.09.09	02:16:06.044	0.86829	0.86830			6
2025.09.09	02:16:15.612	0.86828	0.86829			6
2025.09.09	02:16:20.897	0.86826	0.86828			6
2025.09.09	02:16:22.162		0.86827			4
2025.09.09	02:16:22.496	0.86827	0.86828			6
2025.09.09	02:16:28.817	0.86828	0.86829			6
2025.09.09	02:16:43.432	0.86827	0.86828			6
2025.09.09	02:16:45.410	0.86829	0.86830			6
2025.09.09	02:17:03.202	0.86829				2
2025.09.09	02:17:04.908	0.86828	0.86829			6
2025.09.09	02:17:19.217	0.86827	0.86828			6
2025.09.09	02:17:36.476	0.86828	0.86829			6
2025.09.09	02:17:38.210	0.86827	0.86828			6
2025.09.09	02:17:59.921		0.86829			4
2025.09.09	02:18:00.336	0.86827				2
2025.09.09	02:18:00.648		0.86828			4
2025.09.09	02:18:04.217	0.86826	0.86827			6
2025.09.09	02:18:13.786	0.86827	0.86828			6
2025.09.09	02:18:17.091	0.86826	0.86827			6
2025.09.09	02:18:33.878	0.86832	0.86833			6
2025.09.09	02:18:34.348	0.86831	0.86832			6
2025.09.09	02:19:00.400	0.86831				2
2025.09.09	02:19:29.990	0.86829	0.86831			6
2025.09.09	02:19:30.356		0.86830			4
2025.09.09	02:19:31.168	0.86830	0.86831			6
2025.09.09	02:19:31.483	0.86828	0.86830			6
2025.09.09	02:19:31.959		0.86829			4
2025.09.09	02:19:34.237		0.86830			4
2025.09.09	02:19:34.760		0.86829			4
2025.09.09	02:19:43.031	0.86829	0.86830			6
2025.09.09	02:19:49.028	0.86828	0.86829			6
2025.09.09	02:20:06.358	0.86828				2
2025.09.09	02:20:21.825	0.86829	0.86830			6
2025.09.09	02:20:33.451	0.86827	0.86829			6
2025.09.09	02:20:34.032	0.86831	0.86832			6
2025.09.09	02:20:43.852	0.86833	0.86834			6
2025.09.09	02:20:46.425	0.86832	0.86833			6
2025.09.09	02:20:47.807	0.86833	0.86834			6
2025.09.09	02:20:48.109	0.86832	0.86833			6
2025.09.09	02:20:48.416	0.86833	0.86834			6
2025.09.09	02:20:49.778	0.86835	0.86836			6
2025.09.09	02:20:50.383	0.86836	0.86837			6
2025.09.09	02:20:51.843	0.86837	0.86838			6
2025.09.09	02:20:52.664	0.86836	0.86837			6
2025.09.09	02:20:58.061	0.86837	0.86838			6
2025.09.09	02:21:00.043	0.86837				2
2025.09.09	02:21:00.627	0.86838	0.86839			6
2025.09.09	02:21:04.219	0.86837	0.86838			6
2025.09.09	02:21:11.540	0.86836	0.86837			6
2025.09.09	02:21:15.880	0.86837	0.86838			6
2025.09.09	02:21:21.640	0.86836	0.86837			6
2025.09.09	02:21:23.257	0.86835	0.86836			6
2025.09.09	02:21:30.695	0.86833	0.86835			6
2025.09.09	02:21:31.207		0.86834			4
2025.09.09	02:21:31.523	0.86832	0.86833			6
2025.09.09	02:21:43.637	0.86833	0.86834			6
2025.09.09	02:21:47.286	0.86837	0.86838			6
2025.09.09	02:21:49.449	0.86836	0.86837			6
2025.09.09	02:21:51.343	0.86837	0.86838			6
2025.09.09	02:21:53.026	0.86836	0.86837			6
2025.09.09	02:22:00.925	0.86836				2
2025.09.09	02:22:03.584		0.86838			4
2025.09.09	02:22:05.533		0.86837			4
2025.09.09	02:22:09.818	0.86837	0.86838			6
2025.09.09	02:22:40.437	0.86838	0.86839			6
2025.09.09	02:22:42.502	0.86839	0.86840			6
2025.09.09	02:22:44.755	0.86840	0.86841			6
2025.09.09	02:22:45.756	0.86839	0.86840			6
2025.09.09	02:22:47.332	0.86838	0.86839			6
2025.09.09	02:22:48.159	0.86837				2
2025.09.09	02:22:48.636		0.86838			4
2025.09.09	02:22:53.966	0.86836	0.86837			6
2025.09.09	02:23:00.788	0.86836				2
2025.09.09	02:23:02.659	0.86835	0.86836			6
2025.09.09	02:23:08.383	0.86838	0.86839			6
2025.09.09	02:23:10.986	0.86837	0.86838			6
2025.09.09	02:23:17.155	0.86835	0.86836			6
2025.09.09	02:23:22.172	0.86834	0.86835			6
2025.09.09	02:23:30.505	0.86837	0.86838			6
2025.09.09	02:23:46.051	0.86834	0.86836			6
2025.09.09	02:23:46.812		0.86835			4
2025.09.09	02:23:49.426	0.86837	0.86838			6
2025.09.09	02:23:53.576	0.86838	0.86839			6
2025.09.09	02:23:54.376	0.86839	0.86840			6
2025.09.09	02:23:57.787	0.86842	0.86843			6
2025.09.09	02:24:00.618	0.86843	0.86844			6
2025.09.09	02:24:07.977	0.86841	0.86843			6
2025.09.09	02:24:08.281	0.86842				2
2025.09.09	02:24:14.956	0.86841				2
2025.09.09	02:24:15.804		0.86842			4
2025.09.09	02:24:19.462	0.86840	0.86841			6
2025.09.09	02:24:23.047	0.86841	0.86842			6
2025.09.09	02:24:24.502	0.86840	0.86841			6
2025.09.09	02:24:30.477		0.86842			4
2025.09.09	02:24:30.892	0.86841				2
2025.09.09	02:24:45.482	0.86840	0.86841			6
2025.09.09	02:25:00.401	0.86840				2
2025.09.09	02:25:02.855	0.86839	0.86840			6
2025.09.09	02:25:03.560	0.86838	0.86839			6
2025.09.09	02:25:03.995	0.86839	0.86840			6
2025.09.09	02:25:06.594	0.86840	0.86841			6
2025.09.09	02:25:13.332	0.86839	0.86840			6
2025.09.09	02:25:37.455	0.86838	0.86839			6
2025.09.09	02:25:38.276	0.86837	0.86838			6
2025.09.09	02:25:40.190	0.86836	0.86837			6
2025.09.09	02:25:45.672	0.86834	0.86836			6
2025.09.09	02:25:46.393		0.86835			4
2025.09.09	02:25:50.986	0.86833				2
2025.09.09	02:25:51.671		0.86834			4
2025.09.09	02:26:01.086	0.86833				2
2025.09.09	02:26:07.088	0.86832	0.86833			6
2025.09.09	02:26:32.889	0.86833	0.86834			6
2025.09.09	02:26:34.186	0.86832	0.86833			6
2025.09.09	02:26:38.421	0.86833	0.86834			6
2025.09.09	02:26:40.196	0.86832	0.86833			6
2025.09.09	02:26:50.161	0.86833	0.86835			6
2025.09.09	02:26:53.855		0.86834			4
2025.09.09	02:27:00.623	0.86833				2
2025.09.09	02:27:14.678	0.86836	0.86837			6
2025.09.09	02:27:16.138	0.86837	0.86838			6
2025.09.09	02:27:22.573	0.86836	0.86837			6
2025.09.09	02:27:47.298	0.86835	0.86836			6
2025.09.09	02:27:56.552	0.86836	0.86837			6
2025.09.09	02:27:57.969	0.86835	0.86836			6
2025.09.09	02:28:00.860	0.86835				2
2025.09.09	02:28:10.365	0.86834	0.86835			6
2025.09.09	02:28:14.313	0.86833	0.86834			6
2025.09.09	02:28:15.397	0.86834	0.86835			6
2025.09.09	02:28:15.965	0.86833	0.86834			6
2025.09.09	02:28:18.224	0.86832				2
2025.09.09	02:28:18.582		0.86833			4
2025.09.09	02:28:19.027	0.86833	0.86834			6
2025.09.09	02:28:32.471	0.86831	0.86833			6
2025.09.09	02:28:33.076		0.86832			4
2025.09.09	02:28:33.553	0.86830	0.86831			6
2025.09.09	02:28:34.141	0.86831	0.86832			6
2025.09.09	02:28:39.913	0.86827	0.86830			6
2025.09.09	02:28:40.241		0.86829			4
2025.09.09	02:28:42.105		0.86828			4
2025.09.09	02:28:45.110	0.86826				2
2025.09.09	02:28:45.906		0.86827			4
2025.09.09	02:28:47.947	0.86828	0.86829			6
2025.09.09	02:28:51.925	0.86829	0.86831			6
2025.09.09	02:28:55.943	0.86831	0.86832			6
2025.09.09	02:28:59.376	0.86830				2
2025.09.09	02:29:00.613	0.86830	0.86831			6
2025.09.09	02:29:05.873		0.86832			4
2025.09.09	02:29:07.207		0.86833			4
2025.09.09	02:29:08.412	0.86831				2
2025.09.09	02:29:20.429	0.86833	0.86835			6
2025.09.09	02:29:24.374	0.86834				2
2025.09.09	02:29:38.648		0.86836			4
2025.09.09	02:30:00.720	0.86834				2
2025.09.09	02:30:03.817		0.86835			4
2025.09.09	02:30:04.157	0.86832	0.86834			6
2025.09.09	02:30:04.476	0.86831				2
2025.09.09	02:30:04.944		0.86833			4
2025.09.09	02:30:05.522		0.86832			4
2025.09.09	02:30:05.938		0.86833			4
2025.09.09	02:30:07.297		0.86832			4
2025.09.09	02:30:12.571	0.86830				2
2025.09.09	02:30:17.095	0.86829	0.86831			6
2025.09.09	02:30:17.400	0.86828	0.86830			6
2025.09.09	02:30:23.013		0.86829			4
2025.09.09	02:30:23.318		0.86830			4
2025.09.09	02:30:23.670		0.86831			4
2025.09.09	02:30:37.857	0.86829				2
2025.09.09	02:30:40.225	0.86831	0.86833			6
2025.09.09	02:30:41.694	0.86832	0.86834			6
2025.09.09	02:30:46.657	0.86833	0.86835			6
2025.09.09	02:30:50.932		0.86834			4
2025.09.09	02:30:51.433		0.86835			4
2025.09.09	02:31:00.370	0.86833				2
2025.09.09	02:31:04.377		0.86834			4
2025.09.09	02:31:04.795	0.86832	0.86835			6
2025.09.09	02:31:05.428		0.86834			4
2025.09.09	02:31:06.351		0.86833			4
2025.09.09	02:31:13.756	0.86829	0.86831			6
2025.09.09	02:31:14.179	0.86828				2
2025.09.09	02:31:17.364		0.86830			4
2025.09.09	02:31:21.217	0.86827				2
2025.09.09	02:31:31.762		0.86829			4
2025.09.09	02:31:36.196	0.86828				2
2025.09.09	02:31:38.398	0.86827				2
2025.09.09	02:31:40.329	0.86826	0.86828			6
2025.09.09	02:31:40.634	0.86825				2
2025.09.09	02:31:45.434	0.86826				2
2025.09.09	02:31:55.361	0.86825	0.86827			6
2025.09.09	02:32:00.604	0.86825				2
2025.09.09	02:32:03.530		0.86826			4
2025.09.09	02:32:12.469		0.86827			4
2025.09.09	02:32:15.469		0.86826			4
2025.09.09	02:32:26.381	0.86827	0.86828			6
2025.09.09	02:32:26.682	0.86826				2
2025.09.09	02:32:33.808	0.86829	0.86831			6
2025.09.09	02:32:41.220		0.86832			4
2025.09.09	02:32:45.452		0.86831			4
2025.09.09	02:32:45.797	0.86830	0.86832			6
2025.09.09	02:33:00.171	0.86830				2
2025.09.09	02:33:02.097	0.86826	0.86827			6
2025.09.09	02:33:02.834		0.86828			4
2025.09.09	02:33:03.139	0.86827	0.86829			6
2025.09.09	02:33:05.739		0.86828			4
2025.09.09	02:33:08.046		0.86829			4
2025.09.09	02:33:13.907	0.86828				2
2025.09.09	02:33:14.222	0.86827	0.86828			6
2025.09.09	02:33:14.532		0.86829			4
2025.09.09	02:33:31.265	0.86830	0.86831			6
2025.09.09	02:33:46.217	0.86828	0.86830			6
2025.09.09	02:33:52.689	0.86829				2
2025.09.09	02:33:55.148	0.86828	0.86831			6
2025.09.09	02:33:57.411	0.86829				2
2025.09.09	02:33:58.334		0.86832			4
2025.09.09	02:33:58.637	0.86830				2
2025.09.09	02:34:03.983	0.86830				2
2025.09.09	02:34:10.095	0.86828	0.86830			6
2025.09.09	02:34:10.835	0.86829	0.86831			6
2025.09.09	02:34:24.027	0.86828				2
2025.09.09	02:34:24.380		0.86830			4
2025.09.09	02:34:34.106	0.86827	0.86829			6
2025.09.09	02:34:37.291		0.86830			4
2025.09.09	02:34:41.026		0.86829			4
2025.09.09	02:34:57.408	0.86829	0.86830			6
2025.09.09	02:34:59.480	0.86828				2
2025.09.09	02:35:00.669	0.86828				2
2025.09.09	02:35:01.372	0.86829	0.86831			6
2025.09.09	02:35:07.004	0.86828	0.86830			6
2025.09.09	02:35:25.726	0.86827				2
2025.09.09	02:36:01.928	0.86827				2
2025.09.09	02:36:02.991	0.86826	0.86828			6
2025.09.09	02:36:12.689		0.86829			4
2025.09.09	02:36:13.097	0.86827				2
2025.09.09	02:36:38.167	0.86828				2
2025.09.09	02:36:41.463	0.86827				2
2025.09.09	02:36:45.517		0.86830			4
2025.09.09	02:36:49.502		0.86829			4
2025.09.09	02:37:00.430	0.86827				2
2025.09.09	02:37:08.142	0.86826	0.86827			6
2025.09.09	02:37:13.464	0.86824	0.86825			6
2025.09.09	02:37:13.779	0.86823	0.86824			6
2025.09.09	02:37:15.386		0.86825			4
2025.09.09	02:37:15.707		0.86824			4
2025.09.09	02:37:45.348	0.86822	0.86823			6
2025.09.09	02:37:50.432		0.86824			4
2025.09.09	02:37:52.840		0.86823			4
2025.09.09	02:37:58.418	0.86821	0.86822			6
2025.09.09	02:38:00.422	0.86821				2
2025.09.09	02:38:01.038	0.86819	0.86820			6
2025.09.09	02:38:01.345	0.86818	0.86819			6
2025.09.09	02:38:02.393	0.86817	0.86818			6
2025.09.09	02:38:10.887	0.86818	0.86819			6
2025.09.09	02:38:18.840	0.86817	0.86818			6
2025.09.09	02:38:20.768	0.86816				2
2025.09.09	02:38:26.495	0.86817				2
2025.09.09	02:38:28.632	0.86816				2
2025.09.09	02:38:28.939		0.86817			4
2025.09.09	02:38:39.408	0.86817	0.86818			6
2025.09.09	02:38:44.842	0.86818	0.86819			6
2025.09.09	02:39:00.177	0.86818				2
2025.09.09	02:39:15.661	0.86819	0.86820			6
2025.09.09	02:39:17.497	0.86822	0.86823			6
2025.09.09	02:39:29.499	0.86823	0.86824			6
2025.09.09	02:39:37.379	0.86822	0.86823			6
2025.09.09	02:39:47.781	0.86823	0.86824			6
2025.09.09	02:39:50.537	0.86821	0.86822			6
2025.09.09	02:39:51.246	0.86820				2
2025.09.09	02:39:51.574	0.86821				2
2025.09.09	02:39:52.350	0.86820	0.86821			6
2025.09.09	02:40:03.147	0.86820				2
2025.09.09	02:40:28.615	0.86818	0.86819			6
2025.09.09	02:40:29.876	0.86819	0.86820			6
2025.09.09	02:40:30.179	0.86818	0.86819			6
2025.09.09	02:40:30.746	0.86817	0.86818			6
2025.09.09	02:40:48.540	0.86816	0.86817			6
2025.09.09	02:40:51.401	0.86817	0.86818			6
2025.09.09	02:41:00.493	0.86816	0.86817			6
2025.09.09	02:41:02.052	0.86817	0.86818			6
2025.09.09	02:41:13.382	0.86818	0.86819			6
2025.09.09	02:41:27.417	0.86819	0.86820			6
2025.09.09	02:41:34.596	0.86817	0.86818			6
2025.09.09	02:41:45.795	0.86819	0.86820			6
2025.09.09	02:42:00.567	0.86819				2
2025.09.09	02:42:30.624	0.86820	0.86821			6
2025.09.09	02:42:41.096	0.86821	0.86822			6
2025.09.09	02:42:56.445	0.86820	0.86821			6
2025.09.09	02:43:00.825	0.86820				2
2025.09.09	02:43:27.901	0.86823	0.86824			6
2025.09.09	02:43:28.835	0.86824	0.86825			6
2025.09.09	02:43:30.643	0.86823	0.86824			6
2025.09.09	02:43:34.120	0.86821	0.86823			6
2025.09.09	02:43:39.896	0.86822	0.86824			6
2025.09.09	02:43:43.116	0.86821	0.86822			6
2025.09.09	02:43:45.516		0.86823			4
2025.09.09	02:43:45.978		0.86822			4
2025.09.09	02:44:00.760	0.86821				2
2025.09.09	02:44:23.977	0.86820	0.86821			6
2025.09.09	02:44:25.730	0.86821	0.86822			6
2025.09.09	02:44:28.336	0.86820	0.86821			6
2025.09.09	02:44:29.542	0.86821	0.86822			6
2025.09.09	02:44:30.141	0.86820				2
2025.09.09	02:44:39.401	0.86821				2
2025.09.09	02:45:01.515	0.86820	0.86821			6
2025.09.09	02:45:03.317	0.86821	0.86822			6
2025.09.09	02:45:03.902	0.86820	0.86821			6
2025.09.09	02:45:13.167	0.86819	0.86820			6
2025.09.09	02:45:14.111	0.86816	0.86817			6
2025.09.09	02:45:35.732	0.86817	0.86818			6
2025.09.09	02:46:01.612	0.86817				2
2025.09.09	02:46:16.014	0.86818	0.86819			6
2025.09.09	02:46:17.377	0.86820	0.86821			6
2025.09.09	02:46:17.957	0.86821	0.86822			6
2025.09.09	02:46:19.009	0.86822	0.86823			6
2025.09.09	02:46:42.793	0.86821	0.86822			6
2025.09.09	02:46:59.096	0.86820	0.86821			6
2025.09.09	02:47:00.554	0.86821	0.86822			6
2025.09.09	02:47:01.282	0.86820	0.86821			6
2025.09.09	02:47:11.390	0.86819	0.86820			6
2025.09.09	02:47:12.118	0.86821	0.86822			6
2025.09.09	02:47:21.575	0.86816	0.86817			6
2025.09.09	02:47:22.980	0.86818	0.86819			6
2025.09.09	02:47:27.113	0.86817				2
2025.09.09	02:47:28.108		0.86818			4
2025.09.09	02:47:38.900	0.86820	0.86821			6
2025.09.09	02:48:02.104	0.86820				2
2025.09.09	02:48:30.057	0.86819	0.86820			6
2025.09.09	02:48:42.562	0.86820	0.86821			6
2025.09.09	02:49:00.684	0.86820				2
2025.09.09	02:49:02.552	0.86819	0.86820			6
2025.09.09	02:49:15.117	0.86821	0.86822			6
2025.09.09	02:49:15.440	0.86822	0.86823			6
2025.09.09	02:49:16.706		0.86824			4
2025.09.09	02:49:17.085		0.86823			4
2025.09.09	02:49:18.582		0.86824			4
2025.09.09	02:49:19.792		0.86823			4
2025.09.09	02:49:20.413	0.86823	0.86824			6
2025.09.09	02:49:20.717	0.86822	0.86823			6
2025.09.09	02:49:21.034	0.86823	0.86824			6
2025.09.09	02:49:34.885	0.86824	0.86825			6
2025.09.09	02:49:35.198	0.86825	0.86826			6
2025.09.09	02:49:37.298	0.86824	0.86825			6
2025.09.09	02:49:38.792	0.86825	0.86826			6
2025.09.09	02:49:40.173	0.86824	0.86825			6
2025.09.09	02:49:54.371	0.86825	0.86826			6
2025.09.09	02:50:00.520	0.86825				2
2025.09.09	02:50:04.908	0.86823	0.86824			6
2025.09.09	02:50:07.760	0.86822	0.86823			6
2025.09.09	02:50:10.399		0.86824			4
2025.09.09	02:50:11.183		0.86823			4
2025.09.09	02:50:14.246		0.86824			4
2025.09.09	02:50:15.485		0.86823			4
2025.09.09	02:50:37.392	0.86823	0.86824			6
2025.09.09	02:50:39.400	0.86821	0.86822			6
2025.09.09	02:50:41.542	0.86822	0.86823			6
2025.09.09	02:50:44.737		0.86824			4
2025.09.09	02:50:45.101		0.86823			4
2025.09.09	02:50:47.157	0.86823	0.86824			6
2025.09.09	02:50:47.927	0.86822	0.86823			6
2025.09.09	02:50:50.011	0.86823	0.86824			6
2025.09.09	02:51:02.636	0.86823				2
2025.09.09	02:51:03.333	0.86822	0.86823			6
2025.09.09	02:51:03.677	0.86823	0.86824			6
2025.09.09	02:51:04.439	0.86822	0.86823			6
2025.09.09	02:51:05.659	0.86823	0.86824			6
2025.09.09	02:51:06.327	0.86822	0.86823			6
2025.09.09	02:51:06.945	0.86823	0.86824			6
2025.09.09	02:51:10.000	0.86822	0.86823			6
2025.09.09	02:51:16.056	0.86823	0.86824			6
2025.09.09	02:51:33.956	0.86822	0.86823			6
2025.09.09	02:51:34.256	0.86823	0.86824			6
2025.09.09	02:51:36.519	0.86822	0.86823			6
2025.09.09	02:51:42.685	0.86823	0.86824			6
2025.09.09	02:51:48.266	0.86822	0.86823			6
2025.09.09	02:52:00.046	0.86822				2
2025.09.09	02:52:01.970	0.86823	0.86824			6
2025.09.09	02:52:13.072	0.86822	0.86823			6
2025.09.09	02:52:13.544	0.86823	0.86824			6
2025.09.09	02:52:13.951	0.86822	0.86823			6
2025.09.09	02:52:15.186	0.86823	0.86824			6
2025.09.09	02:52:18.559	0.86822	0.86823			6
2025.09.09	02:52:19.352	0.86823	0.86824			6
2025.09.09	02:52:57.611	0.86825	0.86826			6
2025.09.09	02:53:00.077	0.86825				2
2025.09.09	02:53:17.963	0.86826	0.86827			6
2025.09.09	02:53:20.801	0.86827	0.86828			6
2025.09.09	02:53:22.699	0.86829	0.86830			6
2025.09.09	02:53:23.312	0.86828	0.86829			6
2025.09.09	02:53:24.077	0.86832	0.86833			6
2025.09.09	02:53:36.518	0.86831	0.86832			6
2025.09.09	02:53:37.347	0.86830	0.86831			6
2025.09.09	02:53:39.474	0.86831	0.86832			6
2025.09.09	02:53:44.601	0.86830	0.86831			6
2025.09.09	02:53:49.226	0.86831	0.86832			6
2025.09.09	02:53:53.385	0.86830	0.86831			6
2025.09.09	02:54:00.549	0.86830				2
2025.09.09	02:54:06.241	0.86831	0.86832			6
2025.09.09	02:54:25.107		0.86833			4
2025.09.09	02:54:25.427		0.86832			4
2025.09.09	02:54:25.891		0.86833			4
2025.09.09	02:54:26.209		0.86832			4
2025.09.09	02:54:37.464	0.86832	0.86833			6
2025.09.09	02:54:57.396	0.86831	0.86832			6
2025.09.09	02:54:57.699	0.86833	0.86834			6
2025.09.09	02:55:00.441	0.86832	0.86833			6
2025.09.09	02:55:13.973	0.86833	0.86834			6
2025.09.09	02:55:33.376	0.86832	0.86833			6
2025.09.09	02:55:38.415	0.86833	0.86834			6
2025.09.09	02:55:48.537	0.86832	0.86833			6
2025.09.09	02:55:49.578	0.86833	0.86834			6
2025.09.09	02:55:58.551	0.86832				2
2025.09.09	02:56:03.971	0.86832				2
2025.09.09	02:56:04.303		0.86833			4
2025.09.09	02:56:05.831		0.86834			4
2025.09.09	02:56:18.649	0.86833				2
2025.09.09	02:56:44.480	0.86836	0.86837			6
2025.09.09	02:56:46.672	0.86837	0.86838			6
2025.09.09	02:57:01.311	0.86837				2
2025.09.09	02:57:08.813		0.86839			4
2025.09.09	02:57:17.375	0.86838				2
2025.09.09	02:57:26.026	0.86837				2
2025.09.09	02:57:27.680		0.86838			4
2025.09.09	02:57:28.473		0.86839			4
2025.09.09	02:57:28.871		0.86838			4
2025.09.09	02:57:29.372		0.86839			4
2025.09.09	02:57:30.572		0.86838			4
2025.09.09	02:57:31.898		0.86839			4
2025.09.09	02:57:33.639		0.86838			4
2025.09.09	02:57:34.067	0.86835	0.86836			6
2025.09.09	02:57:34.376		0.86837			4
2025.09.09	02:57:34.755		0.86836			4
2025.09.09	02:57:36.448		0.86837			4
2025.09.09	02:57:36.974		0.86836			4
2025.09.09	02:57:41.817		0.86837			4
2025.09.09	02:57:43.792		0.86836			4
2025.09.09	02:57:57.592		0.86837			4
2025.09.09	02:57:58.439		0.86836			4
2025.09.09	02:58:00.584	0.86835				2
2025.09.09	02:58:04.598	0.86836	0.86837			6
2025.09.09	02:58:04.908		0.86838			4
2025.09.09	02:58:05.452		0.86837			4
2025.09.09	02:58:05.794		0.86838			4
2025.09.09	02:58:06.399	0.86837				2
2025.09.09	02:58:08.329		0.86839			4
2025.09.09	02:58:13.206		0.86838			4
2025.09.09	02:58:15.296		0.86839			4
2025.09.09	02:58:27.182	0.86836	0.86838			6
2025.09.09	02:58:27.549	0.86837				2
2025.09.09	02:58:27.923	0.86836				2
2025.09.09	02:58:28.377	0.86837				2
2025.09.09	02:58:29.106	0.86835	0.86837			6
2025.09.09	02:58:34.558		0.86836			4
2025.09.09	02:58:37.993		0.86837			4
2025.09.09	02:58:41.583		0.86836			4
2025.09.09	02:58:41.933		0.86837			4
2025.09.09	02:58:42.481		0.86836			4
2025.09.09	02:58:46.336	0.86834	0.86835			6
2025.09.09	02:58:51.364	0.86835	0.86836			6
2025.09.09	02:58:51.694	0.86836	0.86837			6
2025.09.09	02:58:57.512	0.86835				2
2025.09.09	02:58:57.821	0.86836				2
2025.09.09	02:59:00.902	0.86836				2
2025.09.09	02:59:01.209	0.86835	0.86836			6
2025.09.09	02:59:04.094	0.86836	0.86837			6
2025.09.09	02:59:10.423	0.86835				2
2025.09.09	02:59:11.203		0.86836			4
2025.09.09	02:59:19.133	0.86834	0.86835			6
2025.09.09	02:59:24.424		0.86836			4
2025.09.09	02:59:24.958		0.86835			4
2025.09.09	02:59:37.029	0.86833				2
2025.09.09	02:59:39.630	0.86832				2
2025.09.09	02:59:47.904	0.86833				2
2025.09.09	02:59:53.246	0.86834				2
2025.09.09	02:59:53.579		0.86836			4
2025.09.09	02:59:59.481	0.86833	0.86835			6
2025.09.09	03:00:00.042	0.86833				2
2025.09.09	03:00:00.349		0.86834			4
2025.09.09	03:00:01.406	0.86832				2
2025.09.09	03:00:03.077	0.86833	0.86835			6
2025.09.09	03:00:03.742	0.86831	0.86834			6
2025.09.09	03:00:04.055	0.86833				2
2025.09.09	03:00:05.127		0.86835			4
2025.09.09	03:00:05.815	0.86834				2
2025.09.09	03:00:06.587	0.86835	0.86836			6
2025.09.09	03:00:07.664	0.86834	0.86835			6
2025.09.09	03:00:09.605	0.86835	0.86836			6
2025.09.09	03:00:13.011	0.86834	0.86835			6
2025.09.09	03:00:14.411	0.86835	0.86836			6
2025.09.09	03:00:14.959	0.86834	0.86835			6
2025.09.09	03:00:15.297	0.86835	0.86836			6
2025.09.09	03:00:19.935	0.86836	0.86837			6
2025.09.09	03:00:20.650	0.86835	0.86836			6
2025.09.09	03:00:21.859	0.86836	0.86837			6
2025.09.09	03:00:22.628	0.86834	0.86835			6
2025.09.09	03:00:23.322	0.86835	0.86836			6
2025.09.09	03:00:23.778	0.86834	0.86835			6
2025.09.09	03:00:24.697	0.86835	0.86836			6
2025.09.09	03:00:27.005	0.86836	0.86837			6
2025.09.09	03:00:27.777	0.86839	0.86841			6
2025.09.09	03:00:29.504	0.86840				2
2025.09.09	03:00:30.391	0.86839				2
2025.09.09	03:00:30.699	0.86842	0.86843			6
2025.09.09	03:00:32.545	0.86843	0.86844			6
2025.09.09	03:00:34.352	0.86844	0.86845			6
2025.09.09	03:00:34.660	0.86843	0.86844			6
2025.09.09	03:00:34.985	0.86842				2
2025.09.09	03:00:35.290	0.86841	0.86842			6
2025.09.09	03:00:35.627	0.86839	0.86841			6
2025.09.09	03:00:36.261	0.86838	0.86840			6
2025.09.09	03:00:36.985	0.86837	0.86839			6
2025.09.09	03:00:37.300	0.86836	0.86838			6
2025.09.09	03:00:37.910	0.86835	0.86837			6
2025.09.09	03:00:38.724	0.86836	0.86838			6
2025.09.09	03:00:39.041	0.86837	0.86839			6
2025.09.09	03:00:39.680	0.86836	0.86838			6
2025.09.09	03:00:40.017	0.86837	0.86839			6
2025.09.09	03:00:40.323	0.86838				2
2025.09.09	03:00:42.034	0.86839	0.86840			6
2025.09.09	03:00:42.827	0.86838	0.86839			6
2025.09.09	03:00:48.095	0.86839	0.86840			6
2025.09.09	03:00:56.382	0.86838	0.86839			6
2025.09.09	03:00:56.738	0.86839	0.86840			6
2025.09.09	03:00:57.285	0.86837	0.86839			6
2025.09.09	03:00:57.704	0.86838				2
2025.09.09	03:00:58.282	0.86836	0.86838			6
2025.09.09	03:00:59.353	0.86837				2
2025.09.09	03:01:00.536	0.86837				2
2025.09.09	03:01:07.867		0.86839			4
2025.09.09	03:01:08.275		0.86838			4
2025.09.09	03:01:09.033	0.86836	0.86837			6
2025.09.09	03:01:09.461		0.86838			4
2025.09.09	03:01:09.837	0.86837				2
2025.09.09	03:01:14.962		0.86839			4
2025.09.09	03:01:15.733		0.86838			4
2025.09.09	03:01:17.996	0.86836				2
2025.09.09	03:01:19.722		0.86837			4
2025.09.09	03:01:22.401	0.86837	0.86838			6
2025.09.09	03:01:22.953	0.86836	0.86837			6
2025.09.09	03:01:27.387		0.86838			4
2025.09.09	03:01:27.972		0.86837			4
2025.09.09	03:01:30.293	0.86835				2
2025.09.09	03:01:31.642	0.86834	0.86836			6
2025.09.09	03:01:32.055		0.86835			4
2025.09.09	03:01:36.240	0.86833	0.86834			6
2025.09.09	03:01:37.048	0.86832				2
2025.09.09	03:01:38.320	0.86833				2
2025.09.09	03:01:40.020	0.86837	0.86838			6
2025.09.09	03:01:40.969	0.86836	0.86837			6
2025.09.09	03:01:41.277	0.86833	0.86835			6
2025.09.09	03:01:46.349	0.86834				2
2025.09.09	03:01:47.940	0.86833				2
2025.09.09	03:01:48.865	0.86832	0.86834			6
2025.09.09	03:01:50.315	0.86833				2
2025.09.09	03:01:53.970	0.86832				2
2025.09.09	03:01:54.697	0.86833				2
2025.09.09	03:01:55.028	0.86832				2
2025.09.09	03:01:55.632	0.86833				2
2025.09.09	03:01:56.465	0.86834	0.86835			6
2025.09.09	03:01:57.111	0.86835	0.86836			6
2025.09.09	03:01:58.477	0.86836	0.86837			6
2025.09.09	03:01:59.257	0.86835	0.86836			6
2025.09.09	03:01:59.583	0.86836	0.86837			6
2025.09.09	03:02:00.065	0.86833	0.86834			6
2025.09.09	03:02:01.038		0.86835			4
2025.09.09	03:02:01.659		0.86834			4
2025.09.09	03:02:06.547	0.86834	0.86835			6
2025.09.09	03:02:06.857	0.86833				2
2025.09.09	03:02:07.236		0.86834			4
2025.09.09	03:02:11.927	0.86832				2
2025.09.09	03:02:12.241	0.86833				2
2025.09.09	03:02:17.763	0.86832				2
2025.09.09	03:02:18.095		0.86833			4
2025.09.09	03:02:18.423		0.86834			4
2025.09.09	03:02:24.791	0.86833				2
2025.09.09	03:02:35.862		0.86835			4
2025.09.09	03:02:36.885		0.86834			4
2025.09.09	03:02:39.331		0.86835			4
2025.09.09	03:02:39.679		0.86834			4
2025.09.09	03:02:41.324		0.86835			4
2025.09.09	03:02:43.623		0.86834			4
2025.09.09	03:02:43.955	0.86834	0.86835			6
2025.09.09	03:02:45.962		0.86836			4
2025.09.09	03:02:46.773	0.86832	0.86834			6
2025.09.09	03:02:48.239		0.86833			4
2025.09.09	03:02:59.847	0.86831				2
2025.09.09	03:03:00.160	0.86832	0.86834			6
2025.09.09	03:03:00.476		0.86833			4
2025.09.09	03:03:01.250	0.86831				2
2025.09.09	03:03:02.062	0.86832	0.86834			6
2025.09.09	03:03:02.732		0.86833			4
2025.09.09	03:03:03.041		0.86834			4
2025.09.09	03:03:03.380		0.86833			4
2025.09.09	03:03:06.416	0.86831				2
2025.09.09	03:03:07.196	0.86832				2
2025.09.09	03:03:07.521	0.86831	0.86832			6
2025.09.09	03:03:23.756	0.86832	0.86833			6
2025.09.09	03:03:28.149	0.86831				2
2025.09.09	03:03:30.050	0.86832				2
2025.09.09	03:03:30.881	0.86834	0.86836			6
2025.09.09	03:03:31.374	0.86833	0.86834			6
2025.09.09	03:03:31.694	0.86832				2
2025.09.09	03:03:32.542	0.86833	0.86835			6
2025.09.09	03:03:33.065	0.86832	0.86834			6
2025.09.09	03:03:33.843	0.86833				2
2025.09.09	03:03:35.659		0.86835			4
2025.09.09	03:03:38.232	0.86834				2
2025.09.09	03:03:40.513	0.86833				2
2025.09.09	03:03:41.203	0.86832	0.86834			6
2025.09.09	03:03:41.802		0.86833			4
2025.09.09	03:03:45.512		0.86834			4
2025.09.09	03:03:47.540	0.86834	0.86836			6
2025.09.09	03:03:47.908		0.86835			4
2025.09.09	03:03:48.921		0.86836			4
2025.09.09	03:03:50.085	0.86833	0.86835			6
2025.09.09	03:03:54.461	0.86834				2
2025.09.09	03:03:54.806		0.86836			4
2025.09.09	03:03:55.280	0.86835				2
2025.09.09	03:03:57.017	0.86833	0.86834			6
2025.09.09	03:03:57.371	0.86832				2
2025.09.09	03:04:00.003	0.86833				2
2025.09.09	03:04:02.521	0.86832				2
2025.09.09	03:04:16.149	0.86831	0.86833			6
2025.09.09	03:04:16.481	0.86832				2
2025.09.09	03:04:16.990		0.86834			4
2025.09.09	03:04:18.101		0.86833			4
2025.09.09	03:04:18.413	0.86833	0.86834			6
2025.09.09	03:04:18.719	0.86832				2
2025.09.09	03:04:19.894	0.86833				2
2025.09.09	03:04:20.313	0.86832				2
2025.09.09	03:04:23.536	0.86833				2
2025.09.09	03:04:24.380	0.86834	0.86835			6
2025.09.09	03:04:26.730	0.86833				2
2025.09.09	03:04:28.763	0.86832				2
2025.09.09	03:04:31.062	0.86834				2
2025.09.09	03:04:33.924	0.86833				2
2025.09.09	03:04:37.703		0.86834			4
2025.09.09	03:04:38.298	0.86834	0.86835			6
2025.09.09	03:04:38.616		0.86836			4
2025.09.09	03:04:39.276	0.86835				2
2025.09.09	03:04:39.679	0.86834				2
2025.09.09	03:04:42.252	0.86835				2
2025.09.09	03:04:45.133		0.86837			4
2025.09.09	03:04:46.631		0.86836			4
2025.09.09	03:04:50.827		0.86837			4
2025.09.09	03:04:51.701		0.86836			4
2025.09.09	03:04:53.966		0.86837			4
2025.09.09	03:04:54.389		0.86836			4
2025.09.09	03:04:56.977		0.86837			4
2025.09.09	03:04:57.293	0.86836				2
2025.09.09	03:05:00.143	0.86835	0.86836			6
2025.09.09	03:05:03.735	0.86833	0.86835			6
2025.09.09	03:05:04.122	0.86832				2
2025.09.09	03:05:04.502	0.86833				2
2025.09.09	03:05:06.933	0.86834				2
2025.09.09	03:05:18.380	0.86833				2
2025.09.09	03:05:26.351	0.86834				2
2025.09.09	03:05:27.283	0.86836	0.86837			6
2025.09.09	03:05:27.623	0.86835				2
2025.09.09	03:05:27.928	0.86836				2
2025.09.09	03:05:28.349	0.86835				2
2025.09.09	03:05:30.768		0.86836			4
2025.09.09	03:05:31.306		0.86837			4
2025.09.09	03:05:32.958		0.86836			4
2025.09.09	03:05:33.276	0.86836	0.86837			6
2025.09.09	03:05:33.637	0.86835				2
2025.09.09	03:05:35.924	0.86837	0.86838			6
2025.09.09	03:05:38.590	0.86836				2
2025.09.09	03:05:38.997	0.86837				2
2025.09.09	03:05:43.683	0.86836				2
2025.09.09	03:05:47.351		0.86837			4
2025.09.09	03:05:50.290	0.86835				2
2025.09.09	03:05:51.701		0.86836			4
2025.09.09	03:06:00.562	0.86837	0.86838			6
2025.09.09	03:06:00.867		0.86839			4
2025.09.09	03:06:01.891	0.86838				2
2025.09.09	03:06:18.556		0.86840			4
2025.09.09	03:06:34.035	0.86837	0.86838			6
2025.09.09	03:06:34.338	0.86836				2
2025.09.09	03:06:34.675	0.86837	0.86839			6
2025.09.09	03:06:44.521		0.86838			4
2025.09.09	03:06:45.567	0.86836				2
2025.09.09	03:06:46.402	0.86837				2
2025.09.09	03:06:52.269		0.86839			4
2025.09.09	03:07:00.015	0.86835	0.86837			6
2025.09.09	03:07:00.378		0.86836			4
2025.09.09	03:07:01.372	0.86836	0.86837			6
2025.09.09	03:07:04.276	0.86835				2
2025.09.09	03:07:05.930	0.86836				2
2025.09.09	03:07:06.427	0.86835				2
2025.09.09	03:07:07.910		0.86836			4
2025.09.09	03:07:10.321	0.86834				2
2025.09.09	03:07:16.841		0.86835			4
2025.09.09	03:07:17.188		0.86836			4
2025.09.09	03:07:22.897		0.86835			4
2025.09.09	03:07:26.403	0.86835	0.86836			6
2025.09.09	03:07:28.167	0.86836	0.86837			6
2025.09.09	03:07:29.843	0.86837	0.86838			6
2025.09.09	03:07:33.357	0.86836				2
2025.09.09	03:07:34.139		0.86837			4
2025.09.09	03:07:38.298		0.86838			4
2025.09.09	03:07:38.607		0.86837			4
2025.09.09	03:07:39.665		0.86838			4
2025.09.09	03:07:40.067		0.86837			4
2025.09.09	03:07:53.119	0.86837	0.86838			6
2025.09.09	03:07:53.420	0.86834	0.86835			6
2025.09.09	03:07:53.871	0.86835	0.86836			6
2025.09.09	03:07:54.547	0.86834	0.86835			6
2025.09.09	03:08:00.167	0.86834				2
2025.09.09	03:08:01.711	0.86835	0.86836			6
2025.09.09	03:08:05.223	0.86833	0.86835			6
2025.09.09	03:08:05.631		0.86834			4
2025.09.09	03:08:12.064		0.86835			4
2025.09.09	03:08:13.787		0.86834			4
2025.09.09	03:08:21.676	0.86832	0.86833			6
2025.09.09	03:08:22.215	0.86833	0.86834			6
2025.09.09	03:08:22.518	0.86832	0.86833			6
2025.09.09	03:08:22.861		0.86834			4
2025.09.09	03:08:23.196		0.86833			4
2025.09.09	03:08:27.153	0.86834	0.86835			6
2025.09.09	03:08:31.044	0.86835	0.86836			6
2025.09.09	03:08:31.536	0.86834	0.86835			6
2025.09.09	03:08:40.845	0.86835	0.86836			6
2025.09.09	03:08:41.154	0.86834	0.86835			6
2025.09.09	03:08:46.404	0.86833	0.86834			6
2025.09.09	03:08:53.506	0.86834	0.86835			6
2025.09.09	03:08:54.416	0.86833	0.86834			6
2025.09.09	03:08:56.380	0.86835	0.86836			6
2025.09.09	03:08:56.690	0.86832	0.86834			6
2025.09.09	03:08:57.062		0.86833			4
2025.09.09	03:09:00.699	0.86832				2
2025.09.09	03:09:12.930	0.86830	0.86832			6
2025.09.09	03:09:13.272		0.86831			4
2025.09.09	03:09:19.555	0.86829	0.86830			6
2025.09.09	03:09:23.401	0.86828				2
2025.09.09	03:09:23.717		0.86829			4
2025.09.09	03:09:24.049	0.86827	0.86828			6
2025.09.09	03:09:29.406	0.86826	0.86827			6
2025.09.09	03:09:31.397		0.86828			4
2025.09.09	03:09:31.754		0.86827			4
2025.09.09	03:09:33.600		0.86828			4
2025.09.09	03:09:34.041		0.86827			4
2025.09.09	03:09:39.366	0.86827	0.86828			6
2025.09.09	03:09:43.480		0.86829			4
2025.09.09	03:09:43.814	0.86826	0.86828			6
2025.09.09	03:09:44.162	0.86827				2
