<DATE>	<TIME>	<BID>	<ASK>	<LAST>	<VOLUME>	<FLAGS>
2025.12.16	00:03:31.454	0.87752	0.87942			6
2025.12.16	00:03:49.080	0.87755				2
2025.12.16	00:04:00.499	0.87755				2
2025.12.16	00:04:06.525	0.87774				2
2025.12.16	00:04:15.304	0.87773				2
2025.12.16	00:04:40.534		0.87942			4
2025.12.16	00:04:42.305	0.87772				2
2025.12.16	00:04:48.858		0.87948			4
2025.12.16	00:05:00.450	0.87772				2
2025.12.16	00:05:05.857	0.87774				2
2025.12.16	00:05:08.351	0.87780				2
2025.12.16	00:05:08.665	0.87772	0.87943			6
2025.12.16	00:05:10.809	0.87769	0.87940			6
2025.12.16	00:05:11.356	0.87789	0.87948			6
2025.12.16	00:05:11.935	0.87779				2
2025.12.16	00:05:15.433	0.87778				2
2025.12.16	00:05:16.825	0.87761				2
2025.12.16	00:05:17.958	0.87779				2
2025.12.16	00:05:19.964	0.87761				2
2025.12.16	00:05:20.851	0.87763				2
2025.12.16	00:05:21.153	0.87782				2
2025.12.16	00:05:22.061	0.87799				2
2025.12.16	00:05:26.209	0.87798				2
2025.12.16	00:05:29.739	0.87799				2
2025.12.16	00:05:35.138	0.87805				2
2025.12.16	00:05:36.557	0.87808				2
2025.12.16	00:05:37.309	0.87815				2
2025.12.16	00:05:40.559	0.87812				2
2025.12.16	00:05:40.915	0.87815				2
2025.12.16	00:05:43.858		0.87942			4
2025.12.16	00:05:45.676	0.87816				2
2025.12.16	00:05:46.443	0.87814				2
2025.12.16	00:05:52.426	0.87818				2
2025.12.16	00:05:52.996	0.87824				2
2025.12.16	00:06:00.500	0.87824				2
2025.12.16	00:06:05.525	0.87822				2
2025.12.16	00:06:06.558	0.87821				2
2025.12.16	00:06:07.518	0.87823				2
2025.12.16	00:06:08.564	0.87822				2
2025.12.16	00:06:09.515	0.87821				2
2025.12.16	00:06:10.513	0.87822				2
2025.12.16	00:06:11.015	0.87832				2
2025.12.16	00:06:11.514	0.87821				2
2025.12.16	00:06:12.515	0.87830				2
2025.12.16	00:06:13.019	0.87832				2
2025.12.16	00:06:13.514	0.87825				2
2025.12.16	00:06:14.909	0.87823				2
2025.12.16	00:06:16.014	0.87825				2
2025.12.16	00:06:16.520	0.87824				2
2025.12.16	00:06:17.014	0.87827				2
2025.12.16	00:06:17.534	0.87821				2
2025.12.16	00:06:17.878	0.87827				2
2025.12.16	00:06:18.822	0.87812				2
2025.12.16	00:06:19.814	0.87810				2
2025.12.16	00:06:28.032	0.87806				2
2025.12.16	00:06:28.534	0.87811				2
2025.12.16	00:06:29.028	0.87810				2
2025.12.16	00:06:29.549	0.87811				2
2025.12.16	00:06:33.515	0.87810				2
2025.12.16	00:06:38.174	0.87809				2
2025.12.16	00:06:38.673	0.87812	0.87949			6
2025.12.16	00:06:39.538	0.87810				2
2025.12.16	00:06:44.068	0.87806				2
2025.12.16	00:06:44.557	0.87817				2
2025.12.16	00:06:45.558	0.87813				2
2025.12.16	00:06:48.308	0.87807				2
2025.12.16	00:06:49.150	0.87813				2
2025.12.16	00:06:57.148	0.87806				2
2025.12.16	00:06:58.347	0.87798				2
2025.12.16	00:07:00.354	0.87800				2
2025.12.16	00:07:02.013	0.87804				2
2025.12.16	00:07:02.425	0.87801				2
2025.12.16	00:07:03.014	0.87807				2
2025.12.16	00:07:03.525	0.87800				2
2025.12.16	00:07:04.345	0.87804				2
2025.12.16	00:07:05.014	0.87809				2
2025.12.16	00:07:05.529	0.87805				2
2025.12.16	00:07:06.014	0.87815				2
2025.12.16	00:07:06.550	0.87814				2
2025.12.16	00:07:07.012	0.87805				2
2025.12.16	00:07:07.513	0.87814				2
2025.12.16	00:07:08.059	0.87805				2
2025.12.16	00:07:08.512	0.87814				2
2025.12.16	00:07:09.014	0.87812				2
2025.12.16	00:07:14.280	0.87790				2
2025.12.16	00:07:18.515	0.87781				2
2025.12.16	00:07:20.014	0.87782				2
2025.12.16	00:07:21.013	0.87786				2
2025.12.16	00:07:22.350	0.87788				2
2025.12.16	00:07:28.814	0.87785				2
2025.12.16	00:07:29.823	0.87783				2
2025.12.16	00:07:30.318	0.87793				2
2025.12.16	00:07:30.821	0.87786				2
2025.12.16	00:07:31.318	0.87785				2
2025.12.16	00:07:31.818	0.87788				2
2025.12.16	00:07:32.327	0.87789				2
2025.12.16	00:07:33.860		0.87942			4
2025.12.16	00:07:35.516	0.87785				2
2025.12.16	00:07:38.945	0.87788				2
2025.12.16	00:07:49.574	0.87782				2
2025.12.16	00:07:50.074	0.87789				2
2025.12.16	00:07:50.378	0.87788				2
2025.12.16	00:07:54.322	0.87782				2
2025.12.16	00:08:00.025	0.87782				2
2025.12.16	00:08:05.544	0.87778				2
2025.12.16	00:08:06.014	0.87782				2
2025.12.16	00:08:06.349	0.87780				2
2025.12.16	00:08:09.309	0.87779				2
2025.12.16	00:08:15.514	0.87778				2
2025.12.16	00:08:17.325	0.87780				2
2025.12.16	00:08:17.765	0.87777				2
2025.12.16	00:08:18.794	0.87786				2
2025.12.16	00:08:20.013	0.87782				2
2025.12.16	00:08:20.513	0.87787				2
2025.12.16	00:08:21.514	0.87782				2
2025.12.16	00:08:22.013	0.87786				2
2025.12.16	00:08:23.014	0.87787				2
2025.12.16	00:08:23.502	0.87784				2
2025.12.16	00:08:24.014	0.87786				2
2025.12.16	00:08:24.350	0.87789				2
2025.12.16	00:08:24.728	0.87788				2
2025.12.16	00:08:25.743	0.87786				2
2025.12.16	00:08:26.513	0.87789				2
2025.12.16	00:08:27.013	0.87788				2
2025.12.16	00:08:37.198	0.87783	0.87942			6
2025.12.16	00:08:37.742	0.87782				2
2025.12.16	00:08:38.246	0.87781				2
2025.12.16	00:08:38.734	0.87782				2
2025.12.16	00:08:39.237	0.87781				2
2025.12.16	00:08:39.720	0.87782				2
2025.12.16	00:08:49.487	0.87781				2
2025.12.16	00:08:57.515	0.87777				2
2025.12.16	00:08:59.980	0.87782				2
2025.12.16	00:09:00.380	0.87781				2
2025.12.16	00:09:01.013	0.87785				2
2025.12.16	00:09:16.041	0.87778				2
2025.12.16	00:09:16.538	0.87781				2
2025.12.16	00:09:17.045	0.87771				2
2025.12.16	00:09:17.549	0.87785				2
2025.12.16	00:09:32.075	0.87778				2
2025.12.16	00:09:32.543	0.87783				2
2025.12.16	00:09:40.644		0.87942			4
2025.12.16	00:09:40.973	0.87770				2
2025.12.16	00:09:41.650	0.87783				2
2025.12.16	00:09:42.093	0.87778				2
2025.12.16	00:09:42.649	0.87784				2
2025.12.16	00:09:43.151	0.87772				2
2025.12.16	00:09:43.654	0.87782				2
2025.12.16	00:09:44.154	0.87783				2
2025.12.16	00:09:44.620	0.87784				2
2025.12.16	00:09:55.640	0.87812				2
2025.12.16	00:09:59.157	0.87811				2
2025.12.16	00:10:00.189	0.87841	0.87923			6
2025.12.16	00:10:01.645	0.87754				2
2025.12.16	00:10:02.590	0.87755				2
2025.12.16	00:10:02.911	0.87756				2
2025.12.16	00:10:03.280		0.87924			4
2025.12.16	00:10:05.726	0.87772				2
2025.12.16	00:10:11.458	0.87849	0.87927			6
2025.12.16	00:11:00.280	0.87849				2
2025.12.16	00:11:04.624	0.87771	0.87931			6
2025.12.16	00:11:05.765	0.87823	0.87928			6
2025.12.16	00:11:06.242	0.87831	0.87920			6
2025.12.16	00:11:07.484	0.87828	0.87921			6
2025.12.16	00:11:07.982	0.87830	0.87920			6
2025.12.16	00:11:08.515	0.87829				2
2025.12.16	00:11:09.482	0.87849	0.87925			6
2025.12.16	00:11:10.398	0.87830	0.87921			6
2025.12.16	00:11:10.736	0.87831	0.87920			6
2025.12.16	00:11:11.041	0.87830				2
2025.12.16	00:11:11.875	0.87825	0.87921			6
2025.12.16	00:11:12.177	0.87830				2
2025.12.16	00:11:12.513	0.87827				2
2025.12.16	00:11:13.013	0.87831				2
2025.12.16	00:11:17.047		0.87920			4
2025.12.16	00:11:17.482	0.87830				2
2025.12.16	00:11:17.811	0.87832				2
2025.12.16	00:11:18.191		0.87921			4
2025.12.16	00:11:18.498	0.87836	0.87920			6
2025.12.16	00:11:19.493	0.87838				2
2025.12.16	00:11:22.010	0.87849	0.87925			6
2025.12.16	00:11:22.948	0.87837	0.87920			6
2025.12.16	00:11:28.453	0.87849	0.87927			6
2025.12.16	00:11:28.767		0.87925			4
2025.12.16	00:11:29.393		0.87920			4
2025.12.16	00:11:29.711	0.87838				2
2025.12.16	00:11:34.176	0.87839				2
2025.12.16	00:11:34.804	0.87849	0.87925			6
2025.12.16	00:11:35.738	0.87839	0.87920			6
2025.12.16	00:11:37.532	0.87837	0.87921			6
2025.12.16	00:11:39.528	0.87831				2
2025.12.16	00:11:39.838	0.87834				2
2025.12.16	00:11:40.532	0.87832				2
2025.12.16	00:11:41.033	0.87838	0.87919			6
2025.12.16	00:11:41.565	0.87836				2
2025.12.16	00:11:42.031		0.87921			4
2025.12.16	00:11:42.532	0.87837				2
2025.12.16	00:11:42.936	0.87838				2
2025.12.16	00:11:43.574	0.87834				2
2025.12.16	00:11:44.567	0.87836	0.87920			6
2025.12.16	00:11:45.276		0.87921			4
2025.12.16	00:11:45.578	0.87835	0.87920			6
2025.12.16	00:11:46.035	0.87840				2
2025.12.16	00:11:46.534	0.87838	0.87921			6
2025.12.16	00:11:46.893	0.87835				2
2025.12.16	00:11:48.569	0.87837				2
2025.12.16	00:11:48.943	0.87834				2
2025.12.16	00:11:49.441	0.87836	0.87920			6
2025.12.16	00:11:49.947		0.87921			4
2025.12.16	00:11:50.444	0.87832				2
2025.12.16	00:11:50.824	0.87835				2
2025.12.16	00:11:51.317	0.87836				2
2025.12.16	00:11:51.954	0.87835				2
2025.12.16	00:11:52.974	0.87838				2
2025.12.16	00:11:53.409	0.87837				2
2025.12.16	00:11:53.740	0.87839	0.87920			6
2025.12.16	00:11:54.444	0.87835	0.87921			6
2025.12.16	00:11:56.676		0.87912			4
2025.12.16	00:11:56.977	0.87832				2
2025.12.16	00:11:57.843	0.87833	0.87911			6
2025.12.16	00:11:59.316	0.87834				2
2025.12.16	00:11:59.977	0.87833				2
2025.12.16	00:12:02.558	0.87833				2
2025.12.16	00:12:06.345		0.87912			4
2025.12.16	00:12:07.654	0.87849	0.87908			6
2025.12.16	00:12:08.767	0.87844	0.87912			6
2025.12.16	00:12:18.278		0.87911			4
2025.12.16	00:12:19.513	0.87843	0.87912			6
2025.12.16	00:12:21.877	0.87844				2
2025.12.16	00:12:24.154		0.87911			4
2025.12.16	00:12:25.209	0.87842	0.87913			6
2025.12.16	00:12:28.344		0.87912			4
2025.12.16	00:12:28.645	0.87832				2
2025.12.16	00:12:28.977	0.87844				2
2025.12.16	00:12:29.612		0.87911			4
2025.12.16	00:12:32.077	0.87845	0.87910			6
2025.12.16	00:12:32.613	0.87842	0.87913			6
2025.12.16	00:12:33.732	0.87841	0.87912			6
2025.12.16	00:12:37.923	0.87829	0.87904			6
2025.12.16	00:12:38.248	0.87827	0.87905			6
2025.12.16	00:12:38.769	0.87833	0.87899			6
2025.12.16	00:12:39.730	0.87825	0.87905			6
2025.12.16	00:12:40.690	0.87828	0.87906			6
2025.12.16	00:12:41.094		0.87907			4
2025.12.16	00:12:41.446	0.87826				2
2025.12.16	00:12:42.538	0.87827	0.87905			6
2025.12.16	00:12:42.970	0.87826	0.87904			6
2025.12.16	00:12:45.669	0.87827				2
2025.12.16	00:12:47.282	0.87828	0.87903			6
2025.12.16	00:12:47.754	0.87825	0.87906			6
2025.12.16	00:12:48.251	0.87827	0.87904			6
2025.12.16	00:12:55.518		0.87903			4
2025.12.16	00:12:55.835	0.87825	0.87904			6
2025.12.16	00:12:56.522	0.87826				2
2025.12.16	00:13:00.033	0.87827				2
2025.12.16	00:13:03.111	0.87828	0.87903			6
2025.12.16	00:13:06.277	0.87827	0.87904			6
2025.12.16	00:13:07.517	0.87825	0.87905			6
2025.12.16	00:13:08.424	0.87826				2
2025.12.16	00:13:10.086	0.87829				2
2025.12.16	00:13:11.250	0.87823				2
2025.12.16	00:13:11.558	0.87824	0.87907			6
2025.12.16	00:13:12.109	0.87827				2
2025.12.16	00:13:22.519	0.87828	0.87906			6
2025.12.16	00:13:26.021	0.87829				2
2025.12.16	00:13:33.609	0.87830				2
2025.12.16	00:13:48.262	0.87817				2
2025.12.16	00:13:52.828	0.87816				2
2025.12.16	00:14:00.314	0.87816				2
2025.12.16	00:14:06.088	0.87817				2
2025.12.16	00:14:26.974		0.87906			4
2025.12.16	00:14:29.950	0.87822	0.87905			6
2025.12.16	00:14:31.926	0.87821				2
2025.12.16	00:14:38.913	0.87825				2
2025.12.16	00:14:41.548	0.87826	0.87904			6
2025.12.16	00:14:42.944	0.87824				2
2025.12.16	00:14:45.094	0.87823				2
2025.12.16	00:14:45.519	0.87819				2
2025.12.16	00:14:46.943	0.87822				2
2025.12.16	00:14:49.095	0.87823	0.87903			6
2025.12.16	00:14:50.343	0.87821	0.87904			6
2025.12.16	00:14:50.947	0.87802				2
2025.12.16	00:14:51.520	0.87804				2
2025.12.16	00:14:53.525	0.87803				2
2025.12.16	00:14:57.152	0.87804				2
2025.12.16	00:15:00.306	0.87804				2
2025.12.16	00:15:01.088	0.87805				2
2025.12.16	00:15:01.398	0.87799	0.87905			6
2025.12.16	00:15:01.776	0.87803	0.87902			6
2025.12.16	00:15:02.757	0.87804	0.87899			6
2025.12.16	00:15:03.910	0.87805	0.87898			6
2025.12.16	00:15:04.216		0.87897			4
2025.12.16	00:15:04.885	0.87811				2
2025.12.16	00:15:05.197		0.87900			4
2025.12.16	00:15:05.498	0.87813	0.87896			6
2025.12.16	00:15:05.850	0.87811	0.87892			6
2025.12.16	00:15:06.199	0.87810	0.87893			6
2025.12.16	00:15:06.694	0.87804	0.87894			6
2025.12.16	00:15:07.044	0.87806	0.87893			6
2025.12.16	00:15:08.980	0.87807	0.87891			6
2025.12.16	00:15:09.281		0.87892			4
2025.12.16	00:15:10.695	0.87812	0.87898			6
2025.12.16	00:15:11.700		0.87897			4
2025.12.16	00:15:12.697	0.87822	0.87896			6
2025.12.16	00:15:19.480		0.87895			4
2025.12.16	00:15:23.727	0.87836				2
2025.12.16	00:15:24.037	0.87828				2
2025.12.16	00:15:24.786	0.87829				2
2025.12.16	00:15:31.357	0.87828	0.87897			6
2025.12.16	00:15:31.657	0.87827				2
2025.12.16	00:15:52.072		0.87896			4
2025.12.16	00:15:57.955		0.87897			4
2025.12.16	00:16:00.364	0.87827				2
2025.12.16	00:16:07.760		0.87895			4
2025.12.16	00:16:08.062	0.87828	0.87894			6
2025.12.16	00:16:08.814	0.87825	0.87893			6
2025.12.16	00:16:11.866	0.87826	0.87892			6
2025.12.16	00:16:13.435		0.87893			4
2025.12.16	00:16:14.458		0.87895			4
2025.12.16	00:16:17.014	0.87828				2
2025.12.16	00:16:24.790	0.87845				2
2025.12.16	00:16:30.941	0.87844				2
2025.12.16	00:16:34.560	0.87842	0.87896			6
2025.12.16	00:16:40.410	0.87843				2
2025.12.16	00:16:56.021	0.87844	0.87897			6
2025.12.16	00:17:00.475	0.87844				2
2025.12.16	00:17:07.557	0.87842				2
2025.12.16	00:17:24.866	0.87828				2
2025.12.16	00:17:33.766	0.87825				2
2025.12.16	00:17:35.376		0.87896			4
2025.12.16	00:17:54.312		0.87887			4
2025.12.16	00:17:54.926	0.87824				2
2025.12.16	00:17:59.426	0.87823	0.87889			6
2025.12.16	00:18:01.551	0.87823				2
2025.12.16	00:18:27.574	0.87827				2
2025.12.16	00:18:42.885	0.87828				2
2025.12.16	00:18:48.195	0.87826				2
2025.12.16	00:18:59.451		0.87889			4
2025.12.16	00:19:00.782	0.87827				2
2025.12.16	00:20:00.197	0.87844	0.87900			6
2025.12.16	00:20:03.588		0.87901			4
2025.12.16	00:20:09.041		0.87900			4
2025.12.16	00:20:14.978		0.87901			4
2025.12.16	00:20:25.329	0.87845	0.87900			6
2025.12.16	00:20:26.378		0.87899			4
2025.12.16	00:20:44.091		0.87900			4
2025.12.16	00:20:44.408	0.87846	0.87899			6
2025.12.16	00:20:44.844	0.87845				2
2025.12.16	00:20:45.192		0.87900			4
2025.12.16	00:20:46.442	0.87846	0.87899			6
2025.12.16	00:20:46.754	0.87845	0.87900			6
2025.12.16	00:20:47.083		0.87899			4
2025.12.16	00:20:54.248	0.87847	0.87902			6
2025.12.16	00:20:57.223	0.87848				2
2025.12.16	00:21:02.093	0.87848				2
2025.12.16	00:21:36.680		0.87901			4
2025.12.16	00:22:00.535	0.87848				2
2025.12.16	00:22:33.230		0.87907			4
2025.12.16	00:22:33.624	0.87846	0.87906			6
2025.12.16	00:22:34.346		0.87907			4
2025.12.16	00:22:35.716	0.87848				2
2025.12.16	00:22:41.400	0.87846				2
2025.12.16	00:22:43.632	0.87845	0.87908			6
2025.12.16	00:22:50.376	0.87844				2
2025.12.16	00:22:57.150	0.87843	0.87904			6
2025.12.16	00:22:57.453	0.87847	0.87918			6
2025.12.16	00:22:57.759	0.87843	0.87895			6
2025.12.16	00:22:58.072	0.87846	0.87901			6
2025.12.16	00:23:02.033	0.87849	0.87903			6
2025.12.16	00:23:13.883		0.87902			4
2025.12.16	00:23:53.723		0.87893			4
2025.12.16	00:24:00.375	0.87849				2
2025.12.16	00:24:32.830	0.87850				2
2025.12.16	00:24:57.721		0.87896			4
2025.12.16	00:25:00.374	0.87849				2
2025.12.16	00:25:00.826		0.87907			4
2025.12.16	00:25:02.321		0.87912			4
2025.12.16	00:25:03.473		0.87907			4
2025.12.16	00:25:06.429		0.87913			4
2025.12.16	00:25:08.663		0.87906			4
2025.12.16	00:25:13.891	0.87850				2
2025.12.16	00:25:21.270		0.87913			4
2025.12.16	00:25:33.589		0.87912			4
2025.12.16	00:25:47.857		0.87906			4
2025.12.16	00:25:49.782		0.87913			4
2025.12.16	00:25:52.303		0.87912			4
2025.12.16	00:26:01.037	0.87850				2
2025.12.16	00:26:18.877		0.87911			4
2025.12.16	00:26:28.180		0.87912			4
2025.12.16	00:26:32.253		0.87911			4
2025.12.16	00:26:32.795	0.87848				2
2025.12.16	00:26:39.532	0.87849	0.87910			6
2025.12.16	00:26:42.953		0.87909			4
2025.12.16	00:26:43.588		0.87911			4
2025.12.16	00:26:51.535		0.87909			4
2025.12.16	00:27:04.167	0.87849				2
2025.12.16	00:27:29.509	0.87850	0.87910			6
2025.12.16	00:27:35.052	0.87849	0.87909			6
2025.12.16	00:27:58.717	0.87850	0.87910			6
2025.12.16	00:28:03.253	0.87850				2
2025.12.16	00:28:06.924	0.87849				2
2025.12.16	00:28:10.520		0.87915			4
2025.12.16	00:28:11.602		0.87909			4
2025.12.16	00:28:15.044		0.87910			4
2025.12.16	00:28:16.914		0.87909			4
2025.12.16	00:28:20.880	0.87853	0.87918			6
2025.12.16	00:28:28.331		0.87917			4
2025.12.16	00:28:28.645	0.87852	0.87918			6
2025.12.16	00:28:29.273	0.87853	0.87910			6
2025.12.16	00:28:35.861		0.87911			4
2025.12.16	00:28:39.544		0.87910			4
2025.12.16	00:28:46.093		0.87909			4
2025.12.16	00:28:56.680	0.87854	0.87910			6
2025.12.16	00:29:02.376	0.87854	0.87909			6
2025.12.16	00:29:10.537	0.87853	0.87910			6
2025.12.16	00:29:13.590		0.87909			4
2025.12.16	00:29:25.267	0.87854				2
2025.12.16	00:29:39.532		0.87908			4
2025.12.16	00:30:00.305	0.87854	0.87917			6
2025.12.16	00:30:01.651	0.87853	0.87904			6
2025.12.16	00:30:03.949		0.87905			4
2025.12.16	00:30:08.589		0.87906			4
2025.12.16	00:30:12.971		0.87913			4
2025.12.16	00:30:17.722	0.87855	0.87912			6
2025.12.16	00:30:22.027	0.87853	0.87913			6
2025.12.16	00:30:28.070		0.87905			4
2025.12.16	00:30:32.028	0.87851	0.87913			6
2025.12.16	00:30:35.973		0.87906			4
2025.12.16	00:30:38.152		0.87907			4
2025.12.16	00:30:39.180		0.87906			4
2025.12.16	00:30:40.058		0.87905			4
2025.12.16	00:30:41.723		0.87911			4
2025.12.16	00:30:42.872		0.87905			4
2025.12.16	00:30:46.767	0.87850	0.87908			6
2025.12.16	00:30:47.079		0.87907			4
2025.12.16	00:30:47.388	0.87853	0.87905			6
2025.12.16	00:30:47.700	0.87852	0.87906			6
2025.12.16	00:30:48.005	0.87849	0.87908			6
2025.12.16	00:30:48.335	0.87851	0.87906			6
2025.12.16	00:30:49.983	0.87850				2
2025.12.16	00:30:50.298		0.87908			4
2025.12.16	00:30:50.654	0.87851	0.87906			6
2025.12.16	00:30:51.544	0.87850				2
2025.12.16	00:30:51.982	0.87852	0.87905			6
2025.12.16	00:30:52.329		0.87904			4
2025.12.16	00:30:52.642		0.87906			4
2025.12.16	00:30:52.946	0.87851	0.87908			6
2025.12.16	00:30:53.461	0.87850	0.87907			6
2025.12.16	00:30:55.240	0.87853	0.87905			6
2025.12.16	00:30:55.812	0.87850	0.87906			6
2025.12.16	00:30:56.241	0.87851	0.87905			6
2025.12.16	00:31:00.004	0.87852				2
2025.12.16	00:31:00.479	0.87851	0.87907			6
2025.12.16	00:31:01.008	0.87852	0.87906			6
2025.12.16	00:31:05.213	0.87853	0.87905			6
2025.12.16	00:31:07.609	0.87851	0.87907			6
2025.12.16	00:31:07.973	0.87852	0.87905			6
2025.12.16	00:31:08.384	0.87851	0.87906			6
2025.12.16	00:31:08.725	0.87852	0.87905			6
2025.12.16	00:31:09.049		0.87906			4
2025.12.16	00:31:09.961	0.87851				2
2025.12.16	00:31:10.283	0.87850				2
2025.12.16	00:31:11.658	0.87851				2
2025.12.16	00:31:12.166	0.87849				2
2025.12.16	00:31:13.017	0.87850	0.87905			6
2025.12.16	00:31:14.450	0.87849	0.87906			6
2025.12.16	00:31:15.980	0.87850	0.87905			6
2025.12.16	00:31:21.219		0.87906			4
2025.12.16	00:31:27.878		0.87905			4
2025.12.16	00:31:44.379	0.87851	0.87915			6
2025.12.16	00:31:45.681	0.87852				2
2025.12.16	00:31:48.873		0.87904			4
2025.12.16	00:31:53.154	0.87851	0.87905			6
2025.12.16	00:31:53.656	0.87852	0.87904			6
2025.12.16	00:31:56.459	0.87853	0.87912			6
2025.12.16	00:31:57.122	0.87852	0.87906			6
2025.12.16	00:32:02.376	0.87852				2
2025.12.16	00:32:02.679	0.87855	0.87905			6
2025.12.16	00:32:04.014	0.87852				2
2025.12.16	00:32:04.324	0.87851	0.87906			6
2025.12.16	00:32:04.657	0.87856	0.87904			6
2025.12.16	00:32:09.988		0.87905			4
2025.12.16	00:32:10.338		0.87904			4
2025.12.16	00:32:29.172	0.87855	0.87901			6
2025.12.16	00:32:34.990	0.87854				2
2025.12.16	00:32:36.218	0.87856				2
2025.12.16	00:32:36.522	0.87855	0.87902			6
2025.12.16	00:32:49.488		0.87901			4
2025.12.16	00:33:00.117	0.87855				2
2025.12.16	00:33:02.177	0.87854	0.87902			6
2025.12.16	00:33:02.931	0.87855	0.87901			6
2025.12.16	00:33:26.546	0.87846	0.87893			6
2025.12.16	00:33:29.930	0.87850	0.87894			6
2025.12.16	00:33:30.992	0.87856	0.87918			6
2025.12.16	00:33:59.676	0.87855	0.87920			6
2025.12.16	00:33:59.980	0.87856	0.87918			6
2025.12.16	00:34:00.627	0.87856				2
2025.12.16	00:34:20.652	0.87855				2
2025.12.16	00:34:31.002	0.87856	0.87907			6
2025.12.16	00:34:43.588	0.87855				2
2025.12.16	00:35:00.003	0.87855				2
2025.12.16	00:35:21.059		0.87908			4
2025.12.16	00:35:36.044		0.87907			4
2025.12.16	00:35:38.263		0.87898			4
2025.12.16	00:35:38.856	0.87854	0.87899			6
2025.12.16	00:35:42.874	0.87853	0.87910			6
2025.12.16	00:35:52.536	0.87851	0.87911			6
2025.12.16	00:35:58.989	0.87850	0.87913			6
2025.12.16	00:36:00.534	0.87850				2
2025.12.16	00:36:03.587	0.87849	0.87915			6
2025.12.16	00:36:03.935		0.87914			4
2025.12.16	00:36:04.246	0.87850	0.87913			6
2025.12.16	00:36:05.417	0.87849				2
2025.12.16	00:36:06.216		0.87914			4
2025.12.16	00:36:06.620	0.87850	0.87913			6
2025.12.16	00:36:07.744	0.87849				2
2025.12.16	00:36:11.552		0.87903			4
2025.12.16	00:36:12.339		0.87905			4
2025.12.16	00:36:14.183		0.87904			4
2025.12.16	00:36:21.186		0.87915			4
2025.12.16	00:36:21.509		0.87904			4
2025.12.16	00:36:22.426		0.87917			4
2025.12.16	00:36:22.739		0.87914			4
2025.12.16	00:36:23.050		0.87904			4
2025.12.16	00:36:23.429		0.87917			4
2025.12.16	00:36:29.214	0.87848	0.87915			6
2025.12.16	00:36:30.999		0.87917			4
2025.12.16	00:36:31.658		0.87905			4
2025.12.16	00:36:32.216	0.87849	0.87904			6
2025.12.16	00:36:36.393		0.87917			4
2025.12.16	00:36:37.020		0.87914			4
2025.12.16	00:36:39.373		0.87915			4
2025.12.16	00:36:44.536		0.87907			4
2025.12.16	00:36:46.430	0.87848	0.87897			6
2025.12.16	00:36:50.033		0.87898			4
2025.12.16	00:37:05.676	0.87848				2
2025.12.16	00:37:07.756	0.87847				2
2025.12.16	00:37:08.118	0.87846	0.87897			6
2025.12.16	00:37:09.150		0.87898			4
2025.12.16	00:37:11.186		0.87897			4
2025.12.16	00:37:12.640	0.87845	0.87898			6
2025.12.16	00:37:16.567	0.87844				2
2025.12.16	00:37:20.376	0.87845				2
2025.12.16	00:37:26.548	0.87846	0.87897			6
2025.12.16	00:37:34.480	0.87845				2
2025.12.16	00:37:40.312		0.87898			4
2025.12.16	00:37:44.536		0.87899			4
2025.12.16	00:37:47.896		0.87898			4
2025.12.16	00:37:52.876	0.87844	0.87899			6
2025.12.16	00:38:02.092	0.87844				2
2025.12.16	00:38:02.680	0.87845	0.87898			6
2025.12.16	00:38:03.233	0.87844	0.87899			6
2025.12.16	00:38:07.013	0.87845	0.87898			6
2025.12.16	00:38:20.707		0.87899			4
2025.12.16	00:38:21.430		0.87898			4
2025.12.16	00:38:32.076		0.87899			4
2025.12.16	00:38:33.540	0.87844	0.87900			6
2025.12.16	00:38:35.634	0.87845				2
2025.12.16	00:38:35.942		0.87899			4
2025.12.16	00:38:36.294		0.87898			4
2025.12.16	00:38:37.694		0.87897			4
2025.12.16	00:38:41.680	0.87846				2
2025.12.16	00:38:42.896	0.87845				2
2025.12.16	00:38:44.538		0.87905			4
2025.12.16	00:38:49.256	0.87846				2
2025.12.16	00:38:51.292		0.87904			4
2025.12.16	00:39:00.609	0.87846				2
2025.12.16	00:39:06.087	0.87845	0.87905			6
2025.12.16	00:39:14.680		0.87906			4
2025.12.16	00:39:24.145	0.87846	0.87905			6
2025.12.16	00:39:24.788	0.87845	0.87906			6
2025.12.16	00:39:32.978		0.87905			4
2025.12.16	00:39:38.084		0.87906			4
2025.12.16	00:39:40.024	0.87846	0.87905			6
2025.12.16	00:39:45.724	0.87845	0.87906			6
2025.12.16	00:39:50.677		0.87905			4
2025.12.16	00:39:50.980		0.87906			4
2025.12.16	00:39:51.293		0.87904			4
2025.12.16	00:39:55.647	0.87846				2
2025.12.16	00:39:59.248	0.87845				2
2025.12.16	00:40:00.046	0.87845				2
2025.12.16	00:40:07.891		0.87905			4
2025.12.16	00:40:16.522		0.87906			4
2025.12.16	00:40:17.376		0.87905			4
2025.12.16	00:40:20.220		0.87904			4
2025.12.16	00:40:20.532	0.87844	0.87905			6
2025.12.16	00:40:25.399	0.87846	0.87903			6
2025.12.16	00:40:25.740		0.87904			4
2025.12.16	00:40:31.230	0.87845	0.87905			6
2025.12.16	00:40:31.750	0.87848	0.87903			6
2025.12.16	00:40:32.072	0.87846	0.87906			6
2025.12.16	00:40:33.712	0.87847	0.87905			6
2025.12.16	00:40:34.915	0.87848	0.87904			6
2025.12.16	00:40:35.266	0.87847				2
2025.12.16	00:40:36.726		0.87905			4
2025.12.16	00:40:44.543	0.87846	0.87899			6
2025.12.16	00:40:47.236	0.87844	0.87900			6
2025.12.16	00:40:48.660	0.87845	0.87898			6
2025.12.16	00:40:48.978		0.87900			4
2025.12.16	00:40:49.327	0.87846	0.87899			6
2025.12.16	00:40:56.104	0.87844	0.87890			6
2025.12.16	00:40:59.357	0.87842	0.87892			6
2025.12.16	00:40:59.678	0.87843	0.87891			6
2025.12.16	00:41:00.447	0.87843				2
2025.12.16	00:41:04.162		0.87890			4
2025.12.16	00:41:08.588	0.87844	0.87889			6
2025.12.16	00:41:10.648		0.87899			4
2025.12.16	00:41:11.306	0.87843				2
2025.12.16	00:41:13.777		0.87900			4
2025.12.16	00:41:14.080	0.87844				2
2025.12.16	00:41:16.994		0.87899			4
2025.12.16	00:41:18.966		0.87898			4
2025.12.16	00:41:20.975		0.87888			4
2025.12.16	00:41:21.328	0.87843	0.87890			6
2025.12.16	00:41:25.648		0.87899			4
2025.12.16	00:41:26.034	0.87842	0.87900			6
2025.12.16	00:41:26.547		0.87901			4
2025.12.16	00:41:26.855	0.87844	0.87915			6
2025.12.16	00:41:27.652		0.87900			4
2025.12.16	00:41:47.221	0.87843	0.87901			6
2025.12.16	00:41:49.165	0.87844	0.87900			6
2025.12.16	00:41:49.675	0.87843	0.87898			6
2025.12.16	00:41:53.076		0.87899			4
2025.12.16	00:41:56.841	0.87842	0.87900			6
2025.12.16	00:41:57.171	0.87841	0.87901			6
2025.12.16	00:41:58.290	0.87842	0.87900			6
2025.12.16	00:41:58.612	0.87843				2
2025.12.16	00:41:58.936	0.87842				2
2025.12.16	00:41:59.301	0.87843				2
2025.12.16	00:42:00.181	0.87843	0.87899			6
2025.12.16	00:42:02.165	0.87842	0.87900			6
2025.12.16	00:42:06.951		0.87916			4
2025.12.16	00:42:11.876		0.87917			4
2025.12.16	00:42:14.761	0.87841	0.87901			6
2025.12.16	00:42:16.619	0.87842	0.87900			6
2025.12.16	00:42:17.033	0.87841	0.87901			6
2025.12.16	00:42:31.805		0.87902			4
2025.12.16	00:42:33.799	0.87842	0.87901			6
2025.12.16	00:42:40.849	0.87841				2
2025.12.16	00:42:41.405		0.87902			4
2025.12.16	00:42:42.467	0.87842	0.87901			6
2025.12.16	00:42:44.253	0.87841	0.87902			6
2025.12.16	00:42:44.806		0.87901			4
2025.12.16	00:42:47.436		0.87900			4
2025.12.16	00:42:49.692		0.87901			4
2025.12.16	00:42:50.939	0.87840	0.87891			6
2025.12.16	00:42:51.393	0.87839	0.87892			6
2025.12.16	00:42:52.199	0.87837	0.87893			6
2025.12.16	00:42:54.204	0.87838	0.87894			6
2025.12.16	00:42:55.718		0.87893			4
2025.12.16	00:42:58.590	0.87837				2
2025.12.16	00:42:58.900	0.87835	0.87897			6
2025.12.16	00:43:00.669	0.87836	0.87896			6
2025.12.16	00:43:05.457		0.87895			4
2025.12.16	00:43:05.787	0.87835	0.87897			6
2025.12.16	00:43:06.099		0.87896			4
2025.12.16	00:43:06.406	0.87836	0.87907			6
2025.12.16	00:43:06.807	0.87841	0.87913			6
2025.12.16	00:43:07.132	0.87843	0.87900			6
2025.12.16	00:43:07.587	0.87838	0.87893			6
2025.12.16	00:43:08.051	0.87837	0.87895			6
2025.12.16	00:43:09.758		0.87894			4
2025.12.16	00:43:16.205	0.87840	0.87898			6
2025.12.16	00:43:17.538		0.87897			4
2025.12.16	00:43:17.889	0.87841	0.87896			6
2025.12.16	00:43:21.136	0.87840	0.87898			6
2025.12.16	00:43:23.397	0.87841	0.87897			6
2025.12.16	00:43:23.736	0.87842	0.87896			6
2025.12.16	00:43:26.291	0.87841	0.87897			6
2025.12.16	00:43:27.978		0.87899			4
2025.12.16	00:43:28.751	0.87842	0.87897			6
2025.12.16	00:43:30.184		0.87898			4
2025.12.16	00:43:31.799	0.87840	0.87900			6
2025.12.16	00:43:32.109		0.87899			4
2025.12.16	00:43:32.447	0.87839				2
2025.12.16	00:43:33.136	0.87840				2
2025.12.16	00:43:33.716	0.87841	0.87898			6
2025.12.16	00:43:34.131	0.87842	0.87896			6
2025.12.16	00:43:37.071	0.87841	0.87924			6
2025.12.16	00:43:39.286	0.87842				2
2025.12.16	00:43:43.600	0.87841				2
2025.12.16	00:43:44.181		0.87927			4
2025.12.16	00:43:44.554		0.87922			4
2025.12.16	00:43:46.920	0.87842				2
2025.12.16	00:43:52.212	0.87843				2
2025.12.16	00:43:52.723	0.87842				2
2025.12.16	00:43:58.711		0.87926			4
2025.12.16	00:44:01.299	0.87842				2
2025.12.16	00:44:01.810	0.87841				2
2025.12.16	00:44:27.219	0.87840				2
2025.12.16	00:44:31.081	0.87841				2
2025.12.16	00:44:32.093	0.87843				2
2025.12.16	00:44:33.142	0.87841				2
2025.12.16	00:44:34.208		0.87923			4
2025.12.16	00:44:34.596	0.87840	0.87922			6
2025.12.16	00:44:37.071	0.87839	0.87898			6
2025.12.16	00:44:37.423	0.87840	0.87897			6
2025.12.16	00:44:42.308		0.87898			4
2025.12.16	00:44:47.563	0.87841				2
2025.12.16	00:44:48.099	0.87840	0.87900			6
2025.12.16	00:44:56.109	0.87841	0.87899			6
2025.12.16	00:44:57.440		0.87910			4
2025.12.16	00:44:57.743		0.87899			4
2025.12.16	00:44:58.058		0.87900			4
2025.12.16	00:44:59.519	0.87840				2
2025.12.16	00:45:00.643	0.87840				2
2025.12.16	00:45:03.211	0.87835	0.87888			6
2025.12.16	00:45:06.346		0.87890			4
2025.12.16	00:45:06.664	0.87840	0.87900			6
2025.12.16	00:45:10.210	0.87841	0.87899			6
2025.12.16	00:45:12.044	0.87853	0.87887			6
2025.12.16	00:45:15.120		0.87884			4
2025.12.16	00:45:27.309		0.87885			4
2025.12.16	00:45:27.848	0.87854				2
2025.12.16	00:45:32.093	0.87853	0.87887			6
2025.12.16	00:45:33.712		0.87886			4
2025.12.16	00:45:36.812	0.87854	0.87885			6
2025.12.16	00:45:41.079	0.87853				2
2025.12.16	00:45:42.309	0.87854	0.87884			6
2025.12.16	00:45:42.885	0.87853	0.87885			6
2025.12.16	00:45:49.638		0.87884			4
2025.12.16	00:45:57.812		0.87902			4
2025.12.16	00:46:00.441	0.87854				2
2025.12.16	00:46:03.832	0.87855	0.87901			6
2025.12.16	00:46:12.283	0.87854	0.87904			6
2025.12.16	00:46:17.498	0.87855				2
2025.12.16	00:46:24.158	0.87856	0.87902			6
2025.12.16	00:46:26.325	0.87854	0.87905			6
2025.12.16	00:46:26.668	0.87855	0.87904			6
2025.12.16	00:46:28.224	0.87854	0.87913			6
2025.12.16	00:46:29.022	0.87853	0.87910			6
2025.12.16	00:46:30.273		0.87912			4
2025.12.16	00:46:31.778	0.87854	0.87895			6
2025.12.16	00:46:32.768		0.87900			4
2025.12.16	00:46:34.780		0.87895			4
2025.12.16	00:46:36.617		0.87901			4
2025.12.16	00:46:38.589	0.87853				2
2025.12.16	00:46:38.989		0.87896			4
2025.12.16	00:46:43.395	0.87852	0.87893			6
2025.12.16	00:46:46.747	0.87853				2
2025.12.16	00:46:49.605	0.87852	0.87900			6
2025.12.16	00:46:49.922	0.87853	0.87909			6
2025.12.16	00:46:50.364	0.87855	0.87896			6
2025.12.16	00:46:50.692		0.87892			4
2025.12.16	00:46:50.998	0.87854	0.87897			6
2025.12.16	00:46:51.576	0.87850	0.87900			6
2025.12.16	00:46:51.877	0.87848	0.87902			6
2025.12.16	00:46:52.736	0.87851	0.87898			6
2025.12.16	00:46:53.227	0.87852	0.87897			6
2025.12.16	00:46:53.905	0.87853				2
2025.12.16	00:46:54.208		0.87895			4
2025.12.16	00:46:57.942		0.87885			4
2025.12.16	00:46:59.777	0.87854	0.87910			6
2025.12.16	00:47:00.356	0.87854				2
2025.12.16	00:47:01.271	0.87855	0.87909			6
2025.12.16	00:47:03.195	0.87848	0.87882			6
2025.12.16	00:47:06.632	0.87855	0.87909			6
2025.12.16	00:47:12.059	0.87854	0.87910			6
2025.12.16	00:47:14.752	0.87851	0.87913			6
2025.12.16	00:47:24.509		0.87904			4
2025.12.16	00:47:26.915		0.87911			4
2025.12.16	00:47:28.056		0.87903			4
2025.12.16	00:47:28.478	0.87849	0.87878			6
2025.12.16	00:47:34.493		0.87891			4
2025.12.16	00:47:49.707		0.87890			4
2025.12.16	00:48:00.535	0.87849				2
2025.12.16	00:48:01.079	0.87853	0.87886			6
2025.12.16	00:48:11.636	0.87851	0.87888			6
2025.12.16	00:48:16.074	0.87852	0.87887			6
2025.12.16	00:48:17.549	0.87853	0.87886			6
2025.12.16	00:48:28.740	0.87852	0.87887			6
2025.12.16	00:48:33.741	0.87853	0.87886			6
2025.12.16	00:48:38.265	0.87852	0.87887			6
2025.12.16	00:48:41.919	0.87853				2
2025.12.16	00:49:00.405	0.87854	0.87889			6
2025.12.16	00:49:05.795		0.87888			4
2025.12.16	00:49:15.114	0.87855	0.87890			6
2025.12.16	00:49:28.578	0.87854	0.87885			6
2025.12.16	00:49:32.454		0.87886			4
2025.12.16	00:49:32.782		0.87888			4
2025.12.16	00:49:47.021		0.87877			4
2025.12.16	00:49:50.677	0.87855	0.87876			6
2025.12.16	00:49:52.301	0.87854				2
2025.12.16	00:50:01.444	0.87854				2
2025.12.16	00:50:03.195		0.87877			4
2025.12.16	00:50:41.977	0.87855				2
2025.12.16	00:51:01.226	0.87855				2
2025.12.16	00:51:03.282		0.87877			4
2025.12.16	00:51:12.752	0.87854	0.87878			6
2025.12.16	00:51:14.011	0.87853				2
2025.12.16	00:51:16.750	0.87852	0.87879			6
2025.12.16	00:51:27.458		0.87880			4
2025.12.16	00:51:37.754		0.87879			4
2025.12.16	00:51:39.051		0.87880			4
2025.12.16	00:51:54.127		0.87881			4
2025.12.16	00:52:00.540	0.87852				2
2025.12.16	00:52:11.645	0.87853				2
2025.12.16	00:52:20.679	0.87852	0.87882			6
2025.12.16	00:52:24.118		0.87881			4
2025.12.16	00:52:33.637		0.87882			4
2025.12.16	00:52:35.320	0.87851				2
2025.12.16	00:52:41.450	0.87855	0.87879			6
2025.12.16	00:52:44.452	0.87856	0.87876			6
2025.12.16	00:52:44.797	0.87855	0.87877			6
2025.12.16	00:52:54.818	0.87856				2
2025.12.16	00:52:59.638	0.87855	0.87878			6
2025.12.16	00:53:01.231	0.87855				2
2025.12.16	00:53:01.755	0.87853	0.87880			6
2025.12.16	00:53:16.059		0.87879			4
2025.12.16	00:53:38.194	0.87849	0.87874			6
2025.12.16	00:53:48.286		0.87875			4
2025.12.16	00:53:48.631		0.87877			4
2025.12.16	00:54:01.228	0.87849				2
2025.12.16	00:54:17.318	0.87848				2
2025.12.16	00:54:35.678	0.87849	0.87876			6
2025.12.16	00:54:56.914	0.87850	0.87875			6
2025.12.16	00:55:02.860	0.87850				2
2025.12.16	00:55:04.764	0.87849				2
2025.12.16	00:55:05.340		0.87876			4
2025.12.16	00:55:06.400	0.87845	0.87880			6
2025.12.16	00:55:10.936	0.87848	0.87877			6
2025.12.16	00:55:17.338	0.87849	0.87876			6
2025.12.16	00:55:23.764	0.87850	0.87875			6
2025.12.16	00:55:28.764	0.87848	0.87877			6
2025.12.16	00:55:36.925	0.87849				2
2025.12.16	00:55:51.390	0.87848	0.87878			6
2025.12.16	00:55:52.195	0.87850	0.87876			6
2025.12.16	00:55:53.214	0.87848	0.87875			6
2025.12.16	00:55:54.221	0.87849	0.87874			6
2025.12.16	00:56:00.156	0.87848	0.87876			6
2025.12.16	00:56:00.464	0.87846	0.87873			6
2025.12.16	00:56:04.095	0.87847	0.87874			6
2025.12.16	00:56:06.921	0.87848	0.87873			6
2025.12.16	00:56:08.210		0.87872			4
2025.12.16	00:56:17.922	0.87847				2
2025.12.16	00:56:19.907		0.87873			4
2025.12.16	00:56:20.945	0.87845	0.87872			6
2025.12.16	00:56:21.257	0.87846	0.87871			6
2025.12.16	00:56:22.291	0.87845	0.87872			6
2025.12.16	00:56:24.977		0.87884			4
2025.12.16	00:56:29.389	0.87846				2
2025.12.16	00:56:35.390	0.87847	0.87883			6
2025.12.16	00:56:41.327	0.87848	0.87882			6
2025.12.16	00:56:44.853	0.87849	0.87880			6
2025.12.16	00:56:45.924	0.87850	0.87879			6
2025.12.16	00:56:53.631	0.87851				2
2025.12.16	00:56:57.278	0.87852	0.87877			6
2025.12.16	00:56:58.770	0.87851	0.87878			6
2025.12.16	00:57:00.425	0.87852				2
2025.12.16	00:57:06.922	0.87851	0.87879			6
2025.12.16	00:57:20.678		0.87878			4
2025.12.16	00:57:22.768	0.87852	0.87877			6
2025.12.16	00:57:26.283	0.87851	0.87879			6
2025.12.16	00:57:26.913	0.87850	0.87880			6
2025.12.16	00:57:27.786		0.87879			4
2025.12.16	00:57:28.309	0.87849	0.87881			6
2025.12.16	00:57:28.678	0.87848	0.87882			6
2025.12.16	00:57:35.770	0.87849	0.87881			6
2025.12.16	00:57:36.915	0.87833	0.87884			6
2025.12.16	00:57:38.035	0.87836				2
2025.12.16	00:57:39.745		0.87890			4
2025.12.16	00:57:40.326	0.87837				2
2025.12.16	00:57:43.762		0.87888			4
2025.12.16	00:57:46.777	0.87838				2
2025.12.16	00:57:49.377	0.87837	0.87887			6
2025.12.16	00:57:50.233		0.87882			4
2025.12.16	00:57:50.536		0.87889			4
2025.12.16	00:57:52.272	0.87838				2
2025.12.16	00:57:56.914		0.87887			4
2025.12.16	00:58:01.032	0.87836				2
2025.12.16	00:58:03.843	0.87849	0.87877			6
2025.12.16	00:58:04.224	0.87850	0.87876			6
2025.12.16	00:58:06.287	0.87849	0.87877			6
2025.12.16	00:58:07.151		0.87889			4
2025.12.16	00:58:08.755	0.87848	0.87891			6
2025.12.16	00:58:10.627	0.87849	0.87890			6
2025.12.16	00:58:17.462	0.87850	0.87875			6
2025.12.16	00:58:22.280	0.87851	0.87874			6
2025.12.16	00:58:43.595		0.87873			4
2025.12.16	00:59:01.277	0.87851				2
2025.12.16	00:59:01.777		0.87874			4
2025.12.16	00:59:03.914	0.87852	0.87873			6
2025.12.16	00:59:05.135	0.87853	0.87872			6
2025.12.16	00:59:06.607	0.87852	0.87873			6
2025.12.16	00:59:10.132	0.87853	0.87872			6
2025.12.16	00:59:14.777	0.87851	0.87873			6
2025.12.16	00:59:16.774	0.87852	0.87872			6
2025.12.16	00:59:17.718	0.87851				2
2025.12.16	00:59:18.064	0.87853	0.87871			6
2025.12.16	00:59:19.153	0.87851	0.87872			6
2025.12.16	00:59:19.908	0.87852	0.87871			6
2025.12.16	00:59:29.222	0.87853				2
2025.12.16	00:59:34.476	0.87852	0.87872			6
2025.12.16	00:59:36.344	0.87851	0.87871			6
2025.12.16	00:59:37.911	0.87856	0.87877			6
2025.12.16	00:59:38.221	0.87857	0.87876			6
2025.12.16	00:59:46.953	0.87856				2
2025.12.16	01:00:00.311	0.87858	0.87889			6
2025.12.16	01:00:00.621	0.87856	0.87897			6
2025.12.16	01:00:01.360	0.87862	0.87890			6
2025.12.16	01:00:01.663		0.87883			4
2025.12.16	01:00:01.973	0.87859	0.87884			6
2025.12.16	01:00:02.295	0.87860				2
2025.12.16	01:00:02.940	0.87859	0.87883			6
2025.12.16	01:00:03.262	0.87858				2
2025.12.16	01:00:03.580	0.87859	0.87880			6
2025.12.16	01:00:03.883		0.87885			4
2025.12.16	01:00:04.205	0.87868	0.87873			6
2025.12.16	01:00:04.515	0.87854	0.87895			6
2025.12.16	01:00:04.826	0.87866	0.87871			6
2025.12.16	01:00:05.133	0.87854	0.87894			6
2025.12.16	01:00:05.451	0.87863	0.87868			6
2025.12.16	01:00:05.769	0.87865	0.87870			6
2025.12.16	01:00:06.071	0.87869	0.87874			6
2025.12.16	01:00:06.374	0.87856	0.87898			6
2025.12.16	01:00:06.676	0.87869	0.87874			6
2025.12.16	01:00:06.990	0.87866	0.87871			6
2025.12.16	01:00:07.299	0.87865	0.87870			6
2025.12.16	01:00:07.621	0.87863	0.87868			6
2025.12.16	01:00:07.923	0.87856	0.87877			6
2025.12.16	01:00:08.291	0.87859	0.87878			6
2025.12.16	01:00:08.599		0.87881			4
2025.12.16	01:00:08.906	0.87866	0.87894			6
2025.12.16	01:00:09.240		0.87888			4
2025.12.16	01:00:09.892	0.87862	0.87881			6
2025.12.16	01:00:10.196	0.87863				2
2025.12.16	01:00:10.498	0.87865	0.87886			6
2025.12.16	01:00:10.823		0.87887			4
2025.12.16	01:00:11.138		0.87883			4
2025.12.16	01:00:11.456		0.87886			4
2025.12.16	01:00:11.805	0.87863	0.87882			6
2025.12.16	01:00:12.178		0.87881			4
2025.12.16	01:00:12.499	0.87865				2
2025.12.16	01:00:12.856	0.87863				2
2025.12.16	01:00:13.307	0.87865				2
2025.12.16	01:00:13.703	0.87861				2
2025.12.16	01:00:14.036	0.87865				2
2025.12.16	01:00:14.372	0.87860				2
2025.12.16	01:00:14.675	0.87861				2
2025.12.16	01:00:15.049	0.87863	0.87882			6
2025.12.16	01:00:15.992	0.87865	0.87887			6
2025.12.16	01:00:16.297	0.87866	0.87891			6
2025.12.16	01:00:16.603		0.87890			4
2025.12.16	01:00:16.904	0.87864	0.87882			6
2025.12.16	01:00:17.206	0.87865	0.87883			6
2025.12.16	01:00:17.538		0.87887			4
2025.12.16	01:00:17.873		0.87881			4
2025.12.16	01:00:18.179	0.87863				2
2025.12.16	01:00:18.522	0.87865	0.87882			6
2025.12.16	01:00:18.846	0.87866				2
2025.12.16	01:00:19.161	0.87865				2
2025.12.16	01:00:19.568	0.87864	0.87889			6
2025.12.16	01:00:19.877	0.87866	0.87885			6
2025.12.16	01:00:20.334		0.87883			4
2025.12.16	01:00:20.735	0.87863	0.87880			6
2025.12.16	01:00:21.148	0.87865	0.87883			6
2025.12.16	01:00:21.499	0.87862	0.87881			6
2025.12.16	01:00:21.845	0.87866	0.87885			6
2025.12.16	01:00:22.271		0.87890			4
2025.12.16	01:00:22.579		0.87885			4
2025.12.16	01:00:23.043	0.87861	0.87880			6
2025.12.16	01:00:23.347	0.87860	0.87879			6
2025.12.16	01:00:23.862	0.87865	0.87881			6
2025.12.16	01:00:24.173		0.87886			4
2025.12.16	01:00:24.844		0.87884			4
2025.12.16	01:00:25.197		0.87887			4
2025.12.16	01:00:25.508		0.87884			4
2025.12.16	01:00:26.254	0.87864	0.87887			6
2025.12.16	01:00:26.722	0.87866	0.87886			6
2025.12.16	01:00:27.372	0.87864	0.87883			6
2025.12.16	01:00:27.693	0.87865	0.87881			6
2025.12.16	01:00:28.383	0.87859	0.87880			6
2025.12.16	01:00:28.699	0.87865	0.87886			6
2025.12.16	01:00:29.373		0.87887			4
2025.12.16	01:00:29.679	0.87866				2
2025.12.16	01:00:29.981	0.87863	0.87881			6
2025.12.16	01:00:30.640	0.87865	0.87880			6
2025.12.16	01:00:30.946	0.87859	0.87881			6
2025.12.16	01:00:31.279	0.87864	0.87880			6
2025.12.16	01:00:31.968	0.87862				2
2025.12.16	01:00:32.412	0.87861	0.87878			6
2025.12.16	01:00:32.718	0.87864	0.87880			6
2025.12.16	01:00:33.347		0.87881			4
2025.12.16	01:00:33.827	0.87860	0.87878			6
2025.12.16	01:00:34.138	0.87859				2
2025.12.16	01:00:34.450	0.87864	0.87887			6
2025.12.16	01:00:35.155	0.87865	0.87884			6
2025.12.16	01:00:36.214	0.87862	0.87880			6
2025.12.16	01:00:37.170		0.87881			4
2025.12.16	01:00:37.528	0.87869	0.87890			6
2025.12.16	01:00:38.221		0.87888			4
2025.12.16	01:00:38.547	0.87868	0.87885			6
2025.12.16	01:00:38.858	0.87869	0.87884			6
2025.12.16	01:00:39.165		0.87883			4
2025.12.16	01:00:39.479	0.87859	0.87877			6
2025.12.16	01:00:39.800	0.87860				2
2025.12.16	01:00:40.262		0.87874			4
2025.12.16	01:00:40.677	0.87859				2
2025.12.16	01:00:41.033	0.87860	0.87873			6
2025.12.16	01:00:41.825		0.87874			4
2025.12.16	01:00:46.736		0.87872			4
2025.12.16	01:00:47.038		0.87873			4
2025.12.16	01:00:48.347		0.87874			4
2025.12.16	01:00:51.849		0.87873			4
2025.12.16	01:00:52.500	0.87858	0.87870			6
2025.12.16	01:00:56.644	0.87863	0.87873			6
2025.12.16	01:00:59.590	0.87864				2
2025.12.16	01:01:00.310	0.87864				2
2025.12.16	01:01:00.612		0.87874			4
2025.12.16	01:01:01.034	0.87859	0.87871			6
2025.12.16	01:01:01.380	0.87858				2
2025.12.16	01:01:01.693	0.87859				2
2025.12.16	01:01:02.093	0.87857	0.87872			6
2025.12.16	01:01:02.399	0.87858	0.87870			6
2025.12.16	01:01:03.170	0.87859				2
2025.12.16	01:01:03.480	0.87856	0.87868			6
2025.12.16	01:01:03.833	0.87857				2
2025.12.16	01:01:04.159	0.87852	0.87864			6
2025.12.16	01:01:04.474		0.87865			4
2025.12.16	01:01:04.945		0.87863			4
2025.12.16	01:01:06.764	0.87851	0.87865			6
2025.12.16	01:01:07.076	0.87852	0.87862			6
2025.12.16	01:01:07.383	0.87850	0.87863			6
2025.12.16	01:01:07.723		0.87862			4
2025.12.16	01:01:08.383	0.87851				2
2025.12.16	01:01:09.357	0.87853	0.87866			6
2025.12.16	01:01:10.964	0.87852				2
2025.12.16	01:01:14.244		0.87863			4
2025.12.16	01:01:14.548	0.87854				2
2025.12.16	01:01:14.883		0.87862			4
2025.12.16	01:01:15.377	0.87856	0.87863			6
2025.12.16	01:01:15.679		0.87864			4
2025.12.16	01:01:16.714	0.87853	0.87865			6
2025.12.16	01:01:17.224	0.87852	0.87861			6
2025.12.16	01:01:19.188		0.87863			4
2025.12.16	01:01:21.748	0.87856	0.87864			6
2025.12.16	01:01:22.574	0.87854				2
2025.12.16	01:01:22.878	0.87852	0.87862			6
2025.12.16	01:01:23.198	0.87849				2
2025.12.16	01:01:23.782	0.87851				2
2025.12.16	01:01:24.428	0.87852				2
2025.12.16	01:01:24.953	0.87854	0.87863			6
2025.12.16	01:01:25.995	0.87853				2
2025.12.16	01:01:26.625	0.87854				2
2025.12.16	01:01:27.620	0.87853	0.87864			6
2025.12.16	01:01:27.997		0.87865			4
2025.12.16	01:01:28.381	0.87852				2
2025.12.16	01:01:28.782	0.87853				2
2025.12.16	01:01:30.436		0.87863			4
2025.12.16	01:01:31.056		0.87862			4
2025.12.16	01:01:32.125	0.87852	0.87865			6
2025.12.16	01:01:32.496	0.87850	0.87866			6
2025.12.16	01:01:35.350	0.87853				2
2025.12.16	01:01:37.734		0.87865			4
2025.12.16	01:01:38.678	0.87854	0.87866			6
2025.12.16	01:01:43.777		0.87863			4
2025.12.16	01:01:44.079		0.87865			4
2025.12.16	01:01:45.782	0.87855				2
2025.12.16	01:01:46.177	0.87854	0.87862			6
2025.12.16	01:01:46.740	0.87853				2
2025.12.16	01:01:47.213	0.87851	0.87860			6
2025.12.16	01:01:47.560	0.87852				2
2025.12.16	01:01:48.577	0.87853	0.87862			6
2025.12.16	01:01:49.054	0.87852	0.87861			6
2025.12.16	01:01:50.427		0.87863			4
2025.12.16	01:01:50.769		0.87862			4
2025.12.16	01:01:51.119	0.87853				2
2025.12.16	01:01:52.411	0.87851	0.87863			6
2025.12.16	01:01:53.522	0.87850	0.87864			6
2025.12.16	01:01:55.178		0.87863			4
2025.12.16	01:02:00.685	0.87850	0.87860			6
2025.12.16	01:02:00.999	0.87849				2
2025.12.16	01:02:01.439	0.87848	0.87859			6
2025.12.16	01:02:03.595	0.87851				2
2025.12.16	01:02:04.932	0.87848	0.87860			6
2025.12.16	01:02:05.397		0.87859			4
2025.12.16	01:02:07.711	0.87850				2
2025.12.16	01:02:08.521	0.87854	0.87862			6
2025.12.16	01:02:08.921	0.87853				2
2025.12.16	01:02:09.604	0.87852				2
2025.12.16	01:02:10.058		0.87863			4
2025.12.16	01:02:12.254	0.87851				2
2025.12.16	01:02:14.181	0.87853	0.87862			6
2025.12.16	01:02:16.164		0.87861			4
2025.12.16	01:02:19.516	0.87851	0.87863			6
2025.12.16	01:02:22.786	0.87850				2
2025.12.16	01:02:24.759	0.87845	0.87858			6
2025.12.16	01:02:26.256	0.87844	0.87857			6
2025.12.16	01:02:27.115		0.87852			4
2025.12.16	01:02:27.419	0.87843	0.87850			6
2025.12.16	01:02:27.725	0.87844	0.87852			6
2025.12.16	01:02:28.373	0.87842	0.87851			6
2025.12.16	01:02:29.131	0.87844	0.87852			6
2025.12.16	01:02:29.433	0.87843				2
2025.12.16	01:02:29.847		0.87851			4
2025.12.16	01:02:30.422	0.87842	0.87850			6
2025.12.16	01:02:30.770		0.87851			4
2025.12.16	01:02:34.698	0.87843				2
2025.12.16	01:02:36.732	0.87842				2
2025.12.16	01:02:37.379		0.87850			4
2025.12.16	01:02:38.169	0.87843	0.87851			6
2025.12.16	01:02:38.987	0.87844				2
2025.12.16	01:02:39.314	0.87845				2
2025.12.16	01:02:39.970		0.87850			4
2025.12.16	01:02:41.392	0.87848	0.87856			6
2025.12.16	01:02:42.380	0.87845	0.87857			6
2025.12.16	01:02:44.977		0.87856			4
2025.12.16	01:02:48.030	0.87847	0.87855			6
2025.12.16	01:02:49.496	0.87845	0.87856			6
2025.12.16	01:02:49.870	0.87847				2
2025.12.16	01:02:51.300	0.87855	0.87861			6
2025.12.16	01:02:51.617		0.87864			4
2025.12.16	01:02:51.928		0.87866			4
2025.12.16	01:02:52.378		0.87864			4
2025.12.16	01:02:53.160	0.87856				2
2025.12.16	01:02:57.541	0.87855	0.87866			6
2025.12.16	01:03:01.748	0.87855				2
2025.12.16	01:03:03.246		0.87865			4
2025.12.16	01:03:04.441		0.87866			4
2025.12.16	01:03:04.745	0.87856				2
2025.12.16	01:03:06.423	0.87857				2
2025.12.16	01:03:06.748	0.87855				2
2025.12.16	01:03:17.295		0.87867			4
2025.12.16	01:03:22.590	0.87860				2
2025.12.16	01:03:23.076	0.87858	0.87866			6
2025.12.16	01:03:26.604	0.87855	0.87864			6
2025.12.16	01:03:27.053	0.87856				2
2025.12.16	01:03:31.737	0.87855	0.87866			6
2025.12.16	01:03:33.317	0.87856	0.87865			6
2025.12.16	01:03:36.053	0.87857				2
2025.12.16	01:03:37.446	0.87856				2
2025.12.16	01:03:38.842	0.87854	0.87863			6
2025.12.16	01:03:39.195	0.87855	0.87864			6
2025.12.16	01:03:42.750	0.87854	0.87863			6
2025.12.16	01:03:46.778	0.87857	0.87866			6
2025.12.16	01:03:47.087	0.87856	0.87864			6
2025.12.16	01:03:49.413	0.87860	0.87869			6
2025.12.16	01:03:49.728		0.87868			4
2025.12.16	01:03:50.324		0.87867			4
2025.12.16	01:03:50.737		0.87868			4
2025.12.16	01:03:51.914	0.87861	0.87870			6
2025.12.16	01:03:53.468		0.87869			4
2025.12.16	01:03:55.165	0.87859	0.87868			6
2025.12.16	01:03:55.494	0.87860				2
2025.12.16	01:03:57.549	0.87859	0.87866			6
2025.12.16	01:03:58.532		0.87867			4
2025.12.16	01:04:00.049	0.87859				2
2025.12.16	01:04:04.779		0.87866			4
2025.12.16	01:04:08.520	0.87857	0.87864			6
2025.12.16	01:04:14.149	0.87858	0.87859			6
2025.12.16	01:04:17.588	0.87857	0.87864			6
2025.12.16	01:04:21.549	0.87858	0.87865			6
2025.12.16	01:04:23.409		0.87864			4
2025.12.16	01:04:23.980		0.87865			4
2025.12.16	01:04:27.630		0.87864			4
2025.12.16	01:04:28.160	0.87859				2
2025.12.16	01:04:29.957		0.87866			4
2025.12.16	01:04:31.490	0.87858				2
2025.12.16	01:04:32.377		0.87865			4
2025.12.16	01:04:32.773		0.87866			4
2025.12.16	01:04:36.590		0.87868			4
2025.12.16	01:04:36.898		0.87866			4
2025.12.16	01:04:39.269	0.87859	0.87867			6
2025.12.16	01:04:40.373	0.87858	0.87865			6
2025.12.16	01:04:41.638	0.87856	0.87863			6
2025.12.16	01:04:43.986		0.87864			4
2025.12.16	01:04:47.623	0.87859	0.87860			6
2025.12.16	01:04:48.838	0.87858	0.87859			6
2025.12.16	01:04:49.485	0.87857	0.87858			6
2025.12.16	01:04:51.112	0.87855	0.87863			6
2025.12.16	01:04:51.502		0.87862			4
2025.12.16	01:04:55.918		0.87863			4
2025.12.16	01:04:56.619		0.87862			4
2025.12.16	01:04:57.164		0.87863			4
2025.12.16	01:04:57.686		0.87862			4
2025.12.16	01:05:00.179	0.87855				2
2025.12.16	01:05:04.217		0.87861			4
2025.12.16	01:05:06.705		0.87862			4
2025.12.16	01:05:07.593		0.87861			4
2025.12.16	01:05:08.947		0.87862			4
2025.12.16	01:05:12.543		0.87864			4
2025.12.16	01:05:13.225	0.87854	0.87863			6
2025.12.16	01:05:16.348		0.87864			4
2025.12.16	01:05:17.700		0.87862			4
2025.12.16	01:05:19.396		0.87863			4
2025.12.16	01:05:20.535		0.87862			4
2025.12.16	01:05:24.549	0.87853	0.87861			6
2025.12.16	01:05:25.741		0.87860			4
2025.12.16	01:05:30.653		0.87861			4
2025.12.16	01:05:32.413		0.87859			4
2025.12.16	01:05:33.839		0.87860			4
2025.12.16	01:05:45.020		0.87861			4
2025.12.16	01:05:46.204		0.87860			4
2025.12.16	01:05:47.573		0.87861			4
2025.12.16	01:05:48.890	0.87855	0.87862			6
2025.12.16	01:05:49.975	0.87854	0.87861			6
2025.12.16	01:05:51.167		0.87862			4
2025.12.16	01:05:52.286		0.87861			4
2025.12.16	01:05:54.608	0.87855	0.87863			6
2025.12.16	01:05:54.912	0.87854	0.87864			6
2025.12.16	01:05:57.762		0.87862			4
2025.12.16	01:05:58.976		0.87861			4
2025.12.16	01:06:00.260	0.87854				2
2025.12.16	01:06:00.565	0.87855	0.87862			6
2025.12.16	01:06:00.867	0.87853	0.87860			6
2025.12.16	01:06:01.203	0.87856	0.87861			6
2025.12.16	01:06:01.529	0.87857	0.87863			6
2025.12.16	01:06:04.177		0.87862			4
2025.12.16	01:06:04.478		0.87866			4
2025.12.16	01:06:06.620	0.87856	0.87864			6
2025.12.16	01:06:08.582		0.87865			4
2025.12.16	01:06:10.478		0.87863			4
2025.12.16	01:06:10.814		0.87864			4
2025.12.16	01:06:11.270		0.87863			4
2025.12.16	01:06:11.583	0.87857	0.87864			6
2025.12.16	01:06:12.052	0.87858				2
2025.12.16	01:06:12.430	0.87856	0.87865			6
2025.12.16	01:06:16.824		0.87864			4
2025.12.16	01:06:20.133	0.87857	0.87865			6
2025.12.16	01:06:20.454	0.87856	0.87864			6
2025.12.16	01:06:21.223	0.87858	0.87866			6
2025.12.16	01:06:23.081	0.87856				2
2025.12.16	01:06:26.214		0.87864			4
2025.12.16	01:06:30.217		0.87866			4
2025.12.16	01:06:31.754		0.87864			4
2025.12.16	01:06:34.112		0.87866			4
2025.12.16	01:06:35.433		0.87865			4
2025.12.16	01:06:39.212		0.87864			4
2025.12.16	01:06:44.279		0.87866			4
2025.12.16	01:06:47.079		0.87865			4
2025.12.16	01:06:48.565		0.87864			4
2025.12.16	01:06:50.169	0.87857	0.87865			6
2025.12.16	01:06:50.671	0.87858				2
2025.12.16	01:06:52.722	0.87856				2
2025.12.16	01:06:53.226		0.87863			4
2025.12.16	01:06:53.950	0.87858	0.87866			6
2025.12.16	01:07:00.490	0.87858				2
2025.12.16	01:07:03.277	0.87856	0.87865			6
2025.12.16	01:07:03.860		0.87864			4
2025.12.16	01:07:04.873	0.87857	0.87865			6
2025.12.16	01:07:05.293	0.87856				2
2025.12.16	01:07:06.435	0.87857				2
2025.12.16	01:07:07.762	0.87856				2
2025.12.16	01:07:15.680	0.87857				2
2025.12.16	01:07:16.735	0.87856				2
2025.12.16	01:07:19.209		0.87864			4
2025.12.16	01:07:20.741		0.87865			4
2025.12.16	01:07:22.535	0.87858				2
2025.12.16	01:07:23.461	0.87856				2
2025.12.16	01:07:25.776		0.87866			4
2025.12.16	01:07:27.567		0.87865			4
2025.12.16	01:07:28.567	0.87858				2
2025.12.16	01:07:29.144	0.87856				2
2025.12.16	01:07:34.365		0.87864			4
2025.12.16	01:07:39.382		0.87865			4
2025.12.16	01:07:41.430		0.87864			4
2025.12.16	01:07:41.853		0.87865			4
2025.12.16	01:07:44.359	0.87858				2
2025.12.16	01:07:48.637	0.87859				2
2025.12.16	01:07:53.377		0.87864			4
2025.12.16	01:07:54.373	0.87860				2
2025.12.16	01:08:00.544	0.87858				2
2025.12.16	01:08:01.508	0.87860				2
2025.12.16	01:08:01.916	0.87858				2
2025.12.16	01:08:06.382		0.87865			4
2025.12.16	01:08:06.763	0.87856	0.87863			6
2025.12.16	01:08:07.964		0.87865			4
2025.12.16	01:08:08.435		0.87866			4
2025.12.16	01:08:10.219		0.87863			4
2025.12.16	01:08:12.855		0.87861			4
2025.12.16	01:08:14.853		0.87862			4
2025.12.16	01:08:17.423		0.87865			4
2025.12.16	01:08:20.941		0.87862			4
2025.12.16	01:08:22.881	0.87857	0.87864			6
2025.12.16	01:08:23.708		0.87863			4
2025.12.16	01:08:24.712	0.87856	0.87865			6
2025.12.16	01:08:26.733	0.87857				2
2025.12.16	01:08:28.805	0.87856				2
2025.12.16	01:08:30.833	0.87858	0.87864			6
2025.12.16	01:08:32.246	0.87860				2
2025.12.16	01:08:33.675	0.87859				2
2025.12.16	01:08:34.694	0.87858	0.87865			6
2025.12.16	01:08:37.142	0.87857				2
2025.12.16	01:08:40.176	0.87856				2
2025.12.16	01:08:40.483	0.87857				2
2025.12.16	01:08:40.816	0.87858				2
2025.12.16	01:08:42.039		0.87864			4
2025.12.16	01:08:43.432		0.87865			4
2025.12.16	01:08:45.697	0.87859				2
2025.12.16	01:08:46.476		0.87864			4
2025.12.16	01:08:46.830	0.87858				2
2025.12.16	01:08:47.157	0.87860				2
2025.12.16	01:08:49.232	0.87858	0.87865			6
2025.12.16	01:08:51.013	0.87859				2
2025.12.16	01:08:51.890	0.87857				2
2025.12.16	01:08:54.201	0.87858				2
2025.12.16	01:08:58.748	0.87857	0.87864			6
2025.12.16	01:09:00.069	0.87857	0.87866			6
2025.12.16	01:09:01.177		0.87865			4
2025.12.16	01:09:07.132	0.87856	0.87864			6
2025.12.16	01:09:09.517	0.87857				2
2025.12.16	01:09:12.014	0.87858				2
2025.12.16	01:09:12.891	0.87857	0.87865			6
2025.12.16	01:09:13.261		0.87866			4
2025.12.16	01:09:13.757		0.87864			4
2025.12.16	01:09:14.325	0.87858				2
2025.12.16	01:09:19.520	0.87857	0.87866			6
2025.12.16	01:09:20.470	0.87859	0.87865			6
2025.12.16	01:09:24.502	0.87856	0.87862			6
2025.12.16	01:09:24.873	0.87855				2
2025.12.16	01:09:26.676		0.87863			4
2025.12.16	01:09:28.828	0.87854				2
2025.12.16	01:09:31.499	0.87855				2
2025.12.16	01:09:32.378		0.87862			4
2025.12.16	01:09:33.374	0.87856				2
2025.12.16	01:09:35.681	0.87855				2
2025.12.16	01:09:39.876	0.87854	0.87863			6
2025.12.16	01:09:43.613		0.87862			4
2025.12.16	01:09:44.548	0.87855				2
2025.12.16	01:09:44.861	0.87856				2
2025.12.16	01:09:45.937	0.87855				2
2025.12.16	01:09:47.415	0.87856				2
2025.12.16	01:09:56.493	0.87854	0.87863			6
2025.12.16	01:09:56.872	0.87855				2
2025.12.16	01:10:00.311	0.87855	0.87862			6
2025.12.16	01:10:02.749	0.87856				2
2025.12.16	01:10:09.544		0.87863			4
2025.12.16	01:10:10.809	0.87855				2
2025.12.16	01:10:12.495	0.87856				2
2025.12.16	01:10:12.876		0.87862			4
2025.12.16	01:10:14.390	0.87855				2
2025.12.16	01:10:15.586	0.87857	0.87864			6
2025.12.16	01:10:16.111		0.87863			4
2025.12.16	01:10:16.456	0.87858				2
2025.12.16	01:10:21.486	0.87856				2
2025.12.16	01:10:22.365	0.87855	0.87861			6
2025.12.16	01:10:22.678	0.87854				2
2025.12.16	01:10:25.939	0.87855				2
2025.12.16	01:10:39.764	0.87856	0.87862			6
2025.12.16	01:10:40.065	0.87855				2
2025.12.16	01:10:42.756	0.87856				2
2025.12.16	01:10:43.920		0.87861			4
2025.12.16	01:10:46.686	0.87858	0.87862			6
2025.12.16	01:10:52.614		0.87864			4
2025.12.16	01:10:58.129		0.87863			4
2025.12.16	01:10:59.639	0.87859				2
2025.12.16	01:11:00.646	0.87858				2
2025.12.16	01:11:06.318		0.87864			4
2025.12.16	01:11:07.076		0.87863			4
2025.12.16	01:11:08.446		0.87862			4
2025.12.16	01:11:13.013		0.87861			4
2025.12.16	01:11:14.907		0.87862			4
2025.12.16	01:11:18.465		0.87861			4
2025.12.16	01:11:20.882		0.87859			4
2025.12.16	01:11:23.345	0.87856				2
2025.12.16	01:11:30.380	0.87857	0.87861			6
2025.12.16	01:11:30.935		0.87862			4
2025.12.16	01:11:36.558		0.87861			4
2025.12.16	01:11:38.519		0.87862			4
2025.12.16	01:11:42.901	0.87860	0.87861			6
2025.12.16	01:11:43.314		0.87864			4
2025.12.16	01:11:48.365	0.87861				2
2025.12.16	01:11:53.053	0.87859				2
2025.12.16	01:11:56.552		0.87862			4
2025.12.16	01:11:59.394	0.87858				2
2025.12.16	01:12:00.177	0.87858	0.87861			6
2025.12.16	01:12:00.883		0.87864			4
2025.12.16	01:12:02.738		0.87863			4
2025.12.16	01:12:04.450		0.87864			4
2025.12.16	01:12:10.018		0.87863			4
2025.12.16	01:12:12.064		0.87864			4
2025.12.16	01:12:14.481		0.87862			4
2025.12.16	01:12:20.535	0.87857				2
2025.12.16	01:12:23.862	0.87858	0.87861			6
2025.12.16	01:12:24.355		0.87860			4
2025.12.16	01:12:27.497	0.87857	0.87862			6
2025.12.16	01:12:29.625	0.87858				2
2025.12.16	01:12:37.877	0.87859				2
2025.12.16	01:12:39.358	0.87858	0.87864			6
2025.12.16	01:13:00.535	0.87857				2
2025.12.16	01:13:03.459	0.87858				2
2025.12.16	01:13:04.138		0.87865			4
2025.12.16	01:13:22.292		0.87864			4
2025.12.16	01:13:22.790		0.87863			4
2025.12.16	01:13:29.424		0.87865			4
2025.12.16	01:13:32.425	0.87857	0.87862			6
2025.12.16	01:13:36.488	0.87854	0.87860			6
2025.12.16	01:13:36.795		0.87861			4
2025.12.16	01:13:37.951	0.87853	0.87860			6
2025.12.16	01:13:39.148		0.87856			4
2025.12.16	01:13:39.460		0.87860			4
2025.12.16	01:13:53.676		0.87858			4
2025.12.16	01:13:59.411		0.87860			4
2025.12.16	01:14:00.672	0.87853				2
2025.12.16	01:14:04.406	0.87855				2
2025.12.16	01:14:10.878	0.87856				2
2025.12.16	01:14:12.972		0.87861			4
2025.12.16	01:14:25.079	0.87857	0.87864			6
2025.12.16	01:14:25.383	0.87859				2
2025.12.16	01:14:26.096		0.87863			4
2025.12.16	01:14:27.626	0.87858				2
2025.12.16	01:14:51.262		0.87864			4
2025.12.16	01:14:57.286	0.87859				2
2025.12.16	01:14:57.591		0.87863			4
2025.12.16	01:15:00.086	0.87857	0.87864			6
2025.12.16	01:15:01.104		0.87865			4
2025.12.16	01:15:03.342	0.87856				2
2025.12.16	01:15:04.526		0.87864			4
2025.12.16	01:15:05.528	0.87857				2
2025.12.16	01:15:06.926		0.87865			4
2025.12.16	01:15:10.626	0.87856				2
2025.12.16	01:15:14.916	0.87857				2
2025.12.16	01:15:20.059	0.87856				2
2025.12.16	01:15:20.489		0.87864			4
2025.12.16	01:15:28.665		0.87866			4
2025.12.16	01:15:29.873		0.87865			4
2025.12.16	01:15:32.589		0.87866			4
2025.12.16	01:15:39.890		0.87864			4
2025.12.16	01:15:45.010		0.87866			4
2025.12.16	01:15:57.497		0.87864			4
2025.12.16	01:15:59.968		0.87865			4
2025.12.16	01:16:00.535	0.87856				2
2025.12.16	01:16:02.161		0.87864			4
2025.12.16	01:16:03.465	0.87855				2
2025.12.16	01:16:12.166		0.87865			4
2025.12.16	01:16:25.917		0.87866			4
2025.12.16	01:16:26.527		0.87864			4
2025.12.16	01:16:29.906	0.87854				2
2025.12.16	01:16:44.446		0.87865			4
2025.12.16	01:16:50.130		0.87863			4
2025.12.16	01:17:00.535	0.87855				2
2025.12.16	01:17:10.399	0.87854	0.87861			6
2025.12.16	01:17:11.400	0.87853				2
2025.12.16	01:17:19.086		0.87862			4
2025.12.16	01:17:23.939		0.87861			4
2025.12.16	01:17:28.652	0.87854				2
2025.12.16	01:17:29.679	0.87853	0.87862			6
2025.12.16	01:17:30.717	0.87854				2
2025.12.16	01:17:31.751	0.87853				2
2025.12.16	01:17:32.785	0.87854				2
2025.12.16	01:17:42.048	0.87855	0.87863			6
2025.12.16	01:17:42.839		0.87864			4
2025.12.16	01:17:46.002	0.87856				2
2025.12.16	01:17:47.434		0.87863			4
2025.12.16	01:17:50.376	0.87855				2
2025.12.16	01:18:01.516	0.87855				2
2025.12.16	01:18:03.773	0.87856				2
2025.12.16	01:18:04.078		0.87865			4
2025.12.16	01:18:04.805		0.87863			4
2025.12.16	01:18:05.266		0.87865			4
2025.12.16	01:18:06.503	0.87857				2
2025.12.16	01:18:24.470		0.87866			4
2025.12.16	01:18:25.373		0.87865			4
2025.12.16	01:18:25.917		0.87864			4
2025.12.16	01:18:47.128	0.87855	0.87863			6
2025.12.16	01:18:50.947	0.87854	0.87861			6
2025.12.16	01:19:00.535	0.87854				2
2025.12.16	01:19:08.926		0.87862			4
2025.12.16	01:19:14.297		0.87861			4
2025.12.16	01:19:20.160		0.87862			4
2025.12.16	01:19:29.892		0.87861			4
2025.12.16	01:19:30.945		0.87862			4
2025.12.16	01:19:42.385	0.87853	0.87861			6
2025.12.16	01:19:42.701	0.87854				2
2025.12.16	01:19:46.532	0.87853				2
2025.12.16	01:19:50.376	0.87854				2
2025.12.16	01:19:55.517		0.87862			4
2025.12.16	01:20:00.372	0.87854				2
2025.12.16	01:20:00.878		0.87861			4
2025.12.16	01:20:08.341	0.87853				2
2025.12.16	01:20:12.411	0.87852				2
2025.12.16	01:20:18.891	0.87853				2
2025.12.16	01:20:22.905	0.87852				2
2025.12.16	01:20:26.376	0.87853				2
2025.12.16	01:20:31.169	0.87852				2
2025.12.16	01:21:00.420	0.87853				2
2025.12.16	01:21:04.845		0.87861			4
2025.12.16	01:21:05.500		0.87860			4
2025.12.16	01:21:06.030		0.87861			4
2025.12.16	01:21:06.917	0.87852				2
2025.12.16	01:21:17.578	0.87853				2
2025.12.16	01:21:22.253	0.87852				2
2025.12.16	01:21:32.005	0.87853				2
2025.12.16	01:21:54.910	0.87856	0.87862			6
2025.12.16	01:21:56.414		0.87861			4
2025.12.16	01:22:01.409	0.87853	0.87860			6
2025.12.16	01:22:20.711	0.87856	0.87864			6
2025.12.16	01:22:21.257	0.87857	0.87863			6
2025.12.16	01:22:28.428	0.87856				2
2025.12.16	01:22:34.779	0.87857				2
2025.12.16	01:22:50.935	0.87856	0.87861			6
2025.12.16	01:22:55.265	0.87855				2
2025.12.16	01:22:55.651		0.87862			4
2025.12.16	01:23:00.524	0.87855	0.87861			6
2025.12.16	01:23:05.161	0.87857	0.87864			6
2025.12.16	01:24:01.260	0.87857				2
2025.12.16	01:24:10.153		0.87864			4
2025.12.16	01:24:45.236		0.87863			4
2025.12.16	01:25:00.313	0.87857	0.87864			6
2025.12.16	01:25:43.060	0.87858	0.87865			6
2025.12.16	01:25:43.365	0.87857				2
2025.12.16	01:25:43.782	0.87858				2
2025.12.16	01:25:49.811		0.87864			4
2025.12.16	01:25:51.658		0.87865			4
2025.12.16	01:25:54.144		0.87864			4
2025.12.16	01:25:55.674		0.87866			4
2025.12.16	01:26:00.604	0.87858				2
2025.12.16	01:26:01.757	0.87857				2
2025.12.16	01:26:02.273	0.87859				2
2025.12.16	01:26:09.255		0.87867			4
2025.12.16	01:26:14.444		0.87866			4
2025.12.16	01:26:28.831		0.87865			4
2025.12.16	01:26:32.603		0.87866			4
2025.12.16	01:26:36.566		0.87865			4
2025.12.16	01:26:40.855		0.87866			4
2025.12.16	01:26:41.389		0.87865			4
2025.12.16	01:26:42.911	0.87862	0.87869			6
2025.12.16	01:26:43.899	0.87863				2
2025.12.16	01:27:00.558	0.87863				2
2025.12.16	01:27:06.090	0.87862	0.87868			6
2025.12.16	01:27:21.974	0.87863	0.87869			6
2025.12.16	01:27:40.673	0.87862	0.87868			6
2025.12.16	01:27:47.315	0.87861	0.87869			6
2025.12.16	01:27:48.663		0.87868			4
2025.12.16	01:28:00.675	0.87863	0.87870			6
2025.12.16	01:28:02.866		0.87869			4
2025.12.16	01:28:04.873		0.87870			4
2025.12.16	01:28:10.751		0.87869			4
2025.12.16	01:28:11.133	0.87862				2
2025.12.16	01:28:25.064	0.87861				2
2025.12.16	01:28:29.677	0.87862				2
2025.12.16	01:28:38.195	0.87861	0.87867			6
2025.12.16	01:28:39.313	0.87863	0.87869			6
2025.12.16	01:29:00.327	0.87863				2
2025.12.16	01:29:01.336		0.87870			4
2025.12.16	01:29:06.921		0.87869			4
2025.12.16	01:29:11.355	0.87862				2
2025.12.16	01:29:16.931	0.87861				2
2025.12.16	01:29:24.057	0.87857	0.87864			6
2025.12.16	01:29:29.077	0.87858				2
2025.12.16	01:29:46.361	0.87859	0.87866			6
2025.12.16	01:29:48.546		0.87865			4
2025.12.16	01:30:00.417	0.87859	0.87864			6
2025.12.16	01:30:01.070	0.87855	0.87862			6
2025.12.16	01:30:03.293	0.87858	0.87859			6
2025.12.16	01:30:06.752	0.87855	0.87862			6
2025.12.16	01:30:12.384	0.87857				2
2025.12.16	01:30:15.367	0.87859	0.87864			6
2025.12.16	01:30:21.921	0.87858	0.87863			6
2025.12.16	01:30:30.250	0.87857	0.87862			6
2025.12.16	01:30:34.691	0.87854	0.87858			6
2025.12.16	01:30:34.998	0.87856	0.87860			6
2025.12.16	01:30:38.003	0.87855	0.87859			6
2025.12.16	01:30:47.676	0.87854	0.87858			6
2025.12.16	01:30:48.302	0.87856	0.87860			6
2025.12.16	01:30:53.760	0.87858	0.87861			6
2025.12.16	01:30:56.458		0.87862			4
2025.12.16	01:31:00.440	0.87857	0.87861			6
2025.12.16	01:31:02.875	0.87856	0.87860			6
2025.12.16	01:31:05.288	0.87857				2
2025.12.16	01:31:08.376	0.87856				2
2025.12.16	01:31:20.534		0.87859			4
2025.12.16	01:31:22.335	0.87855				2
2025.12.16	01:31:30.472	0.87854	0.87858			6
2025.12.16	01:31:45.982	0.87853				2
2025.12.16	01:32:00.472	0.87852	0.87857			6
2025.12.16	01:32:08.861		0.87856			4
2025.12.16	01:32:11.679	0.87855	0.87859			6
2025.12.16	01:32:30.457	0.87856	0.87860			6
2025.12.16	01:32:40.535		0.87861			4
2025.12.16	01:32:42.295	0.87855	0.87860			6
2025.12.16	01:32:53.269	0.87856	0.87861			6
2025.12.16	01:32:53.632	0.87857				2
2025.12.16	01:32:56.658	0.87856	0.87860			6
2025.12.16	01:33:00.241	0.87856				2
2025.12.16	01:33:05.242		0.87861			4
2025.12.16	01:33:13.630	0.87855	0.87860			6
2025.12.16	01:33:13.945	0.87852	0.87857			6
2025.12.16	01:33:21.224		0.87856			4
2025.12.16	01:33:26.905	0.87853	0.87857			6
2025.12.16	01:33:31.533	0.87852	0.87858			6
2025.12.16	01:33:54.244	0.87853				2
2025.12.16	01:34:00.419	0.87853				2
2025.12.16	01:34:12.340	0.87851	0.87857			6
2025.12.16	01:34:12.669		0.87856			4
2025.12.16	01:34:15.739	0.87852	0.87855			6
2025.12.16	01:34:20.676	0.87851				2
2025.12.16	01:34:24.724	0.87850				2
2025.12.16	01:34:32.677		0.87856			4
2025.12.16	01:34:54.766	0.87851				2
2025.12.16	01:35:02.878	0.87851				2
2025.12.16	01:35:12.003	0.87853	0.87858			6
2025.12.16	01:35:12.497		0.87860			4
2025.12.16	01:35:13.587		0.87859			4
2025.12.16	01:35:31.965		0.87860			4
2025.12.16	01:35:58.831	0.87854	0.87859			6
2025.12.16	01:36:00.270	0.87853				2
2025.12.16	01:36:02.176		0.87858			4
2025.12.16	01:36:29.061	0.87852	0.87857			6
2025.12.16	01:36:34.477		0.87856			4
2025.12.16	01:36:49.761	0.87851	0.87855			6
2025.12.16	01:36:57.577		0.87856			4
2025.12.16	01:37:00.534	0.87851				2
2025.12.16	01:37:03.576	0.87852	0.87857			6
2025.12.16	01:37:05.497		0.87856			4
2025.12.16	01:37:17.010		0.87858			4
2025.12.16	01:37:24.930		0.87857			4
2025.12.16	01:37:31.087		0.87858			4
2025.12.16	01:37:35.948		0.87857			4
2025.12.16	01:38:00.662	0.87852				2
2025.12.16	01:38:17.882	0.87853				2
2025.12.16	01:38:18.199		0.87858			4
2025.12.16	01:38:25.303	0.87852	0.87856			6
2025.12.16	01:38:43.015		0.87857			4
2025.12.16	01:38:49.144	0.87851	0.87856			6
2025.12.16	01:39:04.156	0.87852				2
2025.12.16	01:39:33.689		0.87857			4
2025.12.16	01:39:36.185		0.87856			4
2025.12.16	01:39:41.457	0.87853	0.87857			6
2025.12.16	01:39:59.676		0.87858			4
2025.12.16	01:40:00.678	0.87853	0.87857			6
2025.12.16	01:40:04.459	0.87852	0.87855			6
2025.12.16	01:40:13.477		0.87856			4
2025.12.16	01:40:30.536	0.87851				2
2025.12.16	01:40:37.337	0.87850	0.87854			6
2025.12.16	01:40:38.807	0.87853	0.87856			6
2025.12.16	01:40:39.121		0.87857			4
2025.12.16	01:40:40.254		0.87858			4
2025.12.16	01:40:41.241	0.87854	0.87859			6
2025.12.16	01:40:43.684	0.87853				2
2025.12.16	01:40:44.079	0.87852	0.87856			6
2025.12.16	01:40:45.501		0.87854			4
2025.12.16	01:40:50.227	0.87851				2
2025.12.16	01:40:51.474	0.87852	0.87855			6
2025.12.16	01:40:56.607	0.87850	0.87856			6
2025.12.16	01:40:58.014	0.87851				2
2025.12.16	01:40:58.372		0.87857			4
2025.12.16	01:41:01.148	0.87851				2
2025.12.16	01:41:10.877	0.87852	0.87858			6
2025.12.16	01:41:17.433	0.87853				2
2025.12.16	01:41:18.712	0.87852				2
2025.12.16	01:41:51.435	0.87853				2
2025.12.16	01:42:00.688	0.87853	0.87857			6
2025.12.16	01:42:01.847	0.87852				2
2025.12.16	01:42:06.537	0.87853	0.87858			6
2025.12.16	01:42:23.664	0.87851	0.87857			6
2025.12.16	01:42:23.967		0.87856			4
2025.12.16	01:42:25.510		0.87855			4
2025.12.16	01:42:27.919	0.87850	0.87854			6
2025.12.16	01:42:30.806	0.87851	0.87853			6
2025.12.16	01:42:31.121		0.87856			4
2025.12.16	01:42:33.191		0.87855			4
2025.12.16	01:42:45.294		0.87856			4
2025.12.16	01:42:51.876		0.87855			4
2025.12.16	01:42:56.023	0.87850				2
2025.12.16	01:43:00.437	0.87851				2
2025.12.16	01:43:02.477		0.87856			4
2025.12.16	01:43:14.745	0.87854	0.87859			6
2025.12.16	01:43:31.851	0.87853	0.87858			6
2025.12.16	01:43:35.677		0.87857			4
2025.12.16	01:43:38.804		0.87858			4
2025.12.16	01:43:46.713		0.87856			4
2025.12.16	01:43:47.067		0.87857			4
2025.12.16	01:44:00.426	0.87853	0.87858			6
2025.12.16	01:44:06.914	0.87855				2
2025.12.16	01:44:10.033		0.87857			4
2025.12.16	01:44:16.352	0.87854				2
2025.12.16	01:44:17.732	0.87853				2
2025.12.16	01:44:24.498	0.87850	0.87854			6
2025.12.16	01:44:24.821		0.87853			4
2025.12.16	01:44:25.131		0.87854			4
2025.12.16	01:44:30.302	0.87849				2
2025.12.16	01:44:37.779		0.87853			4
2025.12.16	01:44:43.390	0.87847	0.87850			6
2025.12.16	01:44:44.360		0.87849			4
2025.12.16	01:44:56.092		0.87850			4
2025.12.16	01:45:01.829	0.87847				2
2025.12.16	01:45:20.676	0.87846	0.87849			6
2025.12.16	01:45:26.677		0.87850			4
2025.12.16	01:45:50.676	0.87847				2
2025.12.16	01:45:53.242	0.87845	0.87848			6
2025.12.16	01:46:00.719	0.87845				2
2025.12.16	01:46:08.353	0.87839	0.87843			6
2025.12.16	01:46:09.356	0.87841				2
2025.12.16	01:46:11.265		0.87844			4
2025.12.16	01:46:27.280	0.87843	0.87846			6
2025.12.16	01:46:28.494	0.87841	0.87844			6
2025.12.16	01:46:36.729	0.87845	0.87848			6
2025.12.16	01:46:38.678	0.87846				2
2025.12.16	01:46:46.985	0.87845				2
2025.12.16	01:46:57.381	0.87846				2
2025.12.16	01:47:00.535	0.87846	0.87849			6
2025.12.16	01:47:13.631		0.87850			4
2025.12.16	01:47:16.476	0.87847	0.87849			6
2025.12.16	01:47:34.372	0.87846				2
2025.12.16	01:47:56.964		0.87850			4
2025.12.16	01:48:00.650	0.87846				2
2025.12.16	01:48:02.677	0.87847				2
2025.12.16	01:48:13.298	0.87843	0.87846			6
2025.12.16	01:48:13.614		0.87845			4
2025.12.16	01:48:17.678	0.87842				2
2025.12.16	01:48:19.980	0.87841				2
2025.12.16	01:48:32.751	0.87840	0.87844			6
2025.12.16	01:48:38.007	0.87841				2
2025.12.16	01:48:41.679	0.87840				2
2025.12.16	01:49:00.225	0.87840				2
2025.12.16	01:49:01.552	0.87841				2
2025.12.16	01:49:13.478	0.87840				2
2025.12.16	01:49:15.986	0.87844	0.87846			6
2025.12.16	01:49:17.383		0.87847			4
2025.12.16	01:49:20.655	0.87845	0.87848			6
2025.12.16	01:49:28.946		0.87849			4
2025.12.16	01:49:30.725	0.87846	0.87850			6
2025.12.16	01:49:34.909	0.87847				2
2025.12.16	01:49:45.226		0.87851			4
2025.12.16	01:49:47.350	0.87848				2
2025.12.16	01:49:54.016	0.87847				2
2025.12.16	01:49:56.709	0.87846				2
2025.12.16	01:50:01.177	0.87847	0.87850			6
2025.12.16	01:50:01.579	0.87848	0.87852			6
2025.12.16	01:50:02.020		0.87851			4
2025.12.16	01:50:05.634		0.87852			4
2025.12.16	01:50:15.446		0.87851			4
2025.12.16	01:50:25.917		0.87852			4
2025.12.16	01:50:27.555	0.87847	0.87851			6
2025.12.16	01:50:28.613	0.87848	0.87852			6
2025.12.16	01:50:31.663	0.87849				2
2025.12.16	01:50:50.375	0.87850	0.87853			6
2025.12.16	01:50:51.374	0.87849	0.87852			6
2025.12.16	01:50:53.935	0.87850				2
2025.12.16	01:50:54.934		0.87853			4
2025.12.16	01:51:00.672	0.87849	0.87852			6
2025.12.16	01:51:12.246	0.87850				2
2025.12.16	01:51:13.324	0.87849				2
2025.12.16	01:51:16.330		0.87853			4
2025.12.16	01:51:20.525		0.87852			4
2025.12.16	01:51:23.491	0.87848	0.87850			6
2025.12.16	01:51:23.881	0.87847				2
2025.12.16	01:51:24.183	0.87844	0.87847			6
2025.12.16	01:51:29.311	0.87845				2
2025.12.16	01:51:29.619	0.87843				2
2025.12.16	01:51:29.938	0.87844	0.87848			6
2025.12.16	01:51:36.553	0.87845				2
2025.12.16	01:51:38.970	0.87844	0.87847			6
2025.12.16	01:52:02.175	0.87844				2
2025.12.16	01:52:06.683	0.87845				2
2025.12.16	01:52:16.777	0.87844				2
2025.12.16	01:52:17.842	0.87845				2
2025.12.16	01:52:24.944		0.87848			4
2025.12.16	01:52:30.416	0.87844	0.87847			6
2025.12.16	01:52:38.073	0.87845	0.87848			6
2025.12.16	01:52:47.679	0.87844				2
2025.12.16	01:52:56.932	0.87845	0.87847			6
2025.12.16	01:52:57.616	0.87844	0.87848			6
2025.12.16	01:53:00.639	0.87845				2
2025.12.16	01:53:00.959	0.87844				2
2025.12.16	01:53:03.498		0.87847			4
2025.12.16	01:53:03.975		0.87848			4
2025.12.16	01:53:25.192	0.87843	0.87847			6
2025.12.16	01:53:46.529	0.87844				2
2025.12.16	01:53:54.706	0.87843				2
2025.12.16	01:54:00.555	0.87843				2
2025.12.16	01:54:06.734	0.87842				2
2025.12.16	01:54:12.263	0.87843				2
2025.12.16	01:54:13.401	0.87844				2
2025.12.16	01:54:20.125	0.87843				2
2025.12.16	01:54:23.676	0.87842				2
2025.12.16	01:54:25.215	0.87843	0.87847			6
2025.12.16	01:54:31.254	0.87844				2
2025.12.16	01:54:33.123	0.87848	0.87851			6
2025.12.16	01:54:45.014	0.87847	0.87850			6
2025.12.16	01:54:46.945	0.87846				2
2025.12.16	01:54:47.285	0.87847				2
2025.12.16	01:55:00.744	0.87847				2
2025.12.16	01:55:14.414	0.87846				2
2025.12.16	01:55:23.588	0.87847				2
2025.12.16	01:55:25.269	0.87845	0.87851			6
2025.12.16	01:55:45.717		0.87850			4
2025.12.16	01:55:46.317	0.87846				2
2025.12.16	01:55:51.835	0.87845	0.87851			6
2025.12.16	01:55:55.351	0.87847				2
2025.12.16	01:55:55.730	0.87846	0.87850			6
2025.12.16	01:55:56.082	0.87847				2
2025.12.16	01:55:57.578	0.87846				2
2025.12.16	01:56:02.501	0.87846				2
2025.12.16	01:56:22.473	0.87845	0.87851			6
2025.12.16	01:56:30.732	0.87846	0.87850			6
2025.12.16	01:57:02.094	0.87846				2
2025.12.16	01:57:12.426	0.87848	0.87853			6
2025.12.16	01:57:21.077	0.87849	0.87854			6
2025.12.16	01:57:40.985	0.87848				2
2025.12.16	01:57:41.901		0.87853			4
2025.12.16	01:58:02.094	0.87848				2
2025.12.16	01:58:35.090	0.87849	0.87854			6
2025.12.16	01:58:39.072		0.87853			4
2025.12.16	01:58:53.969	0.87848				2
2025.12.16	01:59:00.283	0.87846	0.87851			6
2025.12.16	01:59:01.285	0.87845				2
2025.12.16	01:59:16.478	0.87846				2
2025.12.16	01:59:24.083	0.87844	0.87849			6
2025.12.16	01:59:36.220	0.87846	0.87851			6
2025.12.16	01:59:39.006		0.87852			4
2025.12.16	01:59:39.339	0.87847				2
2025.12.16	01:59:40.496	0.87849	0.87854			6
2025.12.16	01:59:40.799	0.87848	0.87852			6
2025.12.16	01:59:50.463	0.87847				2
2025.12.16	02:00:00.328	0.87847				2
2025.12.16	02:00:01.420	0.87848	0.87850			6
2025.12.16	02:00:09.113	0.87849				2
2025.12.16	02:00:09.641		0.87851			4
2025.12.16	02:00:10.175		0.87850			4
2025.12.16	02:00:14.887		0.87851			4
2025.12.16	02:00:15.731	0.87850				2
2025.12.16	02:00:16.419	0.87849				2
2025.12.16	02:00:16.999	0.87850	0.87853			6
2025.12.16	02:00:17.318		0.87852			4
2025.12.16	02:00:19.562	0.87851				2
2025.12.16	02:00:20.095	0.87850				2
2025.12.16	02:00:20.648		0.87851			4
2025.12.16	02:00:22.828	0.87849				2
2025.12.16	02:00:28.198	0.87848	0.87850			6
2025.12.16	02:00:29.321	0.87847	0.87852			6
2025.12.16	02:00:29.639	0.87849	0.87851			6
2025.12.16	02:00:29.961		0.87852			4
2025.12.16	02:00:30.413	0.87848	0.87850			6
2025.12.16	02:00:30.744		0.87849			4
2025.12.16	02:00:32.122	0.87847				2
2025.12.16	02:00:44.695		0.87848			4
2025.12.16	02:00:47.282		0.87849			4
2025.12.16	02:00:56.473	0.87848				2
2025.12.16	02:00:58.008		0.87850			4
2025.12.16	02:01:00.405	0.87848				2
2025.12.16	02:01:02.604		0.87849			4
2025.12.16	02:01:03.589	0.87847				2
2025.12.16	02:01:07.987	0.87848				2
2025.12.16	02:01:09.466	0.87847				2
2025.12.16	02:01:16.369	0.87848	0.87850			6
2025.12.16	02:01:17.093		0.87849			4
2025.12.16	02:01:20.540		0.87850			4
2025.12.16	02:01:26.634	0.87847	0.87849			6
2025.12.16	02:01:26.939		0.87848			4
2025.12.16	02:01:27.401	0.87846				2
2025.12.16	02:01:33.650	0.87845	0.87847			6
2025.12.16	02:01:33.956	0.87846				2
2025.12.16	02:01:34.859	0.87847	0.87849			6
2025.12.16	02:01:38.211		0.87848			4
2025.12.16	02:01:48.436	0.87846	0.87847			6
2025.12.16	02:01:48.747	0.87847	0.87849			6
2025.12.16	02:01:59.194	0.87848				2
2025.12.16	02:01:59.786	0.87847				2
2025.12.16	02:02:00.536	0.87847				2
2025.12.16	02:02:06.457		0.87850			4
2025.12.16	02:02:07.003		0.87849			4
2025.12.16	02:02:08.222		0.87850			4
2025.12.16	02:02:11.033		0.87848			4
2025.12.16	02:02:11.927	0.87846	0.87850			6
2025.12.16	02:02:12.430		0.87847			4
2025.12.16	02:02:13.562		0.87848			4
2025.12.16	02:02:13.876		0.87847			4
2025.12.16	02:02:21.995		0.87848			4
2025.12.16	02:02:23.845		0.87847			4
2025.12.16	02:02:27.060	0.87848	0.87850			6
2025.12.16	02:02:27.680	0.87849				2
2025.12.16	02:02:28.212	0.87848	0.87849			6
2025.12.16	02:02:28.932	0.87849	0.87850			6
2025.12.16	02:02:30.557	0.87846	0.87847			6
2025.12.16	02:02:31.286	0.87847	0.87848			6
2025.12.16	02:02:32.529	0.87846				2
2025.12.16	02:02:33.952	0.87847				2
2025.12.16	02:02:34.720	0.87845	0.87846			6
2025.12.16	02:02:36.459	0.87846	0.87847			6
2025.12.16	02:02:36.847		0.87848			4
2025.12.16	02:02:37.177	0.87847				2
2025.12.16	02:02:38.330	0.87846	0.87847			6
2025.12.16	02:02:40.297	0.87847	0.87848			6
2025.12.16	02:02:41.997	0.87846				2
2025.12.16	02:02:47.176		0.87847			4
2025.12.16	02:02:47.508		0.87848			4
2025.12.16	02:02:49.160	0.87847				2
2025.12.16	02:02:49.542	0.87846	0.87847			6
2025.12.16	02:02:50.005		0.87848			4
2025.12.16	02:02:50.347	0.87847				2
2025.12.16	02:02:56.824	0.87846				2
2025.12.16	02:02:58.282	0.87847				2
2025.12.16	02:02:59.115	0.87846				2
2025.12.16	02:02:59.651	0.87847				2
2025.12.16	02:03:00.755	0.87847				2
2025.12.16	02:03:01.311		0.87849			4
2025.12.16	02:03:05.927	0.87848	0.87850			6
2025.12.16	02:03:22.554		0.87849			4
2025.12.16	02:03:24.197		0.87850			4
2025.12.16	02:03:26.116		0.87849			4
2025.12.16	02:03:26.974	0.87846	0.87847			6
2025.12.16	02:03:27.781	0.87847	0.87848			6
2025.12.16	02:03:30.763		0.87849			4
2025.12.16	02:03:31.819	0.87848				2
2025.12.16	02:03:34.919	0.87846	0.87847			6
2025.12.16	02:03:35.241	0.87847	0.87849			6
2025.12.16	02:03:35.570		0.87848			4
2025.12.16	02:03:40.148	0.87848	0.87849			6
2025.12.16	02:03:40.456		0.87850			4
2025.12.16	02:03:45.497	0.87849	0.87851			6
2025.12.16	02:03:47.511	0.87850	0.87852			6
2025.12.16	02:03:47.819	0.87851				2
2025.12.16	02:03:49.079	0.87849	0.87851			6
2025.12.16	02:03:50.823		0.87850			4
2025.12.16	02:03:51.363	0.87848				2
2025.12.16	02:03:52.191	0.87849				2
2025.12.16	02:04:00.315	0.87849				2
2025.12.16	02:04:01.436		0.87851			4
2025.12.16	02:04:05.860	0.87848	0.87849			6
2025.12.16	02:04:06.972		0.87850			4
2025.12.16	02:04:12.798	0.87849				2
2025.12.16	02:04:14.910		0.87851			4
2025.12.16	02:04:15.366		0.87850			4
2025.12.16	02:04:16.202		0.87851			4
2025.12.16	02:04:18.871		0.87850			4
2025.12.16	02:04:21.329	0.87850	0.87851			6
2025.12.16	02:04:22.356	0.87849	0.87850			6
2025.12.16	02:04:23.287		0.87851			4
2025.12.16	02:04:24.372		0.87850			4
2025.12.16	02:04:24.716		0.87851			4
2025.12.16	02:04:28.273		0.87850			4
2025.12.16	02:04:28.906	0.87848				2
2025.12.16	02:04:47.225		0.87849			4
2025.12.16	02:04:50.193		0.87850			4
2025.12.16	02:04:51.395	0.87847	0.87849			6
2025.12.16	02:05:00.311	0.87847	0.87848			6
2025.12.16	02:05:01.772	0.87846	0.87847			6
2025.12.16	02:05:02.101	0.87847	0.87848			6
2025.12.16	02:05:03.753	0.87848	0.87849			6
2025.12.16	02:05:05.137	0.87847	0.87848			6
2025.12.16	02:05:05.440	0.87846				2
2025.12.16	02:05:09.157	0.87845	0.87846			6
2025.12.16	02:05:13.358	0.87846	0.87847			6
2025.12.16	02:05:14.050	0.87845	0.87846			6
2025.12.16	02:05:14.370	0.87846	0.87847			6
2025.12.16	02:05:15.492		0.87848			4
2025.12.16	02:05:17.871	0.87847				2
2025.12.16	02:05:18.368	0.87846				2
2025.12.16	02:05:24.671	0.87847				2
2025.12.16	02:05:37.448	0.87848	0.87849			6
2025.12.16	02:05:52.556	0.87850	0.87852			6
2025.12.16	02:05:52.860		0.87851			4
2025.12.16	02:05:53.936	0.87849				2
2025.12.16	02:05:54.420	0.87850				2
2025.12.16	02:05:55.641	0.87851	0.87852			6
2025.12.16	02:06:01.371	0.87851				2
2025.12.16	02:06:01.702	0.87850				2
2025.12.16	02:06:02.251		0.87851			4
2025.12.16	02:06:09.074	0.87849				2
2025.12.16	02:06:09.751	0.87850				2
2025.12.16	02:06:22.137	0.87849	0.87850			6
2025.12.16	02:06:28.184	0.87850	0.87851			6
2025.12.16	02:06:30.090	0.87851	0.87852			6
2025.12.16	02:06:34.694	0.87850				2
2025.12.16	02:06:42.142	0.87851				2
2025.12.16	02:06:43.020	0.87850				2
2025.12.16	02:06:54.857	0.87851				2
2025.12.16	02:06:55.893	0.87850	0.87851			6
2025.12.16	02:06:56.906		0.87852			4
2025.12.16	02:06:57.572	0.87849	0.87851			6
2025.12.16	02:07:01.431	0.87849				2
2025.12.16	02:07:11.092	0.87850				2
2025.12.16	02:07:11.533	0.87849				2
2025.12.16	02:07:13.137	0.87850				2
2025.12.16	02:07:13.443	0.87849				2
2025.12.16	02:07:14.630	0.87850				2
2025.12.16	02:07:16.425	0.87849				2
2025.12.16	02:07:17.487	0.87851	0.87853			6
2025.12.16	02:07:22.036	0.87850	0.87851			6
2025.12.16	02:07:23.277		0.87852			4
2025.12.16	02:07:24.159		0.87851			4
2025.12.16	02:07:25.986		0.87852			4
2025.12.16	02:07:26.347		0.87851			4
2025.12.16	02:07:27.065	0.87849	0.87850			6
2025.12.16	02:07:27.369	0.87848				2
2025.12.16	02:07:31.036	0.87849				2
2025.12.16	02:07:45.879		0.87851			4
2025.12.16	02:07:46.188		0.87850			4
2025.12.16	02:07:46.929	0.87850	0.87851			6
2025.12.16	02:07:48.989	0.87851	0.87852			6
2025.12.16	02:07:51.814	0.87850				2
2025.12.16	02:07:55.072	0.87851				2
2025.12.16	02:07:57.006	0.87850	0.87851			6
2025.12.16	02:07:57.321	0.87851	0.87852			6
2025.12.16	02:07:57.630	0.87850				2
2025.12.16	02:08:00.318	0.87850	0.87851			6
2025.12.16	02:08:04.062	0.87851	0.87852			6
2025.12.16	02:08:04.559	0.87852	0.87853			6
2025.12.16	02:08:10.814	0.87851	0.87852			6
2025.12.16	02:08:26.443	0.87852	0.87853			6
2025.12.16	02:08:27.516	0.87853	0.87854			6
2025.12.16	02:08:27.881	0.87852	0.87853			6
2025.12.16	02:08:31.248	0.87856	0.87857			6
2025.12.16	02:08:33.362	0.87857	0.87858			6
2025.12.16	02:08:46.681	0.87858	0.87859			6
2025.12.16	02:08:56.352	0.87859	0.87860			6
2025.12.16	02:08:57.361	0.87858	0.87859			6
2025.12.16	02:09:00.018	0.87858				2
2025.12.16	02:09:00.429	0.87857				2
2025.12.16	02:09:00.984	0.87858				2
2025.12.16	02:09:01.471		0.87860			4
2025.12.16	02:09:02.128		0.87859			4
2025.12.16	02:09:03.478		0.87860			4
2025.12.16	02:09:12.903	0.87857	0.87859			6
2025.12.16	02:09:13.530		0.87858			4
2025.12.16	02:09:19.972		0.87859			4
2025.12.16	02:09:22.090	0.87856	0.87857			6
2025.12.16	02:09:22.402	0.87857	0.87858			6
2025.12.16	02:09:26.747	0.87856	0.87857			6
2025.12.16	02:09:32.051	0.87855				2
2025.12.16	02:09:35.677	0.87856				2
2025.12.16	02:09:38.222	0.87855				2
2025.12.16	02:09:53.074	0.87856				2
2025.12.16	02:09:53.687	0.87861	0.87862			6
2025.12.16	02:09:54.006	0.87862	0.87863			6
2025.12.16	02:09:54.847	0.87861	0.87862			6
2025.12.16	02:09:55.163	0.87858	0.87860			6
2025.12.16	02:09:55.497	0.87860	0.87861			6
2025.12.16	02:09:56.230	0.87859	0.87860			6
2025.12.16	02:09:56.538	0.87860	0.87861			6
2025.12.16	02:09:56.866	0.87859	0.87860			6
2025.12.16	02:09:57.895	0.87861	0.87862			6
2025.12.16	02:09:59.415	0.87858	0.87860			6
2025.12.16	02:10:00.311	0.87857	0.87859			6
2025.12.16	02:10:00.652	0.87858	0.87860			6
2025.12.16	02:10:01.148	0.87857	0.87859			6
2025.12.16	02:10:01.460		0.87858			4
2025.12.16	02:10:02.357	0.87855	0.87857			6
2025.12.16	02:10:02.739		0.87856			4
2025.12.16	02:10:04.351	0.87856	0.87857			6
2025.12.16	02:10:04.675	0.87855	0.87856			6
2025.12.16	02:10:05.291	0.87854				2
2025.12.16	02:10:06.135	0.87855				2
2025.12.16	02:10:10.672		0.87857			4
2025.12.16	02:10:11.431	0.87854	0.87855			6
2025.12.16	02:10:12.572	0.87852	0.87854			6
2025.12.16	02:10:13.692	0.87853	0.87855			6
2025.12.16	02:10:14.505	0.87854				2
2025.12.16	02:10:17.128		0.87856			4
2025.12.16	02:10:20.591	0.87855				2
2025.12.16	02:10:26.514	0.87854				2
2025.12.16	02:10:30.447	0.87855				2
2025.12.16	02:10:30.932	0.87856	0.87857			6
2025.12.16	02:10:36.737	0.87855				2
2025.12.16	02:10:37.184	0.87854	0.87856			6
2025.12.16	02:10:37.548		0.87855			4
2025.12.16	02:10:39.612	0.87853	0.87854			6
2025.12.16	02:10:41.060	0.87854	0.87855			6
2025.12.16	02:10:45.566	0.87853	0.87854			6
2025.12.16	02:10:51.811	0.87854	0.87855			6
2025.12.16	02:10:56.364	0.87855	0.87856			6
2025.12.16	02:11:00.563	0.87854	0.87855			6
2025.12.16	02:11:00.886	0.87855	0.87856			6
2025.12.16	02:11:02.139	0.87854	0.87855			6
2025.12.16	02:11:02.543	0.87855	0.87856			6
2025.12.16	02:11:09.862		0.87857			4
2025.12.16	02:11:10.681		0.87856			4
2025.12.16	02:11:11.535	0.87858	0.87859			6
2025.12.16	02:11:11.861	0.87857				2
2025.12.16	02:11:15.482	0.87858				2
2025.12.16	02:11:20.591	0.87857	0.87858			6
2025.12.16	02:11:21.831	0.87858	0.87859			6
2025.12.16	02:11:22.138	0.87857	0.87858			6
2025.12.16	02:11:23.926	0.87858	0.87859			6
2025.12.16	02:11:29.612	0.87859	0.87860			6
2025.12.16	02:11:30.656	0.87858	0.87859			6
2025.12.16	02:11:32.256	0.87859	0.87860			6
2025.12.16	02:11:32.672	0.87858				2
2025.12.16	02:11:33.256		0.87859			4
2025.12.16	02:11:42.532		0.87860			4
2025.12.16	02:11:43.392	0.87857	0.87859			6
2025.12.16	02:11:43.701	0.87858				2
2025.12.16	02:11:44.352	0.87857				2
2025.12.16	02:11:45.850		0.87858			4
2025.12.16	02:11:50.888		0.87859			4
2025.12.16	02:11:51.437		0.87858			4
2025.12.16	02:11:52.346		0.87859			4
2025.12.16	02:11:53.065		0.87858			4
2025.12.16	02:11:53.595		0.87859			4
2025.12.16	02:11:54.240	0.87856	0.87858			6
2025.12.16	02:11:54.564	0.87857				2
2025.12.16	02:11:59.778	0.87855				2
2025.12.16	02:12:00.081	0.87857				2
2025.12.16	02:12:00.545	0.87856				2
2025.12.16	02:12:00.902	0.87855	0.87856			6
2025.12.16	02:12:03.952	0.87854	0.87855			6
2025.12.16	02:12:06.729		0.87856			4
2025.12.16	02:12:11.726		0.87855			4
2025.12.16	02:12:12.123	0.87853				2
2025.12.16	02:12:13.311	0.87854				2
2025.12.16	02:12:13.681		0.87856			4
2025.12.16	02:12:14.578		0.87855			4
2025.12.16	02:12:18.531	0.87856	0.87857			6
2025.12.16	02:12:27.132		0.87858			4
2025.12.16	02:12:30.440	0.87857				2
2025.12.16	02:12:42.745	0.87856	0.87857			6
2025.12.16	02:12:47.851		0.87858			4
2025.12.16	02:12:48.922		0.87857			4
2025.12.16	02:12:51.191		0.87858			4
2025.12.16	02:12:51.869	0.87857				2
2025.12.16	02:12:52.277	0.87858	0.87859			6
2025.12.16	02:12:52.712	0.87857				2
2025.12.16	02:12:53.047		0.87858			4
2025.12.16	02:12:54.162	0.87858	0.87859			6
2025.12.16	02:12:54.479	0.87857	0.87858			6
2025.12.16	02:12:54.995	0.87858	0.87859			6
2025.12.16	02:12:55.316	0.87857	0.87858			6
2025.12.16	02:12:57.430	0.87858	0.87859			6
2025.12.16	02:12:57.872	0.87857	0.87858			6
2025.12.16	02:12:59.440	0.87856				2
2025.12.16	02:13:00.225	0.87856				2
2025.12.16	02:13:01.266	0.87855	0.87856			6
2025.12.16	02:13:02.880	0.87856	0.87857			6
2025.12.16	02:13:12.566	0.87857	0.87858			6
2025.12.16	02:13:17.544	0.87855	0.87856			6
2025.12.16	02:13:20.797		0.87857			4
2025.12.16	02:13:23.019	0.87856				2
2025.12.16	02:13:24.575	0.87855				2
2025.12.16	02:13:25.188		0.87856			4
2025.12.16	02:13:26.269	0.87854				2
2025.12.16	02:13:31.289	0.87855				2
2025.12.16	02:13:35.925		0.87857			4
2025.12.16	02:13:36.238		0.87856			4
2025.12.16	02:13:37.942	0.87854				2
2025.12.16	02:13:40.819		0.87855			4
2025.12.16	02:13:44.395	0.87853				2
2025.12.16	02:13:44.972	0.87854				2
2025.12.16	02:13:45.339		0.87856			4
2025.12.16	02:13:47.461	0.87855				2
2025.12.16	02:13:50.346	0.87856	0.87857			6
2025.12.16	02:13:51.468	0.87857	0.87859			6
2025.12.16	02:13:51.812		0.87858			4
2025.12.16	02:14:00.491	0.87857				2
2025.12.16	02:14:02.343	0.87856	0.87857			6
2025.12.16	02:14:10.556	0.87858	0.87859			6
2025.12.16	02:14:12.095	0.87857	0.87858			6
2025.12.16	02:14:19.416	0.87856	0.87857			6
2025.12.16	02:14:20.186	0.87855	0.87856			6
2025.12.16	02:14:20.538	0.87857	0.87858			6
2025.12.16	02:14:22.304	0.87856				2
2025.12.16	02:14:23.295		0.87857			4
2025.12.16	02:14:26.011	0.87857	0.87858			6
2025.12.16	02:14:34.555	0.87856				2
2025.12.16	02:14:41.078	0.87857				2
2025.12.16	02:14:43.152	0.87856	0.87857			6
2025.12.16	02:14:44.686		0.87858			4
2025.12.16	02:14:45.197		0.87857			4
2025.12.16	02:14:53.352		0.87858			4
2025.12.16	02:14:54.165	0.87857				2
2025.12.16	02:14:54.892	0.87854	0.87855			6
2025.12.16	02:14:55.398	0.87853				2
2025.12.16	02:14:58.842	0.87854				2
2025.12.16	02:15:00.306	0.87854				2
2025.12.16	02:15:01.526		0.87856			4
2025.12.16	02:15:02.236	0.87857	0.87858			6
2025.12.16	02:15:02.671	0.87856	0.87857			6
2025.12.16	02:15:06.962	0.87855	0.87856			6
2025.12.16	02:15:11.779	0.87857	0.87858			6
2025.12.16	02:15:12.537	0.87856	0.87857			6
2025.12.16	02:15:14.036	0.87857	0.87858			6
2025.12.16	02:15:18.326	0.87856				2
2025.12.16	02:15:22.735	0.87857				2
2025.12.16	02:15:25.196	0.87858	0.87859			6
2025.12.16	02:15:30.382	0.87859	0.87860			6
2025.12.16	02:15:30.806	0.87858	0.87859			6
2025.12.16	02:15:35.877	0.87859	0.87860			6
2025.12.16	02:15:41.677	0.87860	0.87861			6
2025.12.16	02:15:48.652		0.87862			4
2025.12.16	02:15:49.284	0.87861				2
2025.12.16	02:15:52.988	0.87859	0.87860			6
2025.12.16	02:15:54.709	0.87860	0.87861			6
2025.12.16	02:16:00.526	0.87860				2
2025.12.16	02:16:06.255	0.87858	0.87860			6
2025.12.16	02:16:08.984	0.87859				2
2025.12.16	02:16:10.482	0.87858				2
2025.12.16	02:16:10.807		0.87859			4
2025.12.16	02:16:11.613	0.87857				2
2025.12.16	02:16:15.408	0.87858				2
2025.12.16	02:16:17.035	0.87857				2
2025.12.16	02:16:18.222	0.87858				2
2025.12.16	02:16:18.590	0.87862	0.87863			6
2025.12.16	02:16:20.597	0.87860	0.87861			6
2025.12.16	02:16:20.899	0.87858	0.87860			6
2025.12.16	02:16:22.784		0.87859			4
2025.12.16	02:16:29.583		0.87860			4
2025.12.16	02:16:33.547	0.87859				2
2025.12.16	02:16:34.940	0.87858				2
2025.12.16	02:16:38.811	0.87859				2
2025.12.16	02:16:41.972	0.87858				2
2025.12.16	02:16:44.622		0.87859			4
2025.12.16	02:16:45.102		0.87860			4
2025.12.16	02:16:45.412		0.87859			4
2025.12.16	02:16:46.221		0.87860			4
2025.12.16	02:16:49.856	0.87859				2
2025.12.16	02:16:52.707		0.87861			4
2025.12.16	02:16:55.551	0.87862	0.87863			6
2025.12.16	02:17:00.217	0.87861	0.87862			6
2025.12.16	02:17:00.562	0.87862	0.87863			6
2025.12.16	02:17:00.886	0.87861	0.87862			6
2025.12.16	02:17:03.457		0.87863			4
2025.12.16	02:17:03.812	0.87862				2
2025.12.16	02:17:04.206	0.87861	0.87862			6
2025.12.16	02:17:06.188	0.87862	0.87863			6
2025.12.16	02:17:14.376	0.87861	0.87862			6
2025.12.16	02:17:15.910	0.87859	0.87860			6
2025.12.16	02:17:17.036	0.87858				2
2025.12.16	02:17:17.913	0.87864	0.87865			6
2025.12.16	02:17:19.668	0.87863	0.87864			6
2025.12.16	02:17:24.042	0.87864	0.87865			6
2025.12.16	02:17:24.694	0.87863	0.87864			6
2025.12.16	02:17:31.062	0.87864	0.87865			6
2025.12.16	02:17:31.449	0.87863				2
2025.12.16	02:17:31.981		0.87864			4
2025.12.16	02:17:38.451	0.87862				2
2025.12.16	02:17:38.802	0.87863				2
2025.12.16	02:17:47.513	0.87862				2
2025.12.16	02:17:48.892		0.87863			4
2025.12.16	02:17:50.750	0.87865	0.87866			6
2025.12.16	02:17:52.106	0.87862	0.87864			6
2025.12.16	02:17:52.446		0.87863			4
2025.12.16	02:17:53.425		0.87864			4
2025.12.16	02:17:54.912	0.87861	0.87863			6
2025.12.16	02:17:56.415		0.87862			4
2025.12.16	02:17:56.743		0.87863			4
2025.12.16	02:17:57.159		0.87862			4
2025.12.16	02:18:00.620	0.87861				2
2025.12.16	02:18:03.371	0.87860	0.87861			6
2025.12.16	02:18:06.222	0.87859	0.87860			6
2025.12.16	02:18:07.760	0.87861	0.87862			6
2025.12.16	02:18:09.751	0.87860	0.87861			6
2025.12.16	02:18:10.111	0.87861	0.87862			6
2025.12.16	02:18:13.262	0.87860	0.87861			6
2025.12.16	02:18:13.609	0.87862	0.87863			6
2025.12.16	02:18:13.917	0.87861	0.87862			6
2025.12.16	02:18:15.201	0.87859				2
2025.12.16	02:18:15.508	0.87860	0.87863			6
2025.12.16	02:18:15.977	0.87861				2
2025.12.16	02:18:16.429	0.87862	0.87864			6
2025.12.16	02:18:17.740		0.87863			4
2025.12.16	02:18:18.047		0.87864			4
2025.12.16	02:18:20.979		0.87863			4
2025.12.16	02:18:21.417	0.87863	0.87864			6
2025.12.16	02:18:22.096		0.87865			4
2025.12.16	02:18:23.427	0.87864				2
2025.12.16	02:18:34.193		0.87866			4
2025.12.16	02:18:35.417	0.87863	0.87865			6
2025.12.16	02:18:35.719	0.87864				2
2025.12.16	02:18:36.152	0.87863				2
2025.12.16	02:18:40.086	0.87864				2
2025.12.16	02:18:44.042	0.87863	0.87864			6
2025.12.16	02:18:48.104	0.87862				2
2025.12.16	02:18:52.415		0.87863			4
2025.12.16	02:18:53.249	0.87861				2
2025.12.16	02:18:55.621		0.87862			4
2025.12.16	02:19:00.083	0.87862	0.87863			6
2025.12.16	02:19:01.828	0.87863	0.87864			6
2025.12.16	02:19:02.247	0.87862				2
2025.12.16	02:19:02.664	0.87864	0.87865			6
2025.12.16	02:19:11.795	0.87865	0.87866			6
2025.12.16	02:19:12.858	0.87864				2
2025.12.16	02:19:13.366	0.87865				2
2025.12.16	02:19:21.310	0.87864				2
2025.12.16	02:19:33.747	0.87865				2
2025.12.16	02:19:36.151	0.87866	0.87867			6
2025.12.16	02:19:36.454	0.87864	0.87866			6
2025.12.16	02:19:36.857	0.87865				2
2025.12.16	02:19:37.279	0.87864				2
2025.12.16	02:19:37.584	0.87865				2
2025.12.16	02:19:48.740	0.87864	0.87865			6
2025.12.16	02:19:53.631	0.87863				2
2025.12.16	02:19:58.106	0.87864				2
2025.12.16	02:20:00.045	0.87864				2
2025.12.16	02:20:02.258		0.87866			4
2025.12.16	02:20:27.092	0.87865				2
2025.12.16	02:20:27.993	0.87864				2
2025.12.16	02:20:47.854	0.87865				2
2025.12.16	02:20:48.722	0.87866	0.87867			6
2025.12.16	02:20:59.496	0.87867	0.87868			6
2025.12.16	02:21:00.227	0.87868	0.87869			6
2025.12.16	02:21:00.564	0.87869	0.87870			6
2025.12.16	02:21:02.544	0.87867	0.87868			6
2025.12.16	02:21:11.088	0.87866	0.87867			6
2025.12.16	02:21:12.237	0.87867	0.87868			6
2025.12.16	02:21:15.275	0.87868	0.87869			6
2025.12.16	02:21:17.327	0.87867	0.87868			6
2025.12.16	02:21:20.153	0.87866	0.87867			6
2025.12.16	02:21:21.244	0.87867	0.87868			6
2025.12.16	02:21:25.328	0.87866	0.87867			6
2025.12.16	02:21:36.931	0.87865	0.87866			6
2025.12.16	02:21:38.350	0.87866	0.87867			6
2025.12.16	02:21:39.168		0.87868			4
2025.12.16	02:21:39.480		0.87867			4
2025.12.16	02:21:40.573	0.87865	0.87866			6
2025.12.16	02:21:41.204	0.87866	0.87867			6
2025.12.16	02:21:41.688	0.87865	0.87866			6
2025.12.16	02:21:49.759	0.87867	0.87868			6
2025.12.16	02:21:52.782	0.87865	0.87866			6
2025.12.16	02:21:55.271	0.87866	0.87867			6
2025.12.16	02:22:00.615	0.87866				2
2025.12.16	02:22:07.145	0.87867	0.87868			6
2025.12.16	02:22:08.111	0.87868	0.87869			6
2025.12.16	02:22:09.908	0.87867	0.87868			6
2025.12.16	02:22:10.253	0.87868	0.87869			6
2025.12.16	02:22:15.673	0.87867				2
2025.12.16	02:22:16.558	0.87868				2
2025.12.16	02:22:16.866	0.87867				2
2025.12.16	02:22:17.455	0.87868				2
2025.12.16	02:22:25.157	0.87869	0.87870			6
2025.12.16	02:22:39.514	0.87868				2
2025.12.16	02:22:45.294	0.87869				2
2025.12.16	02:22:53.235		0.87871			4
2025.12.16	02:22:53.588		0.87870			4
2025.12.16	02:22:53.912		0.87871			4
2025.12.16	02:22:54.481		0.87870			4
2025.12.16	02:22:54.981	0.87868				2
2025.12.16	02:22:58.030	0.87869	0.87871			6
2025.12.16	02:23:01.785	0.87869				2
2025.12.16	02:23:02.257		0.87870			4
2025.12.16	02:23:18.428		0.87871			4
2025.12.16	02:23:20.535		0.87870			4
2025.12.16	02:23:25.239	0.87868	0.87869			6
2025.12.16	02:23:26.046	0.87869	0.87870			6
2025.12.16	02:23:42.066	0.87868				2
2025.12.16	02:23:43.374	0.87869				2
2025.12.16	02:23:44.041	0.87868				2
2025.12.16	02:23:44.700	0.87869				2
2025.12.16	02:23:45.320	0.87868				2
2025.12.16	02:23:51.321		0.87869			4
2025.12.16	02:23:54.668		0.87870			4
2025.12.16	02:24:00.332	0.87868				2
2025.12.16	02:24:00.646	0.87869				2
2025.12.16	02:24:05.677	0.87870	0.87871			6
2025.12.16	02:24:17.931	0.87868	0.87869			6
2025.12.16	02:24:19.537		0.87870			4
2025.12.16	02:24:19.918		0.87869			4
2025.12.16	02:24:27.391		0.87870			4
2025.12.16	02:24:28.027	0.87869				2
2025.12.16	02:24:31.886	0.87868	0.87869			6
2025.12.16	02:24:41.376	0.87867	0.87868			6
2025.12.16	02:24:45.177	0.87868	0.87869			6
2025.12.16	02:24:49.811	0.87865	0.87866			6
2025.12.16	02:24:50.511	0.87869	0.87870			6
2025.12.16	02:24:55.372	0.87868	0.87869			6
2025.12.16	02:24:55.684	0.87867	0.87868			6
2025.12.16	02:24:57.373	0.87868	0.87869			6
2025.12.16	02:24:58.533	0.87867	0.87868			6
2025.12.16	02:25:00.023	0.87867				2
2025.12.16	02:25:00.601	0.87868	0.87869			6
2025.12.16	02:25:02.484	0.87869	0.87870			6
2025.12.16	02:25:10.774	0.87867	0.87868			6
2025.12.16	02:25:11.385	0.87866				2
2025.12.16	02:25:17.326		0.87867			4
2025.12.16	02:25:18.218	0.87870	0.87871			6
2025.12.16	02:25:20.075	0.87871	0.87872			6
2025.12.16	02:25:22.248	0.87868	0.87870			6
2025.12.16	02:25:26.918		0.87869			4
2025.12.16	02:25:35.329	0.87869	0.87870			6
2025.12.16	02:25:38.852	0.87868	0.87869			6
2025.12.16	02:25:40.507	0.87867	0.87868			6
2025.12.16	02:26:00.565	0.87865	0.87867			6
2025.12.16	02:26:01.876	0.87866	0.87868			6
2025.12.16	02:26:02.179		0.87867			4
2025.12.16	02:26:17.117	0.87865				2
2025.12.16	02:26:20.625	0.87866				2
2025.12.16	02:26:21.764	0.87865				2
2025.12.16	02:26:24.151		0.87866			4
2025.12.16	02:26:24.462		0.87867			4
2025.12.16	02:26:32.185		0.87866			4
2025.12.16	02:26:35.418		0.87867			4
2025.12.16	02:26:36.822	0.87864	0.87866			6
2025.12.16	02:26:37.191	0.87862				2
2025.12.16	02:26:37.878	0.87863				2
2025.12.16	02:26:38.855	0.87864				2
2025.12.16	02:26:42.539	0.87863				2
2025.12.16	02:26:49.343	0.87866	0.87867			6
2025.12.16	02:27:00.250	0.87866				2
2025.12.16	02:27:15.383		0.87868			4
2025.12.16	02:27:25.579		0.87867			4
2025.12.16	02:27:29.416		0.87868			4
2025.12.16	02:27:37.413	0.87867				2
2025.12.16	02:27:40.549	0.87866				2
2025.12.16	02:27:48.933		0.87867			4
2025.12.16	02:27:58.343		0.87868			4
2025.12.16	02:27:58.670		0.87867			4
2025.12.16	02:28:01.748	0.87865	0.87866			6
2025.12.16	02:28:06.913	0.87866	0.87867			6
2025.12.16	02:28:13.819	0.87868	0.87869			6
2025.12.16	02:28:14.175	0.87867	0.87868			6
2025.12.16	02:28:15.691		0.87869			4
2025.12.16	02:28:16.822		0.87868			4
2025.12.16	02:28:21.426	0.87871	0.87872			6
2025.12.16	02:28:29.718	0.87867	0.87868			6
2025.12.16	02:28:30.432		0.87869			4
2025.12.16	02:28:31.076		0.87868			4
2025.12.16	02:28:46.192	0.87866				2
2025.12.16	02:28:48.669	0.87867				2
2025.12.16	02:28:50.377	0.87866				2
2025.12.16	02:28:59.276	0.87867	0.87869			6
2025.12.16	02:29:00.481	0.87867				2
2025.12.16	02:29:02.061		0.87868			4
2025.12.16	02:29:04.348	0.87866				2
2025.12.16	02:29:32.847	0.87867				2
2025.12.16	02:29:37.234	0.87866				2
2025.12.16	02:29:38.368	0.87867				2
2025.12.16	02:29:39.268	0.87866				2
2025.12.16	02:29:45.169		0.87867			4
2025.12.16	02:29:47.892		0.87868			4
2025.12.16	02:29:48.396		0.87867			4
2025.12.16	02:29:49.331		0.87868			4
2025.12.16	02:29:49.842	0.87867				2
2025.12.16	02:29:55.319	0.87866	0.87867			6
2025.12.16	02:29:58.506	0.87865				2
2025.12.16	02:30:00.011	0.87866				2
2025.12.16	02:30:01.136	0.87865				2
2025.12.16	02:30:01.857	0.87867	0.87869			6
2025.12.16	02:30:04.540	0.87868				2
2025.12.16	02:30:06.106		0.87870			4
2025.12.16	02:30:07.331		0.87869			4
2025.12.16	02:30:11.028		0.87870			4
2025.12.16	02:30:14.159		0.87869			4
2025.12.16	02:30:20.418	0.87867				2
2025.12.16	02:30:21.348		0.87868			4
2025.12.16	02:30:22.075		0.87869			4
2025.12.16	02:30:23.796	0.87868				2
2025.12.16	02:30:38.822	0.87866	0.87867			6
2025.12.16	02:30:39.270		0.87868			4
2025.12.16	02:30:45.492		0.87867			4
2025.12.16	02:30:46.152	0.87867	0.87868			6
2025.12.16	02:30:46.526	0.87865	0.87867			6
2025.12.16	02:30:46.838	0.87866				2
2025.12.16	02:31:00.535	0.87866				2
2025.12.16	02:31:02.471	0.87865				2
2025.12.16	02:31:03.816	0.87866				2
2025.12.16	02:31:04.895		0.87868			4
2025.12.16	02:31:06.258		0.87867			4
2025.12.16	02:31:06.688	0.87865				2
2025.12.16	02:31:07.385	0.87864	0.87866			6
2025.12.16	02:31:14.110	0.87862				2
2025.12.16	02:31:14.962		0.87865			4
2025.12.16	02:31:22.808		0.87866			4
2025.12.16	02:31:25.755	0.87865	0.87867			6
2025.12.16	02:31:35.444	0.87867	0.87868			6
2025.12.16	02:31:38.391	0.87863	0.87867			6
2025.12.16	02:31:39.241	0.87868	0.87869			6
2025.12.16	02:31:42.971	0.87866	0.87868			6
2025.12.16	02:31:43.302	0.87867	0.87869			6
2025.12.16	02:31:47.650	0.87866				2
2025.12.16	02:31:56.037	0.87865				2
2025.12.16	02:32:01.097	0.87866				2
2025.12.16	02:32:01.421	0.87865	0.87868			6
2025.12.16	02:32:01.831	0.87867	0.87869			6
2025.12.16	02:32:07.714		0.87868			4
2025.12.16	02:32:08.860	0.87866	0.87869			6
2025.12.16	02:32:09.206	0.87867				2
2025.12.16	02:32:17.387	0.87868	0.87870			6
2025.12.16	02:32:24.184	0.87869				2
2025.12.16	02:32:26.527	0.87868				2
2025.12.16	02:32:28.177		0.87871			4
2025.12.16	02:32:30.232		0.87870			4
2025.12.16	02:32:36.975		0.87871			4
