<DATE>	<TIME>	<BID>	<ASK>	<LAST>	<VOLUME>	<FLAGS>
2025.12.03	00:03:30.545	0.87902	0.88038			6
2025.12.03	00:03:45.587	0.87903				2
2025.12.03	00:04:06.385	0.87912	0.88092			6
2025.12.03	00:04:26.438	0.87930				2
2025.12.03	00:05:00.390	0.87930				2
2025.12.03	00:05:00.910	0.87929				2
2025.12.03	00:05:01.388		0.88101			4
2025.12.03	00:05:05.747		0.88084			4
2025.12.03	00:05:07.580		0.88086			4
2025.12.03	00:05:10.200		0.88087			4
2025.12.03	00:05:11.843		0.88101			4
2025.12.03	00:05:56.389		0.88092			4
2025.12.03	00:06:06.388	0.87929				2
2025.12.03	00:06:10.352	0.87928				2
2025.12.03	00:06:29.453	0.87929				2
2025.12.03	00:06:31.793	0.87934				2
2025.12.03	00:06:32.783	0.87923				2
2025.12.03	00:06:38.741	0.87918				2
2025.12.03	00:06:42.346	0.87919				2
2025.12.03	00:06:46.537	0.87918				2
2025.12.03	00:07:00.329	0.87923	0.88092			6
2025.12.03	00:07:01.331	0.87921	0.88089			6
2025.12.03	00:07:07.464	0.87923	0.88092			6
2025.12.03	00:07:36.267	0.87918				2
2025.12.03	00:07:37.064	0.87923				2
2025.12.03	00:07:37.725	0.87918				2
2025.12.03	00:08:00.710	0.87918				2
2025.12.03	00:08:07.467		0.88092			4
2025.12.03	00:09:00.383	0.87918				2
2025.12.03	00:09:20.760		0.88092			4
2025.12.03	00:09:29.055	0.87919				2
2025.12.03	00:09:53.765	0.87918				2
2025.12.03	00:10:00.372	0.87962	0.88071			6
2025.12.03	00:10:11.911	0.87950	0.88052			6
2025.12.03	00:11:00.318	0.87950				2
2025.12.03	00:11:04.986	0.87955	0.88077			6
2025.12.03	00:11:05.942	0.87950	0.88052			6
2025.12.03	00:11:06.892	0.87955	0.88077			6
2025.12.03	00:11:12.158	0.87950	0.88052			6
2025.12.03	00:11:13.091	0.87955	0.88077			6
2025.12.03	00:11:17.538	0.87954				2
2025.12.03	00:11:18.325	0.87950	0.88052			6
2025.12.03	00:11:19.265	0.87963	0.88071			6
2025.12.03	00:11:24.551	0.87950	0.88052			6
2025.12.03	00:11:25.467	0.87963	0.88071			6
2025.12.03	00:11:27.343	0.87961	0.88073			6
2025.12.03	00:11:28.570	0.87963	0.88071			6
2025.12.03	00:11:30.536	0.87962				2
2025.12.03	00:11:30.868	0.87951	0.88052			6
2025.12.03	00:11:31.822	0.87963	0.88071			6
2025.12.03	00:11:45.693	0.87962	0.88069			6
2025.12.03	00:11:46.692	0.87963	0.88071			6
2025.12.03	00:11:53.592	0.87958	0.88038			6
2025.12.03	00:11:53.943		0.88031			4
2025.12.03	00:11:56.486	0.87963	0.88083			6
2025.12.03	00:12:00.349	0.87963				2
2025.12.03	00:12:02.683		0.88087			4
2025.12.03	00:12:06.344	0.87962	0.88088			6
2025.12.03	00:12:12.747		0.88069			4
2025.12.03	00:12:16.584		0.88058			4
2025.12.03	00:12:31.720		0.88069			4
2025.12.03	00:12:48.456		0.88057			4
2025.12.03	00:12:50.903		0.88064			4
2025.12.03	00:12:51.231	0.87960	0.88067			6
2025.12.03	00:13:01.410	0.87960				2
2025.12.03	00:13:30.758		0.88078			4
2025.12.03	00:13:42.488		0.88082			4
2025.12.03	00:14:00.665	0.87960				2
2025.12.03	00:14:02.140	0.87961	0.88081			6
2025.12.03	00:14:02.664	0.87960	0.88082			6
2025.12.03	00:14:03.457		0.88083			4
2025.12.03	00:14:05.048		0.88082			4
2025.12.03	00:14:06.014	0.87961	0.88081			6
2025.12.03	00:14:07.846	0.87960	0.88082			6
2025.12.03	00:14:08.809		0.88083			4
2025.12.03	00:15:00.308	0.87960				2
2025.12.03	00:15:00.723		0.88084			4
2025.12.03	00:15:02.599		0.88083			4
2025.12.03	00:15:07.319	0.87961	0.88082			6
2025.12.03	00:15:15.340	0.87962	0.88081			6
2025.12.03	00:16:00.223	0.87962				2
2025.12.03	00:16:07.203	0.87963				2
2025.12.03	00:16:19.564		0.88081			4
2025.12.03	00:16:27.488	0.87962	0.88076			6
2025.12.03	00:16:28.638		0.88077			4
2025.12.03	00:16:38.010		0.88073			4
2025.12.03	00:16:39.272		0.88077			4
2025.12.03	00:16:47.266		0.88073			4
2025.12.03	00:17:02.742	0.87962				2
2025.12.03	00:17:08.547		0.88077			4
2025.12.03	00:17:10.127	0.87961	0.88073			6
2025.12.03	00:17:25.406		0.88054			4
2025.12.03	00:17:27.471		0.88050			4
2025.12.03	00:17:36.576		0.88058			4
2025.12.03	00:17:37.717		0.88071			4
2025.12.03	00:17:43.291		0.88052			4
2025.12.03	00:17:49.366		0.88049			4
2025.12.03	00:17:51.410		0.88065			4
2025.12.03	00:18:01.635	0.87961	0.88058			6
2025.12.03	00:18:03.238		0.88051			4
2025.12.03	00:18:04.546		0.88050			4
2025.12.03	00:18:11.759		0.88049			4
2025.12.03	00:18:26.444		0.88071			4
2025.12.03	00:18:28.482		0.88070			4
2025.12.03	00:18:32.442		0.88050			4
2025.12.03	00:19:00.711	0.87961				2
2025.12.03	00:19:02.457		0.88061			4
2025.12.03	00:19:11.791		0.88072			4
2025.12.03	00:19:12.566		0.88067			4
2025.12.03	00:19:15.247		0.88074			4
2025.12.03	00:19:18.925		0.88071			4
2025.12.03	00:19:22.676		0.88051			4
2025.12.03	00:19:24.993	0.87959	0.88065			6
2025.12.03	00:19:30.110	0.87957	0.88047			6
2025.12.03	00:19:30.541		0.88050			4
2025.12.03	00:19:32.212	0.87923				2
2025.12.03	00:19:32.808	0.87956				2
2025.12.03	00:19:44.102	0.87923				2
2025.12.03	00:19:44.811	0.87956				2
2025.12.03	00:20:00.430	0.87956				2
2025.12.03	00:20:06.986	0.87955				2
2025.12.03	00:20:19.224	0.87952	0.88048			6
2025.12.03	00:20:20.758		0.88049			4
2025.12.03	00:20:33.339	0.87951				2
2025.12.03	00:20:34.898	0.87952				2
2025.12.03	00:20:36.363	0.87949	0.88048			6
2025.12.03	00:20:42.041	0.87948				2
2025.12.03	00:21:05.584	0.87948				2
2025.12.03	00:21:17.140		0.88046			4
2025.12.03	00:21:28.151		0.88050			4
2025.12.03	00:21:34.451	0.87949				2
2025.12.03	00:21:36.039	0.87948				2
2025.12.03	00:22:00.706	0.87948				2
2025.12.03	00:22:04.882	0.87949				2
2025.12.03	00:22:07.820	0.87948				2
2025.12.03	00:22:30.574		0.88050			4
2025.12.03	00:22:48.368	0.87950	0.88054			6
2025.12.03	00:22:53.231	0.87949				2
2025.12.03	00:23:00.340	0.87949				2
2025.12.03	00:23:14.511	0.87951				2
2025.12.03	00:23:28.180		0.88048			4
2025.12.03	00:23:33.898		0.88044			4
2025.12.03	00:23:35.182		0.88043			4
2025.12.03	00:23:51.866	0.87931	0.87995			6
2025.12.03	00:23:52.180		0.87991			4
2025.12.03	00:23:52.827	0.87949	0.88051			6
2025.12.03	00:23:53.179	0.87950	0.88056			6
2025.12.03	00:23:54.888		0.88052			4
2025.12.03	00:24:00.449	0.87951	0.88045			6
2025.12.03	00:24:00.761	0.87950	0.88046			6
2025.12.03	00:24:01.074		0.88047			4
2025.12.03	00:24:14.346	0.87952				2
2025.12.03	00:24:25.976	0.87954	0.88046			6
2025.12.03	00:24:27.632		0.88048			4
2025.12.03	00:24:28.827	0.87952				2
2025.12.03	00:24:31.844	0.87953				2
2025.12.03	00:24:36.887		0.88047			4
2025.12.03	00:24:39.341	0.87952				2
2025.12.03	00:25:00.375	0.87952				2
2025.12.03	00:25:04.954	0.87953				2
2025.12.03	00:25:05.582	0.87954				2
2025.12.03	00:25:09.913	0.87953	0.88042			6
2025.12.03	00:25:27.871		0.88046			4
2025.12.03	00:25:29.250		0.88043			4
2025.12.03	00:25:35.981	0.87956				2
2025.12.03	00:25:37.629		0.88048			4
2025.12.03	00:25:41.242		0.88051			4
2025.12.03	00:25:49.798	0.87955				2
2025.12.03	00:25:50.316		0.88045			4
2025.12.03	00:25:53.140	0.87954				2
2025.12.03	00:25:59.816		0.88048			4
2025.12.03	00:26:00.313	0.87954				2
2025.12.03	00:26:04.667		0.88045			4
2025.12.03	00:26:06.102	0.87955				2
2025.12.03	00:26:09.349	0.87956				2
2025.12.03	00:26:19.817	0.87957				2
2025.12.03	00:27:00.941	0.87957				2
2025.12.03	00:27:12.942		0.88045			4
2025.12.03	00:28:03.387	0.87957				2
2025.12.03	00:28:08.742	0.87956				2
2025.12.03	00:28:15.340	0.87957	0.88045			6
2025.12.03	00:29:01.411	0.87957				2
2025.12.03	00:29:22.834		0.88045			4
2025.12.03	00:29:47.945	0.87955	0.88043			6
2025.12.03	00:29:48.288	0.87956	0.88047			6
2025.12.03	00:29:59.133		0.88042			4
2025.12.03	00:30:00.306	0.87956				2
2025.12.03	00:30:02.225		0.88045			4
2025.12.03	00:30:02.526		0.88041			4
2025.12.03	00:30:03.592		0.88044			4
2025.12.03	00:30:09.546		0.88042			4
2025.12.03	00:30:11.309		0.88052			4
2025.12.03	00:30:11.983		0.88048			4
2025.12.03	00:30:13.007	0.87957				2
2025.12.03	00:30:16.345	0.87956				2
2025.12.03	00:30:17.056	0.87957	0.88050			6
2025.12.03	00:30:17.826		0.88049			4
2025.12.03	00:30:18.138		0.88050			4
2025.12.03	00:30:18.877	0.87956				2
2025.12.03	00:30:23.207	0.87959	0.88049			6
2025.12.03	00:30:28.869	0.87958				2
2025.12.03	00:30:32.062		0.88048			4
2025.12.03	00:30:46.312	0.87959				2
2025.12.03	00:31:01.407	0.87959				2
2025.12.03	00:31:04.237	0.87956	0.88051			6
2025.12.03	00:31:27.895	0.87957				2
2025.12.03	00:31:34.542	0.87956				2
2025.12.03	00:31:46.453	0.87962	0.88050			6
2025.12.03	00:31:52.393		0.88053			4
2025.12.03	00:32:03.256	0.87962	0.88032			6
2025.12.03	00:32:05.656		0.88039			4
2025.12.03	00:32:05.988		0.88040			4
2025.12.03	00:32:10.371		0.88032			4
2025.12.03	00:32:30.424		0.88035			4
2025.12.03	00:32:32.692	0.87963	0.88016			6
2025.12.03	00:32:35.642		0.88031			4
2025.12.03	00:33:05.709	0.87963				2
2025.12.03	00:33:15.642		0.88030			4
2025.12.03	00:33:23.758	0.87964	0.88029			6
2025.12.03	00:33:28.971	0.87963	0.88031			6
2025.12.03	00:33:29.745	0.87962	0.88032			6
2025.12.03	00:33:35.433	0.87968	0.88038			6
2025.12.03	00:33:49.896		0.88036			4
2025.12.03	00:33:53.741	0.87967				2
2025.12.03	00:34:00.645	0.87967				2
2025.12.03	00:34:07.840	0.87968				2
2025.12.03	00:34:20.140	0.87967				2
2025.12.03	00:34:20.578	0.87968	0.88035			6
2025.12.03	00:34:24.646	0.87969				2
2025.12.03	00:34:26.627	0.87954	0.88014			6
2025.12.03	00:34:33.770		0.88013			4
2025.12.03	00:34:40.552		0.88012			4
2025.12.03	00:34:59.243	0.87955				2
2025.12.03	00:35:01.410	0.87955				2
2025.12.03	00:35:19.840		0.88013			4
2025.12.03	00:35:28.407		0.88012			4
2025.12.03	00:35:29.107		0.88013			4
2025.12.03	00:35:40.163		0.88014			4
2025.12.03	00:35:44.440		0.88015			4
2025.12.03	00:35:44.758	0.87951				2
2025.12.03	00:35:45.096	0.87953	0.88017			6
2025.12.03	00:35:45.562	0.87952				2
2025.12.03	00:35:47.895	0.87947	0.88018			6
2025.12.03	00:35:50.191	0.87950	0.88017			6
2025.12.03	00:35:52.188	0.87954				2
2025.12.03	00:36:00.867	0.87951				2
2025.12.03	00:36:02.418	0.87952				2
2025.12.03	00:36:03.566	0.87951	0.88016			6
2025.12.03	00:36:04.063		0.88015			4
2025.12.03	00:36:06.525	0.87953	0.88014			6
2025.12.03	00:36:07.523	0.87952				2
2025.12.03	00:36:07.893	0.87956				2
2025.12.03	00:36:10.118	0.87953				2
2025.12.03	00:36:10.758	0.87951				2
2025.12.03	00:36:12.037	0.87955	0.88016			6
2025.12.03	00:36:12.387	0.87956	0.88017			6
2025.12.03	00:36:16.686	0.87959				2
2025.12.03	00:36:17.223	0.87957				2
2025.12.03	00:36:19.037	0.87958				2
2025.12.03	00:36:19.561	0.87960	0.88018			6
2025.12.03	00:36:21.527	0.87958	0.88017			6
2025.12.03	00:36:22.475	0.87949				2
2025.12.03	00:36:23.029	0.87951	0.88015			6
2025.12.03	00:36:23.602	0.87953	0.88013			6
2025.12.03	00:36:25.665	0.87952	0.88014			6
2025.12.03	00:36:26.716	0.87950	0.88013			6
2025.12.03	00:36:30.273		0.88010			4
2025.12.03	00:36:37.635	0.87951				2
2025.12.03	00:36:50.605	0.87953				2
2025.12.03	00:36:56.144	0.87954				2
2025.12.03	00:37:02.729	0.87954				2
2025.12.03	00:37:07.635		0.88011			4
2025.12.03	00:37:08.740	0.87955				2
2025.12.03	00:37:11.094		0.88013			4
2025.12.03	00:37:12.012	0.87954	0.88011			6
2025.12.03	00:37:14.444		0.88009			4
2025.12.03	00:37:16.240	0.87955				2
2025.12.03	00:37:22.637		0.88010			4
2025.12.03	00:37:25.607	0.87956				2
2025.12.03	00:37:34.735	0.87957	0.88011			6
2025.12.03	00:37:37.637		0.88013			4
2025.12.03	00:37:38.740	0.87958				2
2025.12.03	00:37:46.250		0.88015			4
2025.12.03	00:37:47.155	0.87959				2
2025.12.03	00:37:47.741	0.87958				2
2025.12.03	00:37:57.079	0.87959	0.88017			6
2025.12.03	00:38:01.218	0.87959				2
2025.12.03	00:38:02.826		0.88015			4
2025.12.03	00:38:06.243	0.87960	0.88014			6
2025.12.03	00:38:12.724	0.87959	0.88015			6
2025.12.03	00:38:17.154	0.87960	0.88014			6
2025.12.03	00:38:20.003	0.87959	0.88015			6
2025.12.03	00:38:20.498		0.88008			4
2025.12.03	00:38:25.608		0.88009			4
2025.12.03	00:38:29.664	0.87958				2
2025.12.03	00:38:41.219		0.88011			4
2025.12.03	00:38:44.441	0.87959				2
2025.12.03	00:38:48.640		0.88010			4
2025.12.03	00:38:54.293	0.87958	0.88012			6
2025.12.03	00:38:54.641	0.87957	0.88011			6
2025.12.03	00:39:00.380	0.87957	0.88008			6
2025.12.03	00:39:17.141		0.88009			4
2025.12.03	00:39:20.538		0.88012			4
2025.12.03	00:39:36.142	0.87959	0.88011			6
2025.12.03	00:39:40.702		0.88012			4
2025.12.03	00:39:45.829		0.88011			4
2025.12.03	00:39:46.483		0.88010			4
2025.12.03	00:39:56.462		0.88011			4
2025.12.03	00:40:02.152	0.87959				2
2025.12.03	00:40:03.940	0.87960				2
2025.12.03	00:40:17.152		0.88012			4
2025.12.03	00:40:20.587		0.88006			4
2025.12.03	00:40:22.632		0.88005			4
2025.12.03	00:40:43.541		0.88006			4
2025.12.03	00:40:47.152	0.87961	0.88005			6
2025.12.03	00:40:51.104	0.87960	0.88002			6
2025.12.03	00:40:57.343		0.88003			4
2025.12.03	00:41:02.152	0.87960				2
2025.12.03	00:41:02.742	0.87959				2
2025.12.03	00:41:14.741	0.87961	0.88001			6
2025.12.03	00:41:19.036	0.87960	0.88002			6
2025.12.03	00:41:22.417	0.87959	0.88010			6
2025.12.03	00:41:26.471	0.87958	0.88004			6
2025.12.03	00:41:31.502	0.87957				2
2025.12.03	00:41:51.341		0.88005			4
2025.12.03	00:42:00.414	0.87957	0.88004			6
2025.12.03	00:42:03.591	0.87956	0.88005			6
2025.12.03	00:42:23.284	0.87957				2
2025.12.03	00:42:28.664	0.87955	0.88000			6
2025.12.03	00:42:35.741	0.87956	0.87999			6
2025.12.03	00:43:00.758	0.87956				2
2025.12.03	00:43:01.445	0.87955	0.88000			6
2025.12.03	00:43:02.464	0.87956	0.87999			6
2025.12.03	00:43:06.945	0.87957	0.87998			6
2025.12.03	00:43:30.850		0.88004			4
2025.12.03	00:43:37.383		0.88005			4
2025.12.03	00:43:40.541	0.87956				2
2025.12.03	00:44:00.940	0.87957				2
2025.12.03	00:44:12.939	0.87956				2
2025.12.03	00:44:24.341		0.88006			4
2025.12.03	00:44:32.806		0.88005			4
2025.12.03	00:44:39.340	0.87957				2
2025.12.03	00:44:44.246	0.87956	0.88006			6
2025.12.03	00:44:47.097	0.87955	0.88007			6
2025.12.03	00:44:47.417	0.87954	0.88008			6
2025.12.03	00:44:47.719		0.88007			4
2025.12.03	00:44:48.082	0.87956	0.88006			6
2025.12.03	00:44:50.940	0.87957	0.88005			6
2025.12.03	00:44:58.374	0.87958	0.88004			6
2025.12.03	00:45:01.409	0.87958				2
2025.12.03	00:45:03.082	0.87952	0.88008			6
2025.12.03	00:45:05.309		0.88009			4
2025.12.03	00:45:06.543	0.87958	0.88004			6
2025.12.03	00:45:11.647	0.87970	0.87992			6
2025.12.03	00:45:14.469	0.87969	0.87993			6
2025.12.03	00:45:16.237	0.87966	0.87992			6
2025.12.03	00:45:17.335	0.87965	0.87993			6
2025.12.03	00:45:19.540	0.87966	0.87992			6
2025.12.03	00:45:23.140	0.87965				2
2025.12.03	00:45:27.149	0.87966				2
2025.12.03	00:45:30.906		0.87985			4
2025.12.03	00:45:33.081		0.87986			4
2025.12.03	00:45:34.081	0.87963	0.87983			6
2025.12.03	00:45:35.648		0.87984			4
2025.12.03	00:45:36.029		0.87983			4
2025.12.03	00:45:37.662		0.87984			4
2025.12.03	00:45:42.637		0.87982			4
2025.12.03	00:45:44.074	0.87961	0.87984			6
2025.12.03	00:45:48.622	0.87960	0.87985			6
2025.12.03	00:45:50.861		0.87986			4
2025.12.03	00:45:53.620		0.87984			4
2025.12.03	00:45:55.562	0.87961	0.87988			6
2025.12.03	00:45:58.382		0.87986			4
2025.12.03	00:46:00.433	0.87962				2
2025.12.03	00:46:13.380	0.87961	0.87988			6
2025.12.03	00:46:17.170	0.87960				2
2025.12.03	00:46:21.340	0.87961				2
2025.12.03	00:46:28.194		0.87989			4
2025.12.03	00:46:29.517	0.87962				2
2025.12.03	00:46:31.689	0.87961				2
2025.12.03	00:46:35.043	0.87962				2
2025.12.03	00:46:35.631	0.87961				2
2025.12.03	00:46:36.359	0.87962				2
2025.12.03	00:46:39.231	0.87961				2
2025.12.03	00:46:43.203		0.87988			4
2025.12.03	00:46:44.741	0.87962				2
2025.12.03	00:46:53.567		0.87987			4
2025.12.03	00:47:00.379	0.87961	0.87985			6
2025.12.03	00:47:03.205	0.87958	0.87992			6
2025.12.03	00:47:04.739	0.87957	0.87993			6
2025.12.03	00:47:06.616	0.87960	0.87985			6
2025.12.03	00:47:22.865	0.87963	0.87992			6
2025.12.03	00:47:23.173	0.87964				2
2025.12.03	00:47:27.941	0.87965	0.87991			6
2025.12.03	00:47:41.446	0.87964	0.87992			6
2025.12.03	00:47:42.587		0.87988			4
2025.12.03	00:47:53.140	0.87963				2
2025.12.03	00:48:00.761	0.87963				2
2025.12.03	00:48:02.382	0.87964	0.87987			6
2025.12.03	00:48:03.184		0.87991			4
2025.12.03	00:48:09.043		0.87990			4
2025.12.03	00:48:09.676	0.87966	0.87991			6
2025.12.03	00:48:10.180	0.87967	0.87993			6
2025.12.03	00:48:13.273	0.87966	0.87990			6
2025.12.03	00:48:13.580		0.87994			4
2025.12.03	00:48:13.932	0.87967	0.87993			6
2025.12.03	00:48:17.383		0.87990			4
2025.12.03	00:48:21.085	0.87966	0.87991			6
2025.12.03	00:48:36.153	0.87965				2
2025.12.03	00:48:46.180		0.87992			4
2025.12.03	00:48:54.576		0.87991			4
2025.12.03	00:49:07.399	0.87965				2
2025.12.03	00:49:17.153		0.87990			4
2025.12.03	00:49:23.444		0.87991			4
2025.12.03	00:49:31.241	0.87964	0.87992			6
2025.12.03	00:49:37.002		0.87993			4
2025.12.03	00:49:43.460		0.87992			4
2025.12.03	00:50:00.414	0.87964				2
2025.12.03	00:50:08.655	0.87965	0.87991			6
2025.12.03	00:50:13.207	0.87966	0.87990			6
2025.12.03	00:50:33.942	0.87967	0.87989			6
2025.12.03	00:50:59.089	0.87966	0.87990			6
2025.12.03	00:51:00.444	0.87966				2
2025.12.03	00:51:06.340		0.87989			4
2025.12.03	00:51:24.940	0.87967				2
2025.12.03	00:51:32.740	0.87966				2
2025.12.03	00:51:37.156	0.87967				2
2025.12.03	00:51:51.957		0.87988			4
2025.12.03	00:52:00.758	0.87967				2
2025.12.03	00:52:05.444	0.87966	0.87989			6
2025.12.03	00:52:40.822		0.88000			4
2025.12.03	00:52:47.383		0.87993			4
2025.12.03	00:52:58.467		0.87994			4
2025.12.03	00:53:07.225	0.87966				2
2025.12.03	00:53:09.980		0.87995			4
2025.12.03	00:53:22.088	0.87964	0.87997			6
2025.12.03	00:53:22.859	0.87963	0.87998			6
2025.12.03	00:53:24.940		0.87999			4
2025.12.03	00:53:30.346	0.87964	0.87998			6
2025.12.03	00:53:32.383	0.87965				2
2025.12.03	00:53:47.381	0.87964				2
2025.12.03	00:54:01.407	0.87964				2
2025.12.03	00:54:02.381	0.87965				2
2025.12.03	00:54:17.675	0.87964				2
2025.12.03	00:54:23.128		0.88005			4
2025.12.03	00:54:26.167		0.88006			4
2025.12.03	00:54:33.564	0.87963				2
2025.12.03	00:54:33.888	0.87962				2
2025.12.03	00:54:38.627	0.87961				2
2025.12.03	00:54:48.571	0.87960				2
2025.12.03	00:54:48.909	0.87961				2
2025.12.03	00:54:55.840	0.87960				2
2025.12.03	00:54:57.681		0.88004			4
2025.12.03	00:54:58.277	0.87961				2
2025.12.03	00:55:00.383	0.87958	0.88005			6
2025.12.03	00:55:00.736	0.87957	0.88007			6
2025.12.03	00:55:01.274		0.88004			4
2025.12.03	00:55:01.746	0.87965	0.88014			6
2025.12.03	00:55:02.211	0.87966	0.88016			6
2025.12.03	00:55:02.594		0.88026			4
2025.12.03	00:55:03.103		0.88022			4
2025.12.03	00:55:10.660	0.87964				2
2025.12.03	00:55:17.958		0.88017			4
2025.12.03	00:55:47.156	0.87966				2
2025.12.03	00:55:48.985		0.88021			4
2025.12.03	00:55:49.486		0.88028			4
2025.12.03	00:55:49.985		0.88020			4
2025.12.03	00:55:57.149	0.87965				2
2025.12.03	00:55:57.993	0.87966				2
2025.12.03	00:55:58.969	0.87965				2
2025.12.03	00:55:59.689	0.87964	0.88016			6
2025.12.03	00:56:01.669	0.87965				2
2025.12.03	00:56:10.287	0.87963	0.88021			6
2025.12.03	00:56:10.997	0.87962	0.88020			6
2025.12.03	00:56:11.810		0.88014			4
2025.12.03	00:56:12.201		0.88013			4
2025.12.03	00:56:12.630		0.88019			4
2025.12.03	00:56:17.152	0.87960	0.88016			6
2025.12.03	00:56:17.660	0.87961				2
2025.12.03	00:56:25.752	0.87960	0.88022			6
2025.12.03	00:56:30.992		0.88014			4
2025.12.03	00:56:37.822		0.88022			4
2025.12.03	00:56:38.623		0.88018			4
2025.12.03	00:56:39.342	0.87961				2
2025.12.03	00:56:41.409		0.88023			4
2025.12.03	00:56:42.040		0.88020			4
2025.12.03	00:56:43.053	0.87962	0.88021			6
2025.12.03	00:56:43.429		0.88022			4
2025.12.03	00:56:43.797		0.88020			4
2025.12.03	00:56:47.151	0.87961				2
2025.12.03	00:56:48.147		0.88015			4
2025.12.03	00:56:49.840	0.87960				2
2025.12.03	00:56:52.005	0.87961	0.88021			6
2025.12.03	00:56:54.480	0.87963				2
2025.12.03	00:57:02.064	0.87963	0.88025			6
2025.12.03	00:57:02.564		0.88021			4
2025.12.03	00:57:06.667	0.87962				2
2025.12.03	00:57:07.100		0.88026			4
2025.12.03	00:57:24.594		0.88021			4
2025.12.03	00:57:27.471	0.87963				2
2025.12.03	00:57:29.558	0.87964	0.88024			6
2025.12.03	00:57:32.152	0.87965				2
2025.12.03	00:57:42.283	0.87964				2
2025.12.03	00:57:45.419	0.87962	0.88019			6
2025.12.03	00:57:49.622	0.87963				2
2025.12.03	00:58:01.807	0.87963				2
2025.12.03	00:58:09.387	0.87968	0.88024			6
2025.12.03	00:58:09.852	0.87969				2
2025.12.03	00:58:10.622	0.87968				2
2025.12.03	00:58:11.121	0.87969				2
2025.12.03	00:58:11.438	0.87970				2
2025.12.03	00:58:11.764		0.88028			4
2025.12.03	00:58:12.395		0.88031			4
2025.12.03	00:58:12.832	0.87971				2
2025.12.03	00:58:15.652		0.88035			4
2025.12.03	00:58:16.546	0.87970				2
2025.12.03	00:58:22.669		0.88029			4
2025.12.03	00:58:51.145	0.87969				2
2025.12.03	00:58:54.505	0.87970				2
2025.12.03	00:58:59.309	0.87969	0.88035			6
2025.12.03	00:59:00.416	0.87970				2
2025.12.03	00:59:01.524	0.87967	0.88036			6
2025.12.03	00:59:02.177	0.87970	0.88035			6
2025.12.03	00:59:02.666	0.87967	0.88034			6
2025.12.03	00:59:02.990	0.87965				2
2025.12.03	00:59:03.832	0.87966				2
2025.12.03	00:59:04.322	0.87967				2
2025.12.03	00:59:05.165	0.87968				2
2025.12.03	00:59:06.253		0.88036			4
2025.12.03	00:59:06.660	0.87967				2
2025.12.03	00:59:06.972	0.87968				2
2025.12.03	00:59:11.660	0.87969				2
2025.12.03	00:59:11.991	0.87967	0.88034			6
2025.12.03	00:59:13.024	0.87969				2
2025.12.03	00:59:23.646	0.87950	0.88052			6
2025.12.03	00:59:24.144	0.87951				2
2025.12.03	00:59:24.726	0.87956	0.88071			6
2025.12.03	00:59:25.081	0.87957				2
2025.12.03	00:59:25.583		0.88067			4
2025.12.03	00:59:26.162	0.87958				2
2025.12.03	00:59:27.092	0.87962	0.88066			6
2025.12.03	00:59:27.752	0.87964	0.88067			6
2025.12.03	00:59:29.759	0.87962	0.88070			6
2025.12.03	00:59:30.306		0.88059			4
2025.12.03	00:59:30.952	0.87961				2
2025.12.03	00:59:32.717	0.87962				2
2025.12.03	00:59:34.421	0.87961				2
2025.12.03	00:59:37.061	0.87962				2
2025.12.03	00:59:37.693	0.87961				2
2025.12.03	00:59:38.141	0.87962				2
2025.12.03	00:59:41.141	0.87963				2
2025.12.03	00:59:42.009	0.87961	0.88052			6
2025.12.03	00:59:43.213	0.87963	0.88046			6
2025.12.03	00:59:44.440	0.87964				2
2025.12.03	00:59:44.868	0.87959	0.88040			6
2025.12.03	00:59:45.981		0.88050			4
2025.12.03	00:59:46.372	0.87958	0.88049			6
2025.12.03	00:59:47.476	0.87964	0.88040			6
2025.12.03	00:59:48.056	0.87965	0.88049			6
2025.12.03	00:59:49.241	0.87966				2
2025.12.03	00:59:50.004	0.87967				2
2025.12.03	00:59:51.343	0.87968				2
2025.12.03	00:59:52.023	0.87969	0.88036			6
2025.12.03	00:59:52.529	0.87970	0.88049			6
2025.12.03	00:59:53.742	0.87971				2
2025.12.03	00:59:55.243	0.87972				2
2025.12.03	00:59:57.168		0.88036			4
2025.12.03	00:59:57.667	0.87973	0.88050			6
2025.12.03	00:59:58.232	0.87974	0.88043			6
2025.12.03	00:59:58.666		0.88049			4
2025.12.03	00:59:59.140	0.87980				2
2025.12.03	01:00:00.311	0.87971	0.88044			6
2025.12.03	01:00:00.620	0.87976	0.88036			6
2025.12.03	01:00:00.926	0.87967	0.88034			6
2025.12.03	01:00:01.229	0.87971	0.88016			6
2025.12.03	01:00:01.540	0.87970	0.88015			6
2025.12.03	01:00:01.859		0.88016			4
2025.12.03	01:00:02.172		0.88017			4
2025.12.03	01:00:02.480	0.87969	0.88007			6
2025.12.03	01:00:03.371	0.87970	0.88045			6
2025.12.03	01:00:04.304	0.87969	0.88044			6
2025.12.03	01:00:04.622	0.87976	0.88051			6
2025.12.03	01:00:05.258	0.87970	0.88045			6
2025.12.03	01:00:06.510	0.87968	0.88043			6
2025.12.03	01:00:07.137	0.87973	0.88007			6
2025.12.03	01:00:07.460		0.88008			4
2025.12.03	01:00:07.816	0.87974				2
2025.12.03	01:00:08.728	0.87973	0.88009			6
2025.12.03	01:00:09.055	0.87974	0.88008			6
2025.12.03	01:00:09.406	0.87973	0.88007			6
2025.12.03	01:00:10.942	0.87970	0.88002			6
2025.12.03	01:00:11.318	0.87972	0.88011			6
2025.12.03	01:00:11.638	0.87971	0.88001			6
2025.12.03	01:00:12.373		0.88002			4
2025.12.03	01:00:12.680		0.88003			4
2025.12.03	01:00:13.436		0.88001			4
2025.12.03	01:00:13.738		0.88002			4
2025.12.03	01:00:14.347	0.87970				2
2025.12.03	01:00:15.816	0.87971	0.87999			6
2025.12.03	01:00:16.151		0.88001			4
2025.12.03	01:00:16.457	0.87972	0.88003			6
2025.12.03	01:00:16.798		0.88002			4
2025.12.03	01:00:17.407		0.88001			4
2025.12.03	01:00:18.546		0.88002			4
2025.12.03	01:00:20.561		0.88015			4
2025.12.03	01:00:21.083		0.88017			4
2025.12.03	01:00:21.905	0.87973				2
2025.12.03	01:00:23.538	0.87972				2
2025.12.03	01:00:24.373		0.88014			4
2025.12.03	01:00:24.700		0.88001			4
2025.12.03	01:00:26.517		0.87991			4
2025.12.03	01:00:26.818	0.87976				2
2025.12.03	01:00:27.122	0.87972				2
2025.12.03	01:00:29.953	0.87974	0.87990			6
2025.12.03	01:00:31.541		0.87988			4
2025.12.03	01:00:34.240		0.87987			4
2025.12.03	01:00:40.016		0.87988			4
2025.12.03	01:00:40.332		0.87987			4
2025.12.03	01:00:55.101	0.87971	0.87986			6
2025.12.03	01:00:55.653	0.87972	0.87987			6
2025.12.03	01:00:56.119	0.87973				2
2025.12.03	01:00:57.454	0.87974				2
2025.12.03	01:00:57.779		0.87989			4
2025.12.03	01:00:59.566		0.87988			4
2025.12.03	01:00:59.936	0.87975	0.87989			6
2025.12.03	01:01:00.309	0.87976	0.87993			6
2025.12.03	01:01:00.638		0.87989			4
2025.12.03	01:01:05.033	0.87975				2
2025.12.03	01:01:08.387	0.87974				2
2025.12.03	01:01:10.239	0.87975	0.87990			6
2025.12.03	01:01:15.377		0.87992			4
2025.12.03	01:01:15.678		0.87994			4
2025.12.03	01:01:16.108	0.87976	0.87992			6
2025.12.03	01:01:25.237	0.87978				2
2025.12.03	01:01:25.577	0.87977				2
2025.12.03	01:01:26.216	0.87976	0.87990			6
2025.12.03	01:01:27.341	0.87975				2
2025.12.03	01:01:28.389	0.87976	0.87991			6
2025.12.03	01:01:33.910	0.87977				2
2025.12.03	01:01:37.757	0.87978	0.87993			6
2025.12.03	01:01:38.084	0.87979				2
2025.12.03	01:01:45.929	0.87980				2
2025.12.03	01:01:53.568	0.87979	0.87992			6
2025.12.03	01:01:56.742	0.87978				2
2025.12.03	01:01:57.830		0.87991			4
2025.12.03	01:01:58.662	0.87979				2
2025.12.03	01:01:59.048	0.87978	0.87990			6
2025.12.03	01:02:00.472	0.87978	0.87989			6
2025.12.03	01:02:01.092	0.87976				2
2025.12.03	01:02:06.594	0.87977				2
2025.12.03	01:02:10.758		0.87990			4
2025.12.03	01:02:13.841	0.87976	0.87989			6
2025.12.03	01:02:15.091		0.87988			4
2025.12.03	01:02:15.401	0.87977	0.87989			6
2025.12.03	01:02:16.837	0.87980	0.87992			6
2025.12.03	01:02:17.382		0.87994			4
2025.12.03	01:02:21.042	0.87981				2
2025.12.03	01:02:26.019	0.87989	0.87990			6
2025.12.03	01:02:29.728	0.87981	0.87994			6
2025.12.03	01:02:31.828	0.87978	0.87990			6
2025.12.03	01:02:33.800		0.87989			4
2025.12.03	01:02:34.115	0.87976	0.87987			6
2025.12.03	01:02:47.557		0.87988			4
2025.12.03	01:02:50.143		0.87986			4
2025.12.03	01:02:50.869	0.87974	0.87984			6
2025.12.03	01:02:52.479	0.87975				2
2025.12.03	01:02:53.576		0.87985			4
2025.12.03	01:03:00.451	0.87975				2
2025.12.03	01:03:01.102	0.87973	0.87984			6
2025.12.03	01:03:01.729	0.87974				2
2025.12.03	01:03:02.741		0.87983			4
2025.12.03	01:03:13.929		0.87982			4
2025.12.03	01:03:17.849	0.87971	0.87980			6
2025.12.03	01:03:18.179	0.87972				2
2025.12.03	01:03:18.839	0.87969	0.87979			6
2025.12.03	01:03:19.149	0.87970				2
2025.12.03	01:03:45.167	0.87971	0.87980			6
2025.12.03	01:04:01.253	0.87971				2
2025.12.03	01:04:05.792	0.87970	0.87979			6
2025.12.03	01:04:09.641	0.87969	0.87978			6
2025.12.03	01:04:17.371		0.87977			4
2025.12.03	01:04:30.379	0.87968				2
2025.12.03	01:04:31.540	0.87969	0.87976			6
2025.12.03	01:04:33.730	0.87973	0.87974			6
2025.12.03	01:04:37.137	0.87969	0.87976			6
2025.12.03	01:04:58.417		0.87977			4
2025.12.03	01:05:00.352	0.87969	0.87976			6
2025.12.03	01:05:03.719	0.87970	0.87977			6
2025.12.03	01:05:08.970	0.87975	0.87984			6
2025.12.03	01:05:11.881		0.87983			4
2025.12.03	01:05:13.746	0.87973	0.87981			6
2025.12.03	01:05:14.970	0.87972	0.87980			6
2025.12.03	01:05:15.367	0.87976	0.87984			6
2025.12.03	01:05:18.347	0.87977				2
2025.12.03	01:05:45.458	0.87980	0.87986			6
2025.12.03	01:06:00.673	0.87980				2
2025.12.03	01:06:07.872	0.87981				2
2025.12.03	01:06:10.758		0.87987			4
2025.12.03	01:06:53.092		0.87986			4
2025.12.03	01:06:54.021		0.87987			4
2025.12.03	01:07:00.599	0.87981				2
2025.12.03	01:07:01.864	0.87980	0.87986			6
2025.12.03	01:07:03.364		0.87987			4
2025.12.03	01:07:17.284		0.87986			4
2025.12.03	01:07:24.044	0.87981				2
2025.12.03	01:07:26.805		0.87987			4
2025.12.03	01:07:38.467	0.87982	0.87988			6
2025.12.03	01:07:54.042		0.87987			4
2025.12.03	01:07:57.942		0.87988			4
2025.12.03	01:08:00.592	0.87982				2
2025.12.03	01:08:03.589	0.87981				2
2025.12.03	01:08:03.941		0.87987			4
2025.12.03	01:08:06.942		0.87988			4
2025.12.03	01:08:32.364	0.87978	0.87984			6
2025.12.03	01:08:33.479	0.87976	0.87983			6
2025.12.03	01:08:36.523		0.87982			4
2025.12.03	01:08:43.315		0.87983			4
2025.12.03	01:08:45.588		0.87982			4
2025.12.03	01:08:51.169	0.87980	0.87987			6
2025.12.03	01:08:51.473		0.87985			4
2025.12.03	01:08:54.041	0.87981				2
2025.12.03	01:09:01.141	0.87981				2
2025.12.03	01:09:04.541	0.87980	0.87984			6
2025.12.03	01:09:08.740		0.87985			4
2025.12.03	01:09:13.527	0.87975	0.87979			6
2025.12.03	01:09:14.017	0.87974				2
2025.12.03	01:09:14.667		0.87978			4
2025.12.03	01:09:20.665	0.87973	0.87977			6
2025.12.03	01:09:21.899	0.87972				2
2025.12.03	01:09:24.714	0.87973				2
2025.12.03	01:09:25.816	0.87975	0.87980			6
2025.12.03	01:09:30.746	0.87974	0.87979			6
2025.12.03	01:09:34.760	0.87973	0.87978			6
2025.12.03	01:09:36.041	0.87974				2
2025.12.03	01:09:38.141		0.87977			4
2025.12.03	01:09:39.735		0.87978			4
2025.12.03	01:09:42.043	0.87975	0.87979			6
2025.12.03	01:09:42.354		0.87981			4
2025.12.03	01:09:53.196	0.87973	0.87979			6
2025.12.03	01:10:00.413	0.87973				2
2025.12.03	01:10:16.158	0.87974				2
2025.12.03	01:10:16.636		0.87981			4
2025.12.03	01:10:22.357	0.87973	0.87980			6
2025.12.03	01:10:23.371		0.87979			4
2025.12.03	01:10:39.341		0.87980			4
2025.12.03	01:10:46.198		0.87981			4
2025.12.03	01:10:50.582	0.87975	0.87983			6
2025.12.03	01:10:50.928		0.87982			4
2025.12.03	01:10:52.429	0.87973	0.87980			6
2025.12.03	01:11:00.539	0.87973				2
2025.12.03	01:11:01.007	0.87972	0.87977			6
2025.12.03	01:11:01.780		0.87979			4
2025.12.03	01:11:02.113		0.87980			4
2025.12.03	01:11:03.346	0.87973				2
2025.12.03	01:11:24.559	0.87975	0.87981			6
2025.12.03	01:11:24.863		0.87982			4
2025.12.03	01:11:28.535	0.87974	0.87980			6
2025.12.03	01:11:30.652	0.87973				2
2025.12.03	01:11:31.197	0.87974	0.87981			6
2025.12.03	01:11:32.637	0.87973	0.87980			6
2025.12.03	01:11:33.476		0.87981			4
2025.12.03	01:11:36.073		0.87980			4
2025.12.03	01:11:57.115	0.87974				2
2025.12.03	01:12:00.504	0.87973				2
2025.12.03	01:12:05.583		0.87979			4
2025.12.03	01:12:13.240		0.87980			4
2025.12.03	01:12:15.644		0.87979			4
2025.12.03	01:12:20.601	0.87971	0.87977			6
2025.12.03	01:12:22.876	0.87970	0.87976			6
2025.12.03	01:12:25.240		0.87977			4
2025.12.03	01:12:31.083		0.87976			4
2025.12.03	01:12:45.463		0.87977			4
2025.12.03	01:12:46.840	0.87971				2
2025.12.03	01:12:54.173	0.87970	0.87976			6
2025.12.03	01:13:00.591	0.87968	0.87974			6
2025.12.03	01:13:22.293	0.87969	0.87975			6
2025.12.03	01:13:31.434	0.87970				2
2025.12.03	01:13:35.591		0.87976			4
2025.12.03	01:13:36.046	0.87969				2
2025.12.03	01:13:41.142	0.87970				2
2025.12.03	01:13:43.773	0.87969				2
2025.12.03	01:13:47.152	0.87970				2
2025.12.03	01:14:00.889	0.87970				2
2025.12.03	01:14:04.751	0.87969	0.87975			6
2025.12.03	01:14:44.904	0.87970				2
2025.12.03	01:14:48.042	0.87969				2
2025.12.03	01:14:53.953	0.87970				2
2025.12.03	01:14:59.141	0.87969	0.87974			6
2025.12.03	01:15:00.380	0.87969	0.87973			6
2025.12.03	01:15:03.234	0.87968	0.87974			6
2025.12.03	01:15:15.380		0.87975			4
2025.12.03	01:15:28.349		0.87974			4
2025.12.03	01:15:32.237		0.87975			4
2025.12.03	01:16:00.646	0.87968				2
2025.12.03	01:16:32.659		0.87975			4
2025.12.03	01:16:38.218		0.87974			4
2025.12.03	01:16:42.834	0.87965	0.87968			6
2025.12.03	01:17:00.356	0.87965				2
2025.12.03	01:17:14.190	0.87968	0.87974			6
2025.12.03	01:17:33.839		0.87973			4
2025.12.03	01:17:38.475		0.87972			4
2025.12.03	01:17:41.582	0.87967				2
2025.12.03	01:18:00.380	0.87967				2
2025.12.03	01:18:35.605		0.87973			4
2025.12.03	01:19:00.377	0.87967				2
2025.12.03	01:19:39.939		0.87973			4
2025.12.03	01:20:00.377	0.87967				2
2025.12.03	01:20:11.410	0.87968				2
2025.12.03	01:20:16.403	0.87967	0.87972			6
2025.12.03	01:20:25.843	0.87968				2
2025.12.03	01:20:43.269		0.87973			4
2025.12.03	01:20:57.935	0.87967	0.87972			6
2025.12.03	01:21:00.372	0.87967				2
2025.12.03	01:21:10.706		0.87971			4
2025.12.03	01:21:22.346		0.87972			4
2025.12.03	01:21:23.122	0.87966	0.87971			6
2025.12.03	01:21:29.907	0.87965				2
2025.12.03	01:21:34.024	0.87964	0.87969			6
2025.12.03	01:21:34.799		0.87968			4
2025.12.03	01:21:35.665	0.87965				2
2025.12.03	01:21:39.940		0.87969			4
2025.12.03	01:21:54.772		0.87968			4
2025.12.03	01:21:55.399		0.87969			4
2025.12.03	01:21:56.512	0.87964				2
2025.12.03	01:21:57.566	0.87965				2
2025.12.03	01:22:01.075	0.87965				2
2025.12.03	01:22:07.346	0.87964				2
2025.12.03	01:22:13.846		0.87968			4
2025.12.03	01:22:24.940		0.87969			4
2025.12.03	01:22:52.421	0.87966	0.87970			6
2025.12.03	01:22:56.007	0.87968	0.87973			6
2025.12.03	01:23:00.377	0.87967	0.87970			6
2025.12.03	01:23:00.680	0.87971	0.87975			6
2025.12.03	01:23:12.641	0.87969	0.87973			6
2025.12.03	01:23:12.957		0.87974			4
2025.12.03	01:23:13.547		0.87973			4
2025.12.03	01:23:18.641		0.87974			4
2025.12.03	01:23:22.320		0.87973			4
2025.12.03	01:23:24.983	0.87971	0.87976			6
2025.12.03	01:23:26.104	0.87970	0.87975			6
2025.12.03	01:23:28.274		0.87974			4
2025.12.03	01:23:43.035	0.87971				2
2025.12.03	01:23:45.377	0.87970				2
2025.12.03	01:23:57.529		0.87973			4
2025.12.03	01:23:58.380	0.87972	0.87976			6
2025.12.03	01:24:00.406	0.87972	0.87977			6
2025.12.03	01:24:01.978	0.87973	0.87976			6
2025.12.03	01:24:07.154	0.87972	0.87977			6
2025.12.03	01:24:11.765	0.87973				2
2025.12.03	01:24:12.440	0.87971	0.87974			6
2025.12.03	01:24:17.140	0.87970				2
2025.12.03	01:24:22.844	0.87971				2
2025.12.03	01:24:26.012		0.87975			4
2025.12.03	01:24:29.580	0.87972				2
2025.12.03	01:24:31.662	0.87971	0.87977			6
2025.12.03	01:24:36.940	0.87972	0.87976			6
2025.12.03	01:24:42.520		0.87977			4
2025.12.03	01:24:45.085	0.87971				2
2025.12.03	01:24:45.399	0.87970	0.87973			6
2025.12.03	01:24:54.040		0.87974			4
2025.12.03	01:25:00.843	0.87970				2
2025.12.03	01:25:15.381	0.87971	0.87975			6
2025.12.03	01:25:18.167	0.87970	0.87973			6
2025.12.03	01:25:31.603		0.87975			4
2025.12.03	01:25:32.444		0.87974			4
2025.12.03	01:25:33.250	0.87971	0.87976			6
2025.12.03	01:25:44.833	0.87970	0.87975			6
2025.12.03	01:25:46.316		0.87974			4
2025.12.03	01:25:47.334		0.87976			4
2025.12.03	01:25:48.641	0.87971				2
2025.12.03	01:25:51.055		0.87975			4
2025.12.03	01:26:00.573	0.87971				2
2025.12.03	01:26:01.010	0.87970	0.87974			6
2025.12.03	01:26:02.056		0.87975			4
2025.12.03	01:26:02.365		0.87974			4
2025.12.03	01:26:02.954	0.87971	0.87975			6
2025.12.03	01:26:07.637		0.87977			4
2025.12.03	01:26:08.817	0.87972	0.87976			6
2025.12.03	01:26:14.429	0.87971	0.87977			6
2025.12.03	01:26:15.370		0.87976			4
2025.12.03	01:26:16.925	0.87972				2
2025.12.03	01:26:27.566	0.87970	0.87975			6
2025.12.03	01:26:31.463		0.87974			4
2025.12.03	01:26:31.976		0.87975			4
2025.12.03	01:26:43.517	0.87968	0.87972			6
2025.12.03	01:26:50.865		0.87973			4
2025.12.03	01:26:53.239		0.87972			4
2025.12.03	01:26:57.465	0.87969				2
2025.12.03	01:26:58.346		0.87973			4
2025.12.03	01:27:00.352	0.87968	0.87972			6
2025.12.03	01:27:05.255		0.87973			4
2025.12.03	01:27:19.990	0.87972	0.87976			6
2025.12.03	01:27:28.541		0.87977			4
2025.12.03	01:27:29.699	0.87971	0.87975			6
2025.12.03	01:27:31.963	0.87970				2
2025.12.03	01:27:38.067		0.87974			4
2025.12.03	01:27:42.665	0.87971	0.87975			6
2025.12.03	01:27:45.305		0.87974			4
2025.12.03	01:27:51.340	0.87970				2
2025.12.03	01:28:00.560	0.87970				2
2025.12.03	01:28:06.643		0.87975			4
2025.12.03	01:28:20.577		0.87976			4
2025.12.03	01:28:26.140		0.87975			4
2025.12.03	01:28:29.899		0.87974			4
2025.12.03	01:28:58.244	0.87971				2
2025.12.03	01:29:00.587	0.87969	0.87973			6
2025.12.03	01:29:10.946		0.87972			4
2025.12.03	01:29:11.365		0.87973			4
2025.12.03	01:29:24.597	0.87968	0.87974			6
2025.12.03	01:29:27.941		0.87973			4
2025.12.03	01:29:40.839	0.87967				2
2025.12.03	01:29:48.088	0.87969	0.87974			6
2025.12.03	01:29:51.154	0.87970	0.87973			6
2025.12.03	01:29:52.421	0.87969	0.87974			6
2025.12.03	01:30:00.437	0.87969				2
2025.12.03	01:30:03.250	0.87971	0.87972			6
2025.12.03	01:30:06.685	0.87969	0.87974			6
2025.12.03	01:30:15.350	0.87971				2
2025.12.03	01:30:17.292		0.87975			4
2025.12.03	01:30:30.474	0.87970				2
2025.12.03	01:30:37.137	0.87971				2
2025.12.03	01:30:58.240	0.87972				2
2025.12.03	01:31:01.516	0.87971				2
2025.12.03	01:31:13.840	0.87970				2
2025.12.03	01:31:20.315		0.87975			4
2025.12.03	01:31:21.040	0.87971				2
2025.12.03	01:31:22.951	0.87970				2
2025.12.03	01:31:27.940	0.87971				2
2025.12.03	01:31:43.242	0.87970				2
2025.12.03	01:31:53.683		0.87974			4
2025.12.03	01:32:00.484	0.87970				2
2025.12.03	01:32:04.858		0.87975			4
2025.12.03	01:32:05.189	0.87971				2
2025.12.03	01:32:09.542	0.87970	0.87974			6
2025.12.03	01:32:11.207	0.87969				2
2025.12.03	01:33:00.506	0.87969				2
2025.12.03	01:33:02.995	0.87970				2
2025.12.03	01:33:10.571		0.87974			4
2025.12.03	01:33:12.388		0.87975			4
2025.12.03	01:33:15.183	0.87969	0.87974			6
2025.12.03	01:33:24.304		0.87973			4
2025.12.03	01:33:29.714		0.87971			4
2025.12.03	01:33:30.495	0.87968				2
2025.12.03	01:33:31.794		0.87972			4
2025.12.03	01:33:38.877	0.87969				2
2025.12.03	01:33:40.393	0.87968				2
2025.12.03	01:33:53.996	0.87969	0.87973			6
2025.12.03	01:33:54.963	0.87970				2
2025.12.03	01:34:02.343	0.87969				2
2025.12.03	01:34:03.264	0.87970				2
2025.12.03	01:34:09.395	0.87969				2
2025.12.03	01:34:12.158		0.87974			4
2025.12.03	01:34:13.125	0.87970				2
2025.12.03	01:34:18.988	0.87969				2
2025.12.03	01:34:25.716	0.87968	0.87972			6
2025.12.03	01:34:26.019	0.87971	0.87974			6
2025.12.03	01:34:26.347	0.87970	0.87976			6
2025.12.03	01:34:26.683	0.87971				2
2025.12.03	01:34:36.527	0.87970	0.87974			6
2025.12.03	01:34:44.309	0.87971				2
2025.12.03	01:35:00.544	0.87971				2
2025.12.03	01:35:09.347		0.87975			4
2025.12.03	01:35:33.610	0.87972	0.87976			6
2025.12.03	01:35:48.523	0.87971	0.87975			6
2025.12.03	01:36:00.623	0.87971				2
2025.12.03	01:36:15.380	0.87972				2
2025.12.03	01:36:27.982	0.87971				2
2025.12.03	01:36:48.697		0.87975			4
2025.12.03	01:36:50.440	0.87972				2
2025.12.03	01:36:59.836	0.87971				2
2025.12.03	01:37:06.078	0.87971				2
2025.12.03	01:37:10.758	0.87972				2
2025.12.03	01:37:11.516	0.87971				2
2025.12.03	01:37:15.383	0.87972				2
2025.12.03	01:37:46.747	0.87971				2
2025.12.03	01:37:49.415		0.87975			4
2025.12.03	01:37:52.094	0.87972	0.87976			6
2025.12.03	01:38:01.414	0.87972				2
2025.12.03	01:38:02.796		0.87975			4
2025.12.03	01:38:04.791	0.87971				2
2025.12.03	01:38:12.040	0.87972				2
2025.12.03	01:39:00.056	0.87972				2
2025.12.03	01:39:03.943		0.87975			4
2025.12.03	01:39:53.564	0.87971				2
2025.12.03	01:39:58.647	0.87973	0.87978			6
2025.12.03	01:40:00.351	0.87973				2
2025.12.03	01:40:15.372	0.87974	0.87979			6
2025.12.03	01:40:32.376	0.87975				2
2025.12.03	01:40:36.438		0.87978			4
2025.12.03	01:40:37.936		0.87979			4
2025.12.03	01:40:54.444	0.87974	0.87978			6
2025.12.03	01:41:00.354	0.87974				2
2025.12.03	01:41:19.850		0.87977			4
2025.12.03	01:41:20.183	0.87973				2
2025.12.03	01:41:45.491	0.87974	0.87978			6
2025.12.03	01:41:57.154	0.87972	0.87977			6
2025.12.03	01:42:00.591	0.87973				2
2025.12.03	01:42:03.469	0.87972	0.87976			6
2025.12.03	01:43:01.383	0.87971	0.87975			6
2025.12.03	01:43:02.386	0.87969	0.87973			6
2025.12.03	01:43:12.620	0.87968	0.87972			6
2025.12.03	01:43:15.339	0.87969				2
2025.12.03	01:43:45.675	0.87970				2
2025.12.03	01:43:46.514		0.87973			4
2025.12.03	01:44:00.185	0.87970				2
2025.12.03	01:44:04.667	0.87968	0.87972			6
2025.12.03	01:44:04.982		0.87971			4
2025.12.03	01:44:05.525		0.87972			4
2025.12.03	01:44:07.802	0.87967	0.87971			6
2025.12.03	01:44:19.993	0.87963	0.87967			6
2025.12.03	01:44:22.588	0.87964	0.87965			6
2025.12.03	01:44:26.491	0.87962				2
2025.12.03	01:44:26.812	0.87963				2
2025.12.03	01:44:29.402	0.87961	0.87964			6
2025.12.03	01:44:29.720	0.87960	0.87963			6
2025.12.03	01:44:30.041	0.87958	0.87962			6
2025.12.03	01:44:31.888	0.87957	0.87961			6
2025.12.03	01:44:32.194		0.87959			4
2025.12.03	01:44:35.246	0.87958				2
2025.12.03	01:44:36.606	0.87957	0.87960			6
2025.12.03	01:44:41.236		0.87959			4
2025.12.03	01:44:41.552	0.87956				2
2025.12.03	01:44:45.272		0.87958			4
2025.12.03	01:44:47.812		0.87959			4
2025.12.03	01:44:51.295	0.87955	0.87958			6
2025.12.03	01:44:51.598	0.87956	0.87959			6
2025.12.03	01:44:58.975	0.87958	0.87961			6
2025.12.03	01:44:59.283		0.87962			4
2025.12.03	01:45:00.389	0.87957	0.87961			6
2025.12.03	01:45:02.346	0.87958				2
2025.12.03	01:45:02.722	0.87959				2
2025.12.03	01:45:23.378		0.87963			4
2025.12.03	01:45:32.587	0.87960				2
2025.12.03	01:45:32.898	0.87962				2
2025.12.03	01:45:39.242	0.87964	0.87965			6
2025.12.03	01:46:00.421	0.87964				2
2025.12.03	01:46:01.383	0.87963	0.87964			6
2025.12.03	01:46:01.942	0.87962	0.87963			6
2025.12.03	01:46:02.348	0.87960				2
2025.12.03	01:46:03.638	0.87959				2
2025.12.03	01:46:15.361	0.87960	0.87964			6
2025.12.03	01:46:16.090	0.87962	0.87965			6
2025.12.03	01:46:20.031		0.87964			4
2025.12.03	01:46:28.194	0.87960				2
2025.12.03	01:46:40.758	0.87959	0.87963			6
2025.12.03	01:46:41.410		0.87964			4
2025.12.03	01:46:41.876	0.87960				2
2025.12.03	01:46:50.463	0.87963				2
2025.12.03	01:46:57.506	0.87964	0.87965			6
2025.12.03	01:47:00.204	0.87963	0.87964			6
2025.12.03	01:47:00.583	0.87964	0.87965			6
2025.12.03	01:47:06.875	0.87963				2
2025.12.03	01:47:07.181		0.87964			4
2025.12.03	01:47:18.278	0.87964	0.87965			6
2025.12.03	01:48:00.286	0.87964				2
2025.12.03	01:48:00.639	0.87965	0.87966			6
2025.12.03	01:48:07.023	0.87966	0.87967			6
2025.12.03	01:48:17.189	0.87965	0.87966			6
2025.12.03	01:48:18.075	0.87966	0.87967			6
2025.12.03	01:48:21.058	0.87965	0.87966			6
2025.12.03	01:48:41.306	0.87963				2
2025.12.03	01:48:44.465	0.87964				2
2025.12.03	01:48:45.410		0.87965			4
2025.12.03	01:48:48.749	0.87963				2
2025.12.03	01:49:00.566	0.87963				2
2025.12.03	01:49:03.472		0.87964			4
2025.12.03	01:49:14.117	0.87962				2
2025.12.03	01:49:21.492	0.87963				2
2025.12.03	01:49:21.807	0.87962				2
2025.12.03	01:49:34.085		0.87963			4
2025.12.03	01:49:38.104	0.87960	0.87961			6
2025.12.03	01:49:58.159		0.87962			4
2025.12.03	01:49:58.624		0.87961			4
2025.12.03	01:50:00.323	0.87960				2
2025.12.03	01:50:10.471	0.87959				2
2025.12.03	01:50:15.684		0.87960			4
2025.12.03	01:50:21.450	0.87957	0.87958			6
2025.12.03	01:50:21.758	0.87956	0.87957			6
2025.12.03	01:50:25.508	0.87954	0.87955			6
2025.12.03	01:50:25.827	0.87955	0.87956			6
2025.12.03	01:50:26.134	0.87954	0.87955			6
2025.12.03	01:50:28.602	0.87953	0.87954			6
2025.12.03	01:50:29.272	0.87954	0.87955			6
2025.12.03	01:50:54.102	0.87955	0.87956			6
2025.12.03	01:50:56.591	0.87954	0.87955			6
2025.12.03	01:50:56.899	0.87955	0.87956			6
2025.12.03	01:50:57.643	0.87957	0.87958			6
2025.12.03	01:51:00.597	0.87956	0.87957			6
2025.12.03	01:51:00.902	0.87958	0.87959			6
2025.12.03	01:51:02.471	0.87957	0.87958			6
2025.12.03	01:51:04.401	0.87958	0.87959			6
2025.12.03	01:51:52.473	0.87956	0.87957			6
2025.12.03	01:51:53.034	0.87957	0.87958			6
2025.12.03	01:52:00.007	0.87958	0.87959			6
2025.12.03	01:52:02.151	0.87957	0.87958			6
2025.12.03	01:52:07.220	0.87958	0.87959			6
2025.12.03	01:52:17.882	0.87957	0.87958			6
2025.12.03	01:52:18.487	0.87958	0.87959			6
2025.12.03	01:52:41.536	0.87959	0.87960			6
2025.12.03	01:52:43.537	0.87958	0.87959			6
2025.12.03	01:52:45.762	0.87959	0.87961			6
2025.12.03	01:53:00.135	0.87959				2
2025.12.03	01:53:01.764		0.87960			4
2025.12.03	01:53:15.384		0.87961			4
2025.12.03	01:53:15.756		0.87960			4
2025.12.03	01:53:16.079	0.87958	0.87959			6
2025.12.03	01:53:18.247	0.87959	0.87960			6
2025.12.03	01:53:44.413	0.87958				2
2025.12.03	01:53:47.302	0.87959				2
2025.12.03	01:53:48.026	0.87958				2
2025.12.03	01:53:55.646	0.87959				2
2025.12.03	01:54:01.967	0.87959				2
2025.12.03	01:54:15.797	0.87958	0.87959			6
2025.12.03	01:54:16.302	0.87957				2
2025.12.03	01:54:30.718	0.87959	0.87960			6
2025.12.03	01:54:50.827	0.87958	0.87959			6
2025.12.03	01:54:51.275	0.87959	0.87960			6
2025.12.03	01:54:55.043	0.87958	0.87959			6
2025.12.03	01:54:55.411	0.87959	0.87960			6
2025.12.03	01:54:59.102	0.87958	0.87959			6
2025.12.03	01:54:59.616	0.87959	0.87960			6
2025.12.03	01:55:00.723	0.87959				2
2025.12.03	01:55:08.284	0.87958	0.87959			6
2025.12.03	01:55:09.344	0.87956	0.87957			6
2025.12.03	01:55:09.976		0.87958			4
2025.12.03	01:55:10.459	0.87959	0.87960			6
2025.12.03	01:55:26.062	0.87956	0.87957			6
2025.12.03	01:55:37.123	0.87955				2
2025.12.03	01:55:43.540		0.87956			4
2025.12.03	01:55:45.413	0.87956	0.87957			6
2025.12.03	01:56:00.347	0.87956				2
2025.12.03	01:56:01.747	0.87955				2
2025.12.03	01:56:09.551	0.87956				2
2025.12.03	01:56:11.486	0.87955				2
2025.12.03	01:56:12.141	0.87956				2
2025.12.03	01:56:22.279	0.87955				2
2025.12.03	01:56:42.126	0.87956				2
2025.12.03	01:56:48.343		0.87957			4
2025.12.03	01:56:54.748	0.87955				2
2025.12.03	01:56:55.692	0.87956				2
2025.12.03	01:56:57.366	0.87955				2
2025.12.03	01:56:58.492	0.87956				2
2025.12.03	01:57:00.400	0.87956				2
2025.12.03	01:57:02.566	0.87955				2
2025.12.03	01:57:12.007	0.87957	0.87958			6
2025.12.03	01:57:25.581	0.87958	0.87959			6
2025.12.03	01:57:29.988	0.87960	0.87961			6
2025.12.03	01:57:55.144		0.87962			4
2025.12.03	01:58:00.097	0.87960				2
2025.12.03	01:58:12.833	0.87963	0.87964			6
2025.12.03	01:58:18.401	0.87964	0.87965			6
2025.12.03	01:58:26.056	0.87963	0.87964			6
2025.12.03	01:58:41.409		0.87965			4
2025.12.03	01:58:42.990		0.87964			4
2025.12.03	01:58:45.478		0.87965			4
2025.12.03	01:59:00.390	0.87964				2
2025.12.03	01:59:26.855	0.87960	0.87962			6
2025.12.03	01:59:27.531	0.87961				2
2025.12.03	01:59:27.839	0.87960				2
2025.12.03	01:59:33.804		0.87961			4
2025.12.03	01:59:35.358		0.87962			4
2025.12.03	01:59:39.744	0.87959				2
2025.12.03	01:59:40.102	0.87960				2
2025.12.03	01:59:40.432	0.87959				2
2025.12.03	01:59:41.481	0.87960				2
2025.12.03	01:59:43.636	0.87961				2
2025.12.03	01:59:44.272	0.87959				2
2025.12.03	01:59:44.576	0.87960				2
2025.12.03	01:59:45.238	0.87961				2
2025.12.03	01:59:46.199	0.87959				2
2025.12.03	01:59:46.881	0.87960				2
2025.12.03	01:59:47.226	0.87961				2
2025.12.03	01:59:47.537	0.87959				2
2025.12.03	01:59:48.232	0.87960				2
2025.12.03	01:59:48.545	0.87961				2
2025.12.03	01:59:48.881	0.87960				2
2025.12.03	01:59:49.197	0.87959				2
2025.12.03	01:59:49.881	0.87960				2
2025.12.03	01:59:50.538	0.87959				2
2025.12.03	01:59:50.856	0.87961				2
2025.12.03	01:59:52.921	0.87960				2
2025.12.03	01:59:53.429	0.87959				2
2025.12.03	01:59:53.752	0.87960				2
2025.12.03	01:59:54.081	0.87959				2
2025.12.03	01:59:55.081	0.87960				2
2025.12.03	01:59:55.731	0.87959				2
2025.12.03	01:59:56.732	0.87960				2
2025.12.03	01:59:57.383	0.87959				2
2025.12.03	01:59:58.082	0.87960				2
2025.12.03	01:59:58.732	0.87959				2
2025.12.03	01:59:59.131	0.87960				2
2025.12.03	01:59:59.780	0.87959				2
2025.12.03	02:00:00.127	0.87959				2
2025.12.03	02:00:00.439	0.87960				2
2025.12.03	02:00:02.637		0.87963			4
2025.12.03	02:00:03.533		0.87962			4
2025.12.03	02:00:06.580	0.87959	0.87961			6
2025.12.03	02:00:19.626	0.87958				2
2025.12.03	02:00:19.930		0.87960			4
2025.12.03	02:00:20.537	0.87959				2
2025.12.03	02:00:20.852		0.87961			4
2025.12.03	02:00:22.726		0.87960			4
2025.12.03	02:00:34.503	0.87958				2
2025.12.03	02:00:51.428	0.87959				2
2025.12.03	02:00:54.746		0.87961			4
2025.12.03	02:00:55.059	0.87958				2
2025.12.03	02:00:56.318	0.87959				2
2025.12.03	02:00:59.821	0.87958				2
2025.12.03	02:01:00.243	0.87958				2
2025.12.03	02:01:00.661	0.87959				2
2025.12.03	02:01:02.384	0.87957	0.87960			6
2025.12.03	02:01:02.723	0.87958				2
2025.12.03	02:01:19.506	0.87959				2
2025.12.03	02:01:19.968	0.87958				2
2025.12.03	02:01:39.291	0.87954	0.87957			6
2025.12.03	02:01:39.600	0.87955	0.87956			6
2025.12.03	02:01:41.276	0.87954				2
2025.12.03	02:01:41.898	0.87955				2
2025.12.03	02:01:44.451		0.87957			4
2025.12.03	02:01:46.412	0.87956				2
2025.12.03	02:01:48.277		0.87958			4
2025.12.03	02:01:49.529	0.87957	0.87959			6
2025.12.03	02:01:54.434		0.87958			4
2025.12.03	02:01:55.386		0.87959			4
2025.12.03	02:01:58.212		0.87958			4
2025.12.03	02:01:58.647		0.87959			4
2025.12.03	02:02:00.584	0.87957	0.87958			6
2025.12.03	02:02:03.029	0.87956				2
2025.12.03	02:02:03.899	0.87957				2
2025.12.03	02:02:08.933	0.87956				2
2025.12.03	02:02:09.498	0.87957				2
2025.12.03	02:02:15.553		0.87959			4
2025.12.03	02:02:20.317		0.87958			4
2025.12.03	02:02:29.849	0.87958	0.87960			6
2025.12.03	02:02:30.213		0.87959			4
2025.12.03	02:02:30.898	0.87957	0.87958			6
2025.12.03	02:02:31.209	0.87956				2
2025.12.03	02:02:31.570		0.87957			4
2025.12.03	02:02:32.122	0.87955				2
2025.12.03	02:02:32.488	0.87954				2
2025.12.03	02:02:32.941	0.87955				2
2025.12.03	02:02:34.977	0.87956				2
2025.12.03	02:02:42.005	0.87955				2
2025.12.03	02:02:54.643	0.87956	0.87958			6
2025.12.03	02:03:00.684	0.87956	0.87957			6
2025.12.03	02:03:01.163		0.87958			4
2025.12.03	02:03:01.479	0.87955	0.87957			6
2025.12.03	02:03:03.932	0.87958	0.87959			6
2025.12.03	02:03:05.003	0.87956	0.87957			6
2025.12.03	02:03:05.720	0.87960	0.87961			6
2025.12.03	02:03:06.394		0.87962			4
2025.12.03	02:03:08.525	0.87961				2
2025.12.03	02:03:09.289	0.87960				2
2025.12.03	02:03:09.630	0.87961	0.87963			6
2025.12.03	02:03:22.730	0.87962	0.87964			6
2025.12.03	02:03:27.329	0.87963	0.87965			6
2025.12.03	02:03:40.758		0.87966			4
2025.12.03	02:03:54.091	0.87964				2
2025.12.03	02:03:59.674		0.87965			4
2025.12.03	02:04:00.151	0.87964				2
2025.12.03	02:04:10.564	0.87962	0.87964			6
2025.12.03	02:04:11.399		0.87963			4
2025.12.03	02:04:19.920	0.87963	0.87965			6
2025.12.03	02:04:21.636	0.87962	0.87963			6
2025.12.03	02:04:25.257	0.87961	0.87962			6
2025.12.03	02:04:26.521		0.87963			4
2025.12.03	02:04:30.520	0.87960	0.87962			6
2025.12.03	02:04:33.815	0.87961				2
2025.12.03	02:05:00.940	0.87961				2
2025.12.03	02:05:08.783	0.87960				2
2025.12.03	02:05:10.420		0.87963			4
2025.12.03	02:05:13.838		0.87962			4
2025.12.03	02:05:17.281		0.87963			4
2025.12.03	02:05:18.386	0.87959	0.87960			6
2025.12.03	02:05:25.410	0.87957	0.87959			6
2025.12.03	02:05:30.546		0.87958			4
2025.12.03	02:05:32.537	0.87958	0.87959			6
2025.12.03	02:05:38.626	0.87957	0.87958			6
2025.12.03	02:05:40.161		0.87959			4
2025.12.03	02:05:40.526	0.87958				2
2025.12.03	02:05:45.367	0.87959	0.87960			6
2025.12.03	02:05:46.807	0.87958	0.87959			6
2025.12.03	02:05:47.755		0.87960			4
2025.12.03	02:05:48.074	0.87959				2
2025.12.03	02:05:50.083		0.87961			4
2025.12.03	02:05:50.702	0.87960				2
2025.12.03	02:05:51.817	0.87959				2
2025.12.03	02:05:52.371	0.87960				2
2025.12.03	02:05:58.319		0.87962			4
2025.12.03	02:06:00.830	0.87960	0.87961			6
2025.12.03	02:06:01.298		0.87962			4
2025.12.03	02:06:01.951		0.87961			4
2025.12.03	02:06:05.254		0.87962			4
2025.12.03	02:06:06.063		0.87961			4
2025.12.03	02:06:15.795		0.87962			4
2025.12.03	02:06:16.346		0.87961			4
2025.12.03	02:06:16.819	0.87961	0.87962			6
2025.12.03	02:06:18.181	0.87962	0.87963			6
2025.12.03	02:06:18.489	0.87961				2
2025.12.03	02:06:20.020		0.87962			4
2025.12.03	02:06:20.393	0.87960				2
2025.12.03	02:06:20.811	0.87959	0.87961			6
2025.12.03	02:06:42.941		0.87960			4
2025.12.03	02:06:48.348		0.87961			4
2025.12.03	02:06:57.830	0.87961	0.87963			6
2025.12.03	02:07:00.537	0.87962				2
2025.12.03	02:07:03.654		0.87964			4
2025.12.03	02:07:04.072	0.87961	0.87963			6
2025.12.03	02:07:06.449		0.87962			4
2025.12.03	02:07:06.907		0.87963			4
2025.12.03	02:07:21.061	0.87962	0.87964			6
2025.12.03	02:07:23.101	0.87961				2
2025.12.03	02:07:23.424	0.87962				2
2025.12.03	02:07:30.686	0.87963				2
2025.12.03	02:07:33.704		0.87965			4
2025.12.03	02:07:34.412		0.87964			4
2025.12.03	02:07:35.128		0.87965			4
2025.12.03	02:07:36.164	0.87964	0.87966			6
2025.12.03	02:07:38.167		0.87965			4
2025.12.03	02:08:00.759	0.87964				2
2025.12.03	02:08:18.845	0.87962	0.87964			6
2025.12.03	02:08:26.662	0.87963				2
2025.12.03	02:08:39.131		0.87965			4
2025.12.03	02:08:53.023		0.87964			4
2025.12.03	02:08:54.612	0.87962				2
2025.12.03	02:09:05.584	0.87962				2
2025.12.03	02:09:08.900	0.87963				2
2025.12.03	02:09:14.073		0.87965			4
2025.12.03	02:09:24.717		0.87964			4
2025.12.03	02:09:30.031	0.87962				2
2025.12.03	02:09:33.786	0.87963				2
2025.12.03	02:09:34.152		0.87965			4
2025.12.03	02:09:34.490		0.87964			4
2025.12.03	02:10:00.243	0.87963				2
2025.12.03	02:10:00.855		0.87965			4
2025.12.03	02:10:01.289	0.87962	0.87963			6
2025.12.03	02:10:01.754		0.87965			4
2025.12.03	02:10:02.763	0.87960	0.87962			6
2025.12.03	02:10:07.446	0.87961	0.87963			6
2025.12.03	02:10:09.197	0.87962	0.87964			6
2025.12.03	02:10:23.872	0.87963				2
2025.12.03	02:10:29.627	0.87962				2
2025.12.03	02:10:30.207	0.87963				2
2025.12.03	02:10:53.665		0.87965			4
2025.12.03	02:10:59.341	0.87966	0.87968			6
2025.12.03	02:11:00.013	0.87966				2
2025.12.03	02:11:00.330		0.87969			4
2025.12.03	02:11:01.673	0.87965	0.87966			6
2025.12.03	02:11:02.002		0.87967			4
2025.12.03	02:11:02.646	0.87966				2
2025.12.03	02:11:03.567		0.87968			4
2025.12.03	02:11:06.617	0.87967	0.87969			6
2025.12.03	02:11:10.364	0.87966				2
2025.12.03	02:11:11.588		0.87967			4
2025.12.03	02:11:12.939		0.87968			4
2025.12.03	02:11:13.860	0.87967				2
2025.12.03	02:11:14.913		0.87969			4
2025.12.03	02:11:32.766		0.87968			4
2025.12.03	02:11:35.240		0.87969			4
2025.12.03	02:11:43.504		0.87970			4
2025.12.03	02:11:43.982	0.87968				2
2025.12.03	02:11:44.584		0.87969			4
2025.12.03	02:11:47.308	0.87969	0.87971			6
2025.12.03	02:11:49.283	0.87968	0.87970			6
2025.12.03	02:11:49.666	0.87967	0.87969			6
2025.12.03	02:11:50.315		0.87970			4
2025.12.03	02:11:50.736		0.87969			4
2025.12.03	02:11:52.122	0.87968				2
2025.12.03	02:11:55.759	0.87967	0.87970			6
2025.12.03	02:11:56.087	0.87968				2
2025.12.03	02:11:57.270	0.87969				2
2025.12.03	02:12:00.562	0.87968				2
2025.12.03	02:12:15.236	0.87967				2
2025.12.03	02:12:24.436	0.87968				2
2025.12.03	02:12:25.371	0.87967				2
2025.12.03	02:12:38.066		0.87969			4
2025.12.03	02:13:00.314	0.87967				2
2025.12.03	02:13:01.237		0.87968			4
2025.12.03	02:13:03.392	0.87964	0.87966			6
2025.12.03	02:13:03.712	0.87965	0.87967			6
2025.12.03	02:13:04.021	0.87964				2
2025.12.03	02:13:04.337	0.87965	0.87966			6
2025.12.03	02:13:05.578	0.87964	0.87967			6
2025.12.03	02:13:05.882		0.87966			4
2025.12.03	02:13:06.213	0.87965				2
2025.12.03	02:13:24.077		0.87967			4
2025.12.03	02:13:40.160	0.87966	0.87968			6
2025.12.03	02:13:59.412		0.87967			4
2025.12.03	02:14:00.588	0.87966				2
2025.12.03	02:14:04.411		0.87968			4
2025.12.03	02:14:15.577	0.87965	0.87967			6
2025.12.03	02:14:17.303	0.87966	0.87968			6
2025.12.03	02:14:21.201		0.87967			4
2025.12.03	02:14:24.577		0.87968			4
2025.12.03	02:14:25.179	0.87965				2
2025.12.03	02:14:31.521	0.87966				2
2025.12.03	02:14:32.466		0.87967			4
2025.12.03	02:14:33.040	0.87964	0.87966			6
2025.12.03	02:14:33.386	0.87963	0.87964			6
2025.12.03	02:14:34.917		0.87965			4
2025.12.03	02:15:00.306	0.87963				2
2025.12.03	02:15:02.127		0.87966			4
2025.12.03	02:15:05.051		0.87965			4
2025.12.03	02:15:07.568	0.87962	0.87964			6
2025.12.03	02:15:12.832	0.87963				2
2025.12.03	02:15:30.209		0.87965			4
2025.12.03	02:15:35.377	0.87964				2
2025.12.03	02:15:45.127		0.87966			4
2025.12.03	02:16:01.533	0.87962	0.87964			6
2025.12.03	02:16:01.837	0.87963				2
2025.12.03	02:16:02.163	0.87961				2
2025.12.03	02:16:02.466	0.87964	0.87965			6
2025.12.03	02:16:02.777		0.87966			4
2025.12.03	02:16:04.559		0.87965			4
2025.12.03	02:16:23.952		0.87966			4
2025.12.03	02:16:29.055	0.87965				2
2025.12.03	02:16:51.462	0.87966	0.87968			6
2025.12.03	02:16:55.241	0.87967				2
2025.12.03	02:16:58.391	0.87966				2
2025.12.03	02:16:58.828	0.87967				2
2025.12.03	02:17:00.432	0.87967	0.87969			6
2025.12.03	02:17:05.477	0.87970	0.87971			6
2025.12.03	02:17:06.345		0.87972			4
2025.12.03	02:17:12.342		0.87971			4
2025.12.03	02:17:13.202	0.87971	0.87972			6
2025.12.03	02:17:25.996	0.87972	0.87973			6
2025.12.03	02:17:59.981	0.87971	0.87972			6
2025.12.03	02:18:00.425	0.87971				2
2025.12.03	02:18:12.378	0.87970				2
2025.12.03	02:18:25.728	0.87971	0.87973			6
2025.12.03	02:18:27.723	0.87968	0.87970			6
2025.12.03	02:18:28.806	0.87969	0.87971			6
2025.12.03	02:18:29.118	0.87970				2
2025.12.03	02:18:29.646	0.87969				2
2025.12.03	02:18:39.437		0.87970			4
2025.12.03	02:19:00.539	0.87969				2
2025.12.03	02:19:13.063	0.87968				2
2025.12.03	02:19:15.387	0.87969	0.87971			6
2025.12.03	02:19:17.736		0.87970			4
2025.12.03	02:19:21.546	0.87967	0.87968			6
2025.12.03	02:19:24.942		0.87969			4
2025.12.03	02:19:30.592	0.87969	0.87970			6
2025.12.03	02:19:31.057	0.87968	0.87969			6
2025.12.03	02:19:31.830		0.87970			4
2025.12.03	02:19:32.203	0.87969				2
2025.12.03	02:19:33.990		0.87971			4
2025.12.03	02:19:35.379		0.87970			4
2025.12.03	02:19:45.379		0.87971			4
2025.12.03	02:19:46.921		0.87970			4
2025.12.03	02:20:00.573	0.87969				2
2025.12.03	02:20:11.310	0.87970	0.87971			6
2025.12.03	02:20:14.006	0.87971	0.87973			6
2025.12.03	02:20:14.318	0.87970				2
2025.12.03	02:20:14.646		0.87972			4
2025.12.03	02:20:23.782	0.87971				2
2025.12.03	02:20:32.252	0.87968	0.87970			6
2025.12.03	02:20:32.626	0.87969	0.87971			6
2025.12.03	02:20:42.456		0.87970			4
2025.12.03	02:20:43.537		0.87971			4
2025.12.03	02:20:44.454		0.87970			4
2025.12.03	02:20:45.377		0.87971			4
2025.12.03	02:20:45.686		0.87970			4
2025.12.03	02:20:47.997	0.87968	0.87969			6
2025.12.03	02:20:49.298		0.87970			4
2025.12.03	02:20:54.182	0.87969				2
2025.12.03	02:20:56.795		0.87971			4
2025.12.03	02:20:57.391	0.87970				2
2025.12.03	02:20:57.730	0.87969				2
2025.12.03	02:21:00.604	0.87970	0.87972			6
2025.12.03	02:21:03.940		0.87971			4
2025.12.03	02:21:08.385		0.87972			4
2025.12.03	02:21:08.797	0.87969				2
2025.12.03	02:21:13.296	0.87970				2
2025.12.03	02:21:17.417	0.87969				2
2025.12.03	02:21:27.388	0.87970				2
2025.12.03	02:21:29.283	0.87969	0.87971			6
2025.12.03	02:21:35.280		0.87972			4
2025.12.03	02:21:36.633	0.87970				2
2025.12.03	02:21:51.816	0.87969				2
2025.12.03	02:21:52.787	0.87970				2
2025.12.03	02:21:56.336		0.87971			4
2025.12.03	02:21:59.352		0.87972			4
2025.12.03	02:22:00.323	0.87970				2
2025.12.03	02:22:16.583		0.87971			4
2025.12.03	02:22:21.941		0.87972			4
2025.12.03	02:22:29.858	0.87971				2
2025.12.03	02:22:30.242		0.87973			4
2025.12.03	02:22:39.136		0.87972			4
2025.12.03	02:22:49.066		0.87973			4
2025.12.03	02:22:58.278	0.87970				2
2025.12.03	02:23:00.445	0.87970				2
2025.12.03	02:23:01.064		0.87972			4
2025.12.03	02:23:06.093	0.87973	0.87974			6
2025.12.03	02:23:06.394	0.87970	0.87972			6
2025.12.03	02:23:08.703		0.87973			4
2025.12.03	02:23:09.556		0.87972			4
2025.12.03	02:23:19.127		0.87973			4
2025.12.03	02:23:19.431	0.87969	0.87972			6
2025.12.03	02:23:25.667		0.87973			4
2025.12.03	02:23:27.582	0.87970	0.87972			6
2025.12.03	02:23:27.961		0.87973			4
2025.12.03	02:23:31.773	0.87971				2
2025.12.03	02:23:32.838		0.87974			4
2025.12.03	02:23:35.179	0.87970	0.87973			6
2025.12.03	02:23:36.683	0.87971	0.87974			6
2025.12.03	02:23:37.091	0.87972				2
2025.12.03	02:23:44.436	0.87971				2
2025.12.03	02:23:45.326	0.87972				2
2025.12.03	02:23:47.863	0.87971				2
2025.12.03	02:24:00.260	0.87969	0.87970			6
2025.12.03	02:24:01.154	0.87971	0.87974			6
2025.12.03	02:24:10.477	0.87970	0.87972			6
2025.12.03	02:24:12.364		0.87973			4
2025.12.03	02:24:16.051	0.87971				2
2025.12.03	02:24:18.381	0.87970				2
2025.12.03	02:24:19.135	0.87971				2
2025.12.03	02:24:54.522	0.87970				2
2025.12.03	02:24:54.853	0.87971	0.87974			6
2025.12.03	02:25:00.312	0.87971	0.87973			6
2025.12.03	02:25:02.734		0.87972			4
2025.12.03	02:25:03.984		0.87973			4
2025.12.03	02:25:08.030	0.87972				2
2025.12.03	02:25:08.622		0.87974			4
2025.12.03	02:25:09.401		0.87973			4
2025.12.03	02:25:12.686	0.87971				2
2025.12.03	02:25:15.111	0.87972	0.87974			6
2025.12.03	02:25:15.557		0.87973			4
2025.12.03	02:25:19.996	0.87971	0.87972			6
2025.12.03	02:25:25.779		0.87973			4
2025.12.03	02:25:49.190	0.87972				2
2025.12.03	02:25:51.820		0.87974			4
2025.12.03	02:25:56.046		0.87973			4
2025.12.03	02:25:56.961	0.87971				2
2025.12.03	02:25:57.329	0.87974	0.87976			6
2025.12.03	02:26:01.131	0.87974				2
2025.12.03	02:26:06.238		0.87975			4
2025.12.03	02:26:06.550		0.87976			4
2025.12.03	02:26:23.914	0.87973	0.87975			6
2025.12.03	02:26:32.468		0.87976			4
2025.12.03	02:26:34.326		0.87977			4
2025.12.03	02:26:34.797		0.87976			4
2025.12.03	02:26:45.379	0.87974				2
2025.12.03	02:26:46.847	0.87973				2
2025.12.03	02:26:53.610		0.87975			4
2025.12.03	02:26:57.513	0.87975	0.87976			6
2025.12.03	02:26:58.174		0.87977			4
2025.12.03	02:26:58.687	0.87976	0.87978			6
2025.12.03	02:27:00.182	0.87977				2
2025.12.03	02:27:01.094	0.87976				2
2025.12.03	02:27:04.773		0.87977			4
2025.12.03	02:27:15.569		0.87978			4
2025.12.03	02:27:16.020		0.87977			4
2025.12.03	02:27:18.762		0.87978			4
2025.12.03	02:27:21.912		0.87977			4
2025.12.03	02:27:26.545		0.87978			4
2025.12.03	02:27:27.795		0.87977			4
2025.12.03	02:27:34.954	0.87972	0.87973			6
2025.12.03	02:27:37.403	0.87971	0.87972			6
2025.12.03	02:27:41.146		0.87973			4
2025.12.03	02:27:42.983	0.87974	0.87976			6
2025.12.03	02:27:43.301		0.87975			4
2025.12.03	02:27:43.952		0.87976			4
2025.12.03	02:27:44.455		0.87975			4
2025.12.03	02:27:45.555		0.87976			4
2025.12.03	02:27:46.437	0.87973				2
2025.12.03	02:27:53.490	0.87972	0.87975			6
2025.12.03	02:27:53.813		0.87976			4
2025.12.03	02:27:54.666	0.87973				2
2025.12.03	02:28:00.379	0.87973				2
2025.12.03	02:28:01.133		0.87975			4
2025.12.03	02:28:01.711	0.87974	0.87977			6
2025.12.03	02:28:03.046		0.87978			4
2025.12.03	02:28:03.516		0.87977			4
2025.12.03	02:28:05.602	0.87976	0.87978			6
2025.12.03	02:28:08.260		0.87977			4
2025.12.03	02:28:10.319		0.87978			4
2025.12.03	02:28:37.142	0.87975	0.87979			6
2025.12.03	02:28:38.321		0.87978			4
2025.12.03	02:28:43.352	0.87976				2
2025.12.03	02:28:52.382		0.87979			4
2025.12.03	02:28:54.822	0.87975	0.87978			6
2025.12.03	02:28:57.204	0.87976				2
2025.12.03	02:28:59.824	0.87975				2
2025.12.03	02:29:00.353	0.87976				2
2025.12.03	02:29:00.663	0.87975	0.87977			6
2025.12.03	02:29:03.885		0.87978			4
2025.12.03	02:29:14.312		0.87977			4
2025.12.03	02:29:37.530	0.87977	0.87981			6
2025.12.03	02:29:40.385	0.87978				2
2025.12.03	02:29:48.123	0.87975	0.87977			6
2025.12.03	02:29:48.655		0.87978			4
2025.12.03	02:29:51.864		0.87977			4
2025.12.03	02:29:54.880		0.87976			4
2025.12.03	02:29:57.916		0.87977			4
2025.12.03	02:30:00.384	0.87975	0.87976			6
2025.12.03	02:30:00.699	0.87977	0.87978			6
2025.12.03	02:30:01.324	0.87978	0.87981			6
2025.12.03	02:30:01.667		0.87980			4
2025.12.03	02:30:03.037	0.87982	0.87983			6
2025.12.03	02:30:03.826	0.87981	0.87982			6
2025.12.03	02:30:07.243		0.87983			4
2025.12.03	02:30:09.407	0.87984	0.87986			6
2025.12.03	02:30:09.710	0.87983				2
2025.12.03	02:30:11.180		0.87985			4
2025.12.03	02:30:14.289	0.87984	0.87986			6
2025.12.03	02:30:14.912	0.87983	0.87985			6
2025.12.03	02:30:15.693	0.87982	0.87983			6
2025.12.03	02:30:16.114	0.87981	0.87984			6
2025.12.03	02:30:17.117	0.87983	0.87985			6
2025.12.03	02:30:19.304		0.87986			4
2025.12.03	02:30:20.595	0.87984				2
2025.12.03	02:30:21.427	0.87983				2
2025.12.03	02:30:21.741	0.87980	0.87982			6
2025.12.03	02:30:22.993	0.87981	0.87983			6
2025.12.03	02:30:28.964		0.87982			4
2025.12.03	02:30:30.655	0.87982	0.87984			6
2025.12.03	02:30:30.975	0.87984	0.87985			6
2025.12.03	02:30:31.280	0.87985	0.87988			6
2025.12.03	02:30:31.582	0.87987	0.87989			6
2025.12.03	02:30:31.894	0.87988	0.87990			6
2025.12.03	02:30:34.988	0.87987				2
2025.12.03	02:30:35.483	0.87988				2
2025.12.03	02:30:35.901	0.87987				2
2025.12.03	02:30:36.424		0.87989			4
2025.12.03	02:30:36.878	0.87988				2
2025.12.03	02:30:38.179	0.87985	0.87988			6
2025.12.03	02:30:38.484	0.87984	0.87987			6
2025.12.03	02:30:39.383		0.87988			4
2025.12.03	02:30:40.030	0.87985				2
2025.12.03	02:30:40.671	0.87984				2
2025.12.03	02:30:41.429	0.87985	0.87987			6
2025.12.03	02:30:42.407	0.87984				2
2025.12.03	02:30:42.807	0.87985				2
2025.12.03	02:30:44.000	0.87989	0.87991			6
2025.12.03	02:30:46.161		0.87990			4
2025.12.03	02:30:47.018	0.87990	0.87991			6
2025.12.03	02:30:49.052	0.87989	0.87990			6
2025.12.03	02:30:52.922	0.87985	0.87987			6
2025.12.03	02:30:54.347		0.87988			4
2025.12.03	02:30:56.016		0.87987			4
2025.12.03	02:30:57.379	0.87983	0.87986			6
2025.12.03	02:30:57.771	0.87984				2
2025.12.03	02:30:59.735	0.87983	0.87985			6
2025.12.03	02:31:00.243	0.87983				2
2025.12.03	02:31:00.560	0.87984				2
2025.12.03	02:31:02.437	0.87986	0.87987			6
2025.12.03	02:31:03.457	0.87985	0.87986			6
2025.12.03	02:31:03.772	0.87984	0.87985			6
2025.12.03	02:31:05.363	0.87983	0.87984			6
2025.12.03	02:31:07.411	0.87982				2
2025.12.03	02:31:08.419	0.87983				2
2025.12.03	02:31:19.840	0.87982				2
2025.12.03	02:31:20.160	0.87983	0.87985			6
2025.12.03	02:31:21.343		0.87986			4
2025.12.03	02:31:23.108		0.87985			4
2025.12.03	02:31:28.065	0.87984	0.87986			6
2025.12.03	02:31:30.341	0.87985	0.87990			6
2025.12.03	02:31:30.660	0.87987	0.87989			6
2025.12.03	02:31:30.963	0.87986				2
2025.12.03	02:31:31.289	0.87987				2
2025.12.03	02:31:31.601		0.87990			4
2025.12.03	02:31:31.903	0.87988	0.87991			6
2025.12.03	02:31:32.246	0.87985	0.87988			6
2025.12.03	02:31:33.615	0.87986				2
2025.12.03	02:31:34.164	0.87985	0.87986			6
2025.12.03	02:31:41.267	0.87986	0.87987			6
2025.12.03	02:31:43.681	0.87985	0.87986			6
2025.12.03	02:31:46.037	0.87989	0.87990			6
2025.12.03	02:31:46.730	0.87988				2
2025.12.03	02:31:47.702	0.87984	0.87988			6
2025.12.03	02:31:48.223	0.87987				2
2025.12.03	02:31:50.133	0.87988	0.87989			6
2025.12.03	02:31:51.921	0.87989	0.87990			6
2025.12.03	02:31:54.624	0.87984	0.87987			6
2025.12.03	02:31:54.941		0.87988			4
2025.12.03	02:31:55.684		0.87987			4
2025.12.03	02:31:59.264	0.87985				2
2025.12.03	02:32:00.298	0.87985				2
2025.12.03	02:32:00.621	0.87984				2
2025.12.03	02:32:01.439		0.87988			4
2025.12.03	02:32:01.925		0.87989			4
2025.12.03	02:32:02.234	0.87987	0.87988			6
2025.12.03	02:32:03.589	0.87988	0.87989			6
2025.12.03	02:32:05.222		0.87990			4
2025.12.03	02:32:07.877	0.87989				2
2025.12.03	02:32:08.187	0.87988	0.87989			6
2025.12.03	02:32:18.742	0.87987	0.87990			6
2025.12.03	02:32:19.915	0.87988				2
2025.12.03	02:32:26.123	0.87989				2
2025.12.03	02:32:28.470		0.87991			4
2025.12.03	02:32:36.970	0.87990				2
2025.12.03	02:32:37.382	0.87989				2
2025.12.03	02:32:38.509		0.87990			4
2025.12.03	02:32:43.779	0.87990	0.87992			6
2025.12.03	02:32:45.313	0.87989				2
2025.12.03	02:32:45.634	0.87990				2
2025.12.03	02:32:46.331	0.87989				2
2025.12.03	02:32:51.258	0.87990				2
2025.12.03	02:32:51.928	0.87989				2
2025.12.03	02:32:56.866	0.87990				2
2025.12.03	02:32:57.185		0.87991			4
2025.12.03	02:32:57.514	0.87989				2
2025.12.03	02:32:59.817		0.87990			4
2025.12.03	02:33:00.377	0.87984	0.87987			6
2025.12.03	02:33:00.679	0.87985	0.87986			6
2025.12.03	02:33:01.493	0.87988	0.87989			6
2025.12.03	02:33:05.294	0.87987	0.87990			6
2025.12.03	02:33:05.600		0.87989			4
2025.12.03	02:33:05.927	0.87986				2
2025.12.03	02:33:06.242	0.87985	0.87987			6
2025.12.03	02:33:06.576	0.87986	0.87988			6
2025.12.03	02:33:06.932		0.87989			4
2025.12.03	02:33:07.261	0.87987				2
2025.12.03	02:33:07.577		0.87988			4
2025.12.03	02:33:07.879	0.87985	0.87987			6
2025.12.03	02:33:11.011		0.87988			4
2025.12.03	02:33:16.622	0.87983	0.87985			6
2025.12.03	02:33:17.339	0.87984				2
2025.12.03	02:33:17.665	0.87983	0.87984			6
2025.12.03	02:33:18.283		0.87985			4
2025.12.03	02:33:22.676	0.87982				2
2025.12.03	02:33:24.356		0.87984			4
2025.12.03	02:33:27.081	0.87986	0.87987			6
2025.12.03	02:33:27.418	0.87985	0.87986			6
2025.12.03	02:33:28.343	0.87986	0.87987			6
2025.12.03	02:33:29.950		0.87988			4
2025.12.03	02:33:31.525	0.87985				2
2025.12.03	02:33:32.508	0.87986				2
2025.12.03	02:33:36.610	0.87984	0.87985			6
2025.12.03	02:33:44.237	0.87985	0.87986			6
2025.12.03	02:33:45.559	0.87983	0.87984			6
2025.12.03	02:33:49.884	0.87984	0.87986			6
2025.12.03	02:33:52.185	0.87983	0.87985			6
2025.12.03	02:33:52.505		0.87986			4
2025.12.03	02:33:53.261	0.87984				2
2025.12.03	02:33:54.093	0.87983	0.87985			6
2025.12.03	02:33:58.483	0.87984				2
2025.12.03	02:33:58.807	0.87983	0.87984			6
2025.12.03	02:33:59.457	0.87982				2
2025.12.03	02:34:00.078	0.87982				2
2025.12.03	02:34:01.022		0.87983			4
2025.12.03	02:34:01.681	0.87983	0.87985			6
2025.12.03	02:34:03.926		0.87984			4
2025.12.03	02:34:04.482	0.87982	0.87983			6
2025.12.03	02:34:05.130		0.87984			4
2025.12.03	02:34:05.438		0.87983			4
2025.12.03	02:34:06.445		0.87984			4
2025.12.03	02:34:07.082	0.87983				2
2025.12.03	02:34:07.421		0.87985			4
2025.12.03	02:34:09.523	0.87984	0.87986			6
2025.12.03	02:34:09.837	0.87983	0.87985			6
2025.12.03	02:34:10.167	0.87984				2
2025.12.03	02:34:10.551	0.87982	0.87984			6
2025.12.03	02:34:10.858	0.87983	0.87985			6
2025.12.03	02:34:11.228		0.87984			4
2025.12.03	02:34:11.539	0.87982	0.87983			6
2025.12.03	02:34:11.843	0.87983	0.87984			6
2025.12.03	02:34:12.257	0.87982				2
2025.12.03	02:34:12.941		0.87985			4
2025.12.03	02:34:13.260		0.87984			4
2025.12.03	02:34:14.014	0.87983				2
2025.12.03	02:34:14.317	0.87982				2
2025.12.03	02:34:14.630	0.87983				2
2025.12.03	02:34:15.396		0.87985			4
2025.12.03	02:34:17.751		0.87984			4
2025.12.03	02:34:18.093		0.87985			4
2025.12.03	02:34:20.686	0.87984	0.87986			6
2025.12.03	02:34:25.048	0.87985				2
2025.12.03	02:34:25.796	0.87984				2
2025.12.03	02:34:26.530	0.87985				2
2025.12.03	02:34:31.163	0.87984	0.87985			6
2025.12.03	02:34:31.919	0.87988	0.87989			6
2025.12.03	02:34:34.163		0.87990			4
2025.12.03	02:34:34.471		0.87989			4
2025.12.03	02:34:34.798	0.87986	0.87987			6
2025.12.03	02:34:35.104		0.87988			4
2025.12.03	02:34:35.672	0.87985	0.87987			6
2025.12.03	02:34:35.983	0.87990	0.87991			6
2025.12.03	02:34:36.300		0.87992			4
2025.12.03	02:34:36.622		0.87991			4
2025.12.03	02:34:40.087	0.87989				2
2025.12.03	02:34:40.401	0.87990				2
2025.12.03	02:34:41.947	0.87991	0.87992			6
2025.12.03	02:34:42.343	0.87990	0.87991			6
2025.12.03	02:34:49.444	0.87986	0.87987			6
2025.12.03	02:34:50.469		0.87988			4
2025.12.03	02:34:50.785	0.87985				2
2025.12.03	02:34:51.152	0.87986				2
2025.12.03	02:34:51.876	0.87985				2
2025.12.03	02:34:52.700	0.87986				2
2025.12.03	02:34:53.342	0.87985	0.87987			6
2025.12.03	02:34:54.972	0.87986				2
2025.12.03	02:34:55.366	0.87985				2
2025.12.03	02:34:56.402	0.87986				2
2025.12.03	02:34:57.472	0.87985	0.87986			6
2025.12.03	02:35:00.179	0.87985				2
2025.12.03	02:35:00.482	0.87984				2
2025.12.03	02:35:02.348		0.87985			4
2025.12.03	02:35:04.087		0.87986			4
2025.12.03	02:35:05.126		0.87985			4
2025.12.03	02:35:10.994	0.87983	0.87984			6
2025.12.03	02:35:11.607	0.87984	0.87985			6
2025.12.03	02:35:12.062	0.87983	0.87984			6
2025.12.03	02:35:12.606	0.87984	0.87985			6
2025.12.03	02:35:17.789	0.87983				2
2025.12.03	02:35:18.300	0.87984				2
2025.12.03	02:35:24.021	0.87983	0.87984			6
2025.12.03	02:35:28.489	0.87984	0.87985			6
2025.12.03	02:35:29.377	0.87983				2
2025.12.03	02:35:29.691	0.87982	0.87984			6
2025.12.03	02:35:30.003	0.87983	0.87985			6
2025.12.03	02:35:31.411	0.87981	0.87983			6
2025.12.03	02:35:32.801	0.87982				2
2025.12.03	02:35:49.013	0.87980	0.87981			6
2025.12.03	02:35:50.607	0.87979				2
2025.12.03	02:35:50.919		0.87980			4
2025.12.03	02:35:55.375	0.87980	0.87982			6
2025.12.03	02:35:56.697	0.87981				2
2025.12.03	02:35:57.751	0.87980	0.87981			6
2025.12.03	02:35:58.059	0.87979				2
2025.12.03	02:35:58.368	0.87980				2
2025.12.03	02:35:59.299	0.87979	0.87980			6
2025.12.03	02:36:00.063	0.87979				2
2025.12.03	02:36:02.541	0.87980	0.87981			6
2025.12.03	02:36:03.646		0.87982			4
2025.12.03	02:36:04.618		0.87981			4
2025.12.03	02:36:05.872		0.87982			4
2025.12.03	02:36:06.247		0.87981			4
2025.12.03	02:36:06.559	0.87979	0.87980			6
2025.12.03	02:36:09.625	0.87980	0.87981			6
2025.12.03	02:36:09.968	0.87979	0.87980			6
2025.12.03	02:36:10.995	0.87981	0.87982			6
2025.12.03	02:36:11.306		0.87983			4
2025.12.03	02:36:14.184	0.87980	0.87981			6
2025.12.03	02:36:20.451		0.87982			4
2025.12.03	02:36:21.576	0.87981				2
2025.12.03	02:36:23.883	0.87980				2
2025.12.03	02:36:25.988		0.87981			4
2025.12.03	02:36:27.476		0.87982			4
2025.12.03	02:36:28.267	0.87981				2
2025.12.03	02:36:29.108	0.87980				2
2025.12.03	02:36:29.797	0.87981				2
2025.12.03	02:36:30.756	0.87979	0.87981			6
2025.12.03	02:36:31.067	0.87980				2
2025.12.03	02:36:31.963	0.87979				2
2025.12.03	02:36:33.117	0.87980				2
2025.12.03	02:36:33.429	0.87979	0.87980			6
2025.12.03	02:36:41.943	0.87976	0.87977			6
2025.12.03	02:36:42.266	0.87977	0.87978			6
2025.12.03	02:36:43.004		0.87979			4
2025.12.03	02:36:44.197		0.87978			4
2025.12.03	02:36:46.028	0.87980	0.87981			6
2025.12.03	02:36:46.340	0.87979	0.87980			6
2025.12.03	02:36:46.720	0.87980	0.87981			6
2025.12.03	02:36:48.401	0.87981	0.87982			6
2025.12.03	02:36:50.050	0.87980	0.87981			6
2025.12.03	02:36:51.784	0.87981	0.87982			6
2025.12.03	02:36:59.132	0.87980	0.87981			6
2025.12.03	02:37:00.374	0.87980				2
2025.12.03	02:37:02.728	0.87979	0.87980			6
2025.12.03	02:37:03.368	0.87978				2
2025.12.03	02:37:04.897		0.87979			4
2025.12.03	02:37:06.855		0.87980			4
2025.12.03	02:37:07.492		0.87979			4
2025.12.03	02:37:08.207	0.87979	0.87980			6
2025.12.03	02:37:08.521	0.87978	0.87979			6
2025.12.03	02:37:12.235	0.87979	0.87980			6
2025.12.03	02:37:14.064	0.87978	0.87979			6
2025.12.03	02:37:15.649	0.87977				2
2025.12.03	02:37:15.958		0.87978			4
2025.12.03	02:37:18.582	0.87976	0.87977			6
2025.12.03	02:37:23.805	0.87977	0.87978			6
2025.12.03	02:37:26.582	0.87976	0.87977			6
2025.12.03	02:37:26.890	0.87975	0.87976			6
2025.12.03	02:37:30.397	0.87976	0.87978			6
2025.12.03	02:37:31.045	0.87977				2
2025.12.03	02:37:31.403		0.87979			4
2025.12.03	02:37:32.212	0.87976				2
2025.12.03	02:37:32.530		0.87978			4
2025.12.03	02:37:33.491	0.87977	0.87979			6
2025.12.03	02:37:33.823		0.87978			4
2025.12.03	02:37:47.416	0.87976	0.87977			6
2025.12.03	02:38:00.258	0.87976				2
2025.12.03	02:38:04.340	0.87974	0.87975			6
2025.12.03	02:38:05.053	0.87973	0.87974			6
2025.12.03	02:38:07.154	0.87974	0.87975			6
2025.12.03	02:38:07.475	0.87972	0.87974			6
2025.12.03	02:38:07.858		0.87973			4
2025.12.03	02:38:08.351	0.87973	0.87974			6
2025.12.03	02:38:16.607	0.87972	0.87973			6
2025.12.03	02:38:16.912	0.87973	0.87974			6
2025.12.03	02:38:21.082	0.87972	0.87973			6
2025.12.03	02:38:21.549	0.87971	0.87972			6
2025.12.03	02:38:22.302	0.87972	0.87973			6
2025.12.03	02:38:22.909	0.87971	0.87972			6
2025.12.03	02:38:23.255	0.87970	0.87971			6
2025.12.03	02:38:23.571	0.87972	0.87973			6
2025.12.03	02:38:24.416	0.87973	0.87974			6
2025.12.03	02:38:28.890	0.87972	0.87973			6
2025.12.03	02:38:30.474	0.87971	0.87972			6
2025.12.03	02:38:32.609	0.87972	0.87973			6
2025.12.03	02:38:34.575	0.87973	0.87974			6
2025.12.03	02:38:37.399	0.87972	0.87973			6
2025.12.03	02:38:38.046	0.87974	0.87975			6
2025.12.03	02:38:39.692	0.87973	0.87974			6
2025.12.03	02:38:43.106	0.87974	0.87975			6
2025.12.03	02:38:46.135	0.87973	0.87974			6
2025.12.03	02:38:57.472	0.87974	0.87975			6
2025.12.03	02:38:58.557	0.87972	0.87973			6
2025.12.03	02:38:58.859	0.87973	0.87974			6
2025.12.03	02:38:59.165	0.87972				2
2025.12.03	02:38:59.480	0.87973				2
2025.12.03	02:39:00.100	0.87972	0.87973			6
2025.12.03	02:39:00.752	0.87971	0.87972			6
2025.12.03	02:39:01.060	0.87973	0.87974			6
2025.12.03	02:39:04.678	0.87972	0.87973			6
2025.12.03	02:39:07.003	0.87973	0.87974			6
2025.12.03	02:39:07.407	0.87972	0.87973			6
2025.12.03	02:39:08.519	0.87973	0.87974			6
2025.12.03	02:39:09.809	0.87972	0.87973			6
2025.12.03	02:39:10.841	0.87973	0.87974			6
2025.12.03	02:39:11.188	0.87972	0.87973			6
2025.12.03	02:39:11.741	0.87973	0.87974			6
2025.12.03	02:39:12.508	0.87972	0.87973			6
2025.12.03	02:39:13.753	0.87973	0.87974			6
2025.12.03	02:39:14.177	0.87972	0.87973			6
2025.12.03	02:39:23.917	0.87971	0.87972			6
2025.12.03	02:39:24.354	0.87972	0.87973			6
2025.12.03	02:39:24.804	0.87971	0.87972			6
2025.12.03	02:39:25.107	0.87972	0.87973			6
2025.12.03	02:39:30.415	0.87973	0.87975			6
2025.12.03	02:39:30.767		0.87974			4
2025.12.03	02:39:34.313	0.87970	0.87971			6
2025.12.03	02:39:34.947	0.87971	0.87972			6
2025.12.03	02:39:41.376	0.87970	0.87971			6
2025.12.03	02:39:42.052	0.87971	0.87972			6
2025.12.03	02:39:44.421	0.87970	0.87971			6
2025.12.03	02:39:44.725	0.87971	0.87972			6
2025.12.03	02:39:47.637	0.87972	0.87973			6
2025.12.03	02:39:47.944	0.87971	0.87972			6
2025.12.03	02:39:48.569	0.87972	0.87973			6
2025.12.03	02:39:48.873	0.87971	0.87972			6
2025.12.03	02:39:52.068	0.87972	0.87973			6
2025.12.03	02:39:52.382	0.87971	0.87972			6
2025.12.03	02:39:54.403	0.87970	0.87971			6
2025.12.03	02:39:55.015	0.87971	0.87972			6
2025.12.03	02:39:56.272	0.87970	0.87971			6
2025.12.03	02:40:00.068	0.87970				2
2025.12.03	02:40:00.454		0.87972			4
2025.12.03	02:40:01.040		0.87971			4
2025.12.03	02:40:01.397	0.87972	0.87973			6
2025.12.03	02:40:02.391	0.87970	0.87971			6
2025.12.03	02:40:04.564	0.87971	0.87972			6
2025.12.03	02:40:06.958	0.87970	0.87971			6
2025.12.03	02:40:13.264	0.87969	0.87970			6
2025.12.03	02:40:13.976	0.87970	0.87971			6
2025.12.03	02:40:14.477	0.87969	0.87970			6
2025.12.03	02:40:15.384	0.87970	0.87971			6
2025.12.03	02:40:15.877	0.87969	0.87970			6
2025.12.03	02:40:16.179	0.87970	0.87971			6
2025.12.03	02:40:22.420	0.87969	0.87970			6
2025.12.03	02:40:22.743	0.87970	0.87971			6
2025.12.03	02:40:23.633	0.87969				2
2025.12.03	02:40:25.178	0.87970				2
2025.12.03	02:40:27.002	0.87969	0.87970			6
2025.12.03	02:40:27.422	0.87970	0.87971			6
2025.12.03	02:40:30.541	0.87971	0.87972			6
2025.12.03	02:40:31.971	0.87970	0.87971			6
2025.12.03	02:40:41.893	0.87969	0.87970			6
2025.12.03	02:40:42.253	0.87970	0.87971			6
2025.12.03	02:40:55.884	0.87969	0.87970			6
2025.12.03	02:40:56.476	0.87970	0.87971			6
2025.12.03	02:40:58.558	0.87969	0.87970			6
2025.12.03	02:41:00.085	0.87969				2
2025.12.03	02:41:00.497	0.87970	0.87971			6
2025.12.03	02:41:03.999	0.87968	0.87969			6
2025.12.03	02:41:31.411	0.87969	0.87970			6
2025.12.03	02:41:31.721	0.87970	0.87971			6
2025.12.03	02:41:32.356	0.87969	0.87970			6
2025.12.03	02:41:51.139	0.87970	0.87971			6
2025.12.03	02:41:55.085	0.87967	0.87968			6
2025.12.03	02:41:58.188	0.87968	0.87969			6
2025.12.03	02:41:59.071	0.87967	0.87968			6
2025.12.03	02:42:00.665	0.87968	0.87969			6
2025.12.03	02:42:01.733	0.87967	0.87968			6
2025.12.03	02:42:02.210	0.87965	0.87966			6
2025.12.03	02:42:02.560	0.87964				2
2025.12.03	02:42:20.636	0.87965				2
2025.12.03	02:42:24.494	0.87967	0.87968			6
2025.12.03	02:42:24.796	0.87966	0.87967			6
2025.12.03	02:42:26.373	0.87967	0.87968			6
2025.12.03	02:42:28.082	0.87966	0.87967			6
2025.12.03	02:42:28.935	0.87967	0.87968			6
2025.12.03	02:42:29.928	0.87968	0.87969			6
2025.12.03	02:42:31.181	0.87967	0.87968			6
2025.12.03	02:42:31.673	0.87968	0.87969			6
2025.12.03	02:42:35.822	0.87967	0.87968			6
2025.12.03	02:42:39.075	0.87968	0.87969			6
2025.12.03	02:42:51.802	0.87969	0.87970			6
2025.12.03	02:42:52.155	0.87968	0.87969			6
2025.12.03	02:42:54.115	0.87969	0.87970			6
2025.12.03	02:42:54.462	0.87968	0.87969			6
2025.12.03	02:42:56.481	0.87969	0.87970			6
2025.12.03	02:42:57.379	0.87966	0.87967			6
2025.12.03	02:42:58.537	0.87965	0.87966			6
2025.12.03	02:42:59.926	0.87966	0.87967			6
2025.12.03	02:43:00.233	0.87966				2
2025.12.03	02:43:00.543	0.87968	0.87969			6
2025.12.03	02:43:00.847	0.87966	0.87967			6
2025.12.03	02:43:01.462	0.87967	0.87968			6
2025.12.03	02:43:02.573	0.87966	0.87967			6
2025.12.03	02:43:02.881	0.87967	0.87968			6
2025.12.03	02:43:03.192	0.87968	0.87969			6
2025.12.03	02:43:04.119	0.87969	0.87970			6
2025.12.03	02:43:05.047	0.87968	0.87969			6
2025.12.03	02:43:06.059	0.87967	0.87968			6
2025.12.03	02:43:06.999	0.87965	0.87966			6
2025.12.03	02:43:07.367	0.87966	0.87967			6
2025.12.03	02:43:07.678	0.87967	0.87968			6
2025.12.03	02:43:11.437	0.87966	0.87967			6
2025.12.03	02:43:11.764	0.87967	0.87968			6
2025.12.03	02:43:12.070	0.87966	0.87967			6
2025.12.03	02:43:13.395	0.87967	0.87968			6
2025.12.03	02:43:13.705	0.87966	0.87967			6
2025.12.03	02:43:18.302	0.87965	0.87966			6
2025.12.03	02:43:19.396	0.87966	0.87967			6
2025.12.03	02:43:21.697	0.87965	0.87966			6
2025.12.03	02:43:22.780	0.87966	0.87967			6
2025.12.03	02:43:38.530	0.87965	0.87966			6
2025.12.03	02:43:40.765	0.87966	0.87967			6
2025.12.03	02:43:42.201	0.87965	0.87966			6
2025.12.03	02:43:44.880	0.87966	0.87967			6
2025.12.03	02:43:45.270	0.87965	0.87966			6
2025.12.03	02:43:45.572	0.87966	0.87967			6
2025.12.03	02:43:45.882	0.87967	0.87968			6
2025.12.03	02:43:46.200	0.87968	0.87969			6
2025.12.03	02:43:50.691	0.87969	0.87970			6
2025.12.03	02:43:59.880	0.87970	0.87971			6
2025.12.03	02:44:00.456	0.87970				2
2025.12.03	02:44:00.760	0.87969	0.87970			6
2025.12.03	02:44:12.459	0.87970	0.87971			6
2025.12.03	02:44:13.909	0.87971	0.87972			6
2025.12.03	02:44:16.304	0.87970	0.87971			6
2025.12.03	02:44:25.247	0.87969	0.87970			6
2025.12.03	02:45:00.458	0.87969				2
2025.12.03	02:45:01.439	0.87970	0.87971			6
2025.12.03	02:45:25.783	0.87971	0.87972			6
2025.12.03	02:45:32.358	0.87970	0.87971			6
2025.12.03	02:45:45.946	0.87971	0.87972			6
2025.12.03	02:45:52.858	0.87972	0.87973			6
2025.12.03	02:45:53.233	0.87971	0.87972			6
2025.12.03	02:45:53.540	0.87970				2
2025.12.03	02:45:53.847		0.87971			4
2025.12.03	02:45:55.184	0.87971	0.87973			6
2025.12.03	02:45:55.499	0.87972				2
2025.12.03	02:45:57.406	0.87971				2
2025.12.03	02:45:58.325	0.87972				2
2025.12.03	02:45:58.648	0.87971	0.87972			6
2025.12.03	02:46:00.277	0.87971				2
2025.12.03	02:46:15.876	0.87970	0.87971			6
2025.12.03	02:46:21.632	0.87971	0.87972			6
2025.12.03	02:46:29.710	0.87970	0.87971			6
2025.12.03	02:46:32.374	0.87972	0.87973			6
2025.12.03	02:46:38.699	0.87971				2
2025.12.03	02:46:39.047		0.87972			4
2025.12.03	02:46:40.303	0.87972	0.87973			6
2025.12.03	02:46:44.901	0.87970	0.87972			6
2025.12.03	02:46:45.226	0.87971				2
2025.12.03	02:46:54.217	0.87972	0.87973			6
2025.12.03	02:46:54.691	0.87971	0.87972			6
2025.12.03	02:46:55.625	0.87972	0.87973			6
2025.12.03	02:46:57.804	0.87971	0.87972			6
2025.12.03	02:46:58.177	0.87972	0.87973			6
2025.12.03	02:47:00.103	0.87972				2
2025.12.03	02:47:02.612	0.87971				2
2025.12.03	02:47:03.332		0.87972			4
2025.12.03	02:47:04.447		0.87973			4
2025.12.03	02:47:05.806	0.87972				2
2025.12.03	02:47:06.362	0.87971				2
2025.12.03	02:47:06.679	0.87972				2
2025.12.03	02:47:07.006	0.87971				2
2025.12.03	02:47:15.381	0.87970	0.87971			6
2025.12.03	02:47:18.195	0.87968	0.87969			6
2025.12.03	02:47:18.499	0.87970	0.87972			6
2025.12.03	02:47:18.926	0.87969	0.87970			6
2025.12.03	02:47:27.352	0.87968	0.87969			6
2025.12.03	02:47:27.661	0.87969	0.87970			6
2025.12.03	02:47:30.319		0.87971			4
2025.12.03	02:47:30.732	0.87970				2
2025.12.03	02:47:33.848	0.87969	0.87970			6
2025.12.03	02:47:34.152	0.87970	0.87971			6
2025.12.03	02:47:34.492	0.87969	0.87970			6
2025.12.03	02:47:45.097	0.87968	0.87969			6
2025.12.03	02:47:45.400		0.87970			4
2025.12.03	02:47:46.472	0.87969				2
2025.12.03	02:47:54.347	0.87968				2
2025.12.03	02:47:54.660	0.87969				2
2025.12.03	02:48:00.521	0.87968	0.87969			6
2025.12.03	02:48:00.839	0.87967				2
2025.12.03	02:48:01.147		0.87968			4
2025.12.03	02:48:01.792		0.87969			4
2025.12.03	02:48:03.175	0.87969	0.87970			6
2025.12.03	02:48:03.481	0.87970	0.87971			6
2025.12.03	02:48:08.272	0.87969	0.87970			6
2025.12.03	02:48:10.452		0.87971			4
2025.12.03	02:48:11.001	0.87968	0.87970			6
2025.12.03	02:48:11.318	0.87969	0.87971			6
2025.12.03	02:48:15.313	0.87968	0.87970			6
2025.12.03	02:48:15.630	0.87969	0.87971			6
2025.12.03	02:48:16.737		0.87970			4
2025.12.03	02:48:20.322	0.87970	0.87971			6
2025.12.03	02:48:23.969	0.87969	0.87970			6
2025.12.03	02:48:25.876	0.87968	0.87969			6
2025.12.03	02:48:28.724	0.87967	0.87968			6
2025.12.03	02:48:29.679	0.87968	0.87969			6
2025.12.03	02:48:30.187	0.87967	0.87968			6
2025.12.03	02:48:41.475	0.87966	0.87967			6
2025.12.03	02:48:41.780	0.87967	0.87968			6
2025.12.03	02:48:42.772	0.87966	0.87967			6
2025.12.03	02:48:59.521	0.87962	0.87963			6
2025.12.03	02:49:00.284	0.87962				2
2025.12.03	02:49:02.352	0.87963	0.87964			6
2025.12.03	02:49:05.505	0.87964	0.87965			6
2025.12.03	02:49:07.518	0.87963	0.87964			6
2025.12.03	02:49:10.706	0.87965	0.87966			6
2025.12.03	02:49:11.515	0.87964	0.87965			6
2025.12.03	02:49:11.816	0.87965	0.87966			6
2025.12.03	02:49:13.629	0.87964	0.87965			6
2025.12.03	02:49:19.932	0.87963	0.87964			6
2025.12.03	02:49:21.057	0.87964	0.87965			6
2025.12.03	02:49:24.848	0.87963	0.87964			6
2025.12.03	02:49:25.459	0.87964	0.87965			6
2025.12.03	02:49:26.738		0.87966			4
2025.12.03	02:49:32.866		0.87965			4
2025.12.03	02:49:36.155	0.87963	0.87966			6
2025.12.03	02:49:38.076		0.87965			4
2025.12.03	02:49:41.122		0.87966			4
2025.12.03	02:49:42.771		0.87965			4
2025.12.03	02:50:00.525	0.87963				2
2025.12.03	02:50:02.332	0.87964				2
2025.12.03	02:50:10.720	0.87965	0.87966			6
2025.12.03	02:50:13.496	0.87964	0.87965			6
2025.12.03	02:50:14.958	0.87965	0.87966			6
2025.12.03	02:50:21.406	0.87964	0.87965			6
2025.12.03	02:50:21.719	0.87963	0.87964			6
2025.12.03	02:50:23.408	0.87964	0.87965			6
2025.12.03	02:50:23.756	0.87963	0.87964			6
2025.12.03	02:50:25.767	0.87964	0.87965			6
2025.12.03	02:50:31.377	0.87963	0.87964			6
2025.12.03	02:50:39.274	0.87964	0.87965			6
2025.12.03	02:50:40.330	0.87963	0.87964			6
2025.12.03	02:50:44.446	0.87962	0.87963			6
2025.12.03	02:50:44.796	0.87963	0.87964			6
2025.12.03	02:50:49.641	0.87962	0.87963			6
2025.12.03	02:50:51.283	0.87963	0.87964			6
2025.12.03	02:50:52.969	0.87962	0.87963			6
2025.12.03	02:51:00.348	0.87962				2
2025.12.03	02:51:02.544	0.87963	0.87964			6
2025.12.03	02:51:03.541	0.87962	0.87963			6
2025.12.03	02:51:15.358	0.87963	0.87964			6
2025.12.03	02:51:17.370	0.87962	0.87963			6
2025.12.03	02:51:17.740	0.87963	0.87964			6
2025.12.03	02:51:20.596	0.87959	0.87960			6
2025.12.03	02:51:21.604	0.87960	0.87961			6
2025.12.03	02:51:28.108	0.87961	0.87962			6
2025.12.03	02:51:39.002	0.87960	0.87961			6
2025.12.03	02:51:40.287	0.87961	0.87962			6
2025.12.03	02:51:40.917	0.87960	0.87961			6
2025.12.03	02:51:41.302	0.87961	0.87962			6
2025.12.03	02:51:41.630	0.87960	0.87961			6
2025.12.03	02:51:42.036	0.87961	0.87962			6
2025.12.03	02:51:44.298	0.87960				2
2025.12.03	02:51:44.611	0.87961				2
2025.12.03	02:51:46.067	0.87962	0.87963			6
2025.12.03	02:51:46.819	0.87963	0.87964			6
2025.12.03	02:52:00.390	0.87963				2
2025.12.03	02:52:05.091	0.87964	0.87965			6
2025.12.03	02:52:05.442	0.87965	0.87966			6
2025.12.03	02:52:06.256	0.87964	0.87965			6
2025.12.03	02:52:07.818	0.87965	0.87966			6
2025.12.03	02:52:15.824	0.87963	0.87964			6
2025.12.03	02:52:18.291	0.87964	0.87965			6
2025.12.03	02:52:19.295	0.87963	0.87964			6
2025.12.03	02:52:19.599	0.87962				2
2025.12.03	02:52:19.906		0.87965			4
2025.12.03	02:52:21.773	0.87963	0.87964			6
2025.12.03	02:52:24.776	0.87964	0.87965			6
2025.12.03	02:52:33.218	0.87963	0.87964			6
2025.12.03	02:52:34.019	0.87964	0.87965			6
2025.12.03	02:52:34.320	0.87963	0.87964			6
2025.12.03	02:52:35.344	0.87964	0.87965			6
2025.12.03	02:52:36.420	0.87965	0.87966			6
2025.12.03	02:52:36.722	0.87964	0.87965			6
2025.12.03	02:52:37.059	0.87965	0.87966			6
2025.12.03	02:52:40.702	0.87964	0.87965			6
2025.12.03	02:52:41.917	0.87965	0.87966			6
2025.12.03	02:52:45.405	0.87964	0.87965			6
2025.12.03	02:52:45.842	0.87965	0.87966			6
2025.12.03	02:52:51.424	0.87964	0.87965			6
2025.12.03	02:53:00.649	0.87964				2
2025.12.03	02:53:02.129	0.87963	0.87964			6
2025.12.03	02:53:05.406	0.87964	0.87965			6
2025.12.03	02:53:08.035	0.87963	0.87964			6
2025.12.03	02:53:08.522	0.87964	0.87965			6
2025.12.03	02:53:11.401	0.87963	0.87964			6
2025.12.03	02:53:13.335	0.87964	0.87965			6
2025.12.03	02:53:16.508	0.87965	0.87966			6
2025.12.03	02:53:22.430	0.87966	0.87967			6
2025.12.03	02:53:23.112	0.87965	0.87966			6
2025.12.03	02:53:24.199	0.87966	0.87967			6
2025.12.03	02:53:26.564	0.87967	0.87968			6
2025.12.03	02:53:27.270	0.87966				2
2025.12.03	02:53:27.683	0.87967				2
2025.12.03	02:53:27.997	0.87966				2
2025.12.03	02:53:30.461	0.87967				2
2025.12.03	02:53:31.110	0.87966				2
2025.12.03	02:53:37.820		0.87967			4
2025.12.03	02:53:38.127		0.87968			4
2025.12.03	02:53:41.910		0.87967			4
2025.12.03	02:53:42.236		0.87968			4
2025.12.03	02:53:42.539	0.87967				2
2025.12.03	02:53:48.831		0.87970			4
2025.12.03	02:53:49.472		0.87968			4
2025.12.03	02:53:49.778	0.87966				2
2025.12.03	02:53:50.180	0.87967				2
2025.12.03	02:53:50.501	0.87966				2
2025.12.03	02:53:51.720	0.87967				2
2025.12.03	02:53:52.374	0.87966				2
2025.12.03	02:53:54.276	0.87967				2
2025.12.03	02:53:54.582	0.87968	0.87970			6
2025.12.03	02:53:55.199	0.87967	0.87969			6
2025.12.03	02:53:56.279		0.87970			4
2025.12.03	02:53:56.612	0.87968	0.87969			6
2025.12.03	02:53:56.924	0.87969	0.87970			6
2025.12.03	02:53:57.291	0.87968	0.87969			6
2025.12.03	02:53:57.837		0.87970			4
2025.12.03	02:53:58.142	0.87970	0.87971			6
2025.12.03	02:53:58.496	0.87968	0.87970			6
2025.12.03	02:53:59.545		0.87969			4
2025.12.03	02:54:00.611	0.87967				2
2025.12.03	02:54:00.918		0.87968			4
2025.12.03	02:54:15.680	0.87966	0.87967			6
2025.12.03	02:54:16.381	0.87967	0.87968			6
2025.12.03	02:54:28.401	0.87966	0.87967			6
2025.12.03	02:54:32.107	0.87964	0.87965			6
2025.12.03	02:54:32.419		0.87966			4
2025.12.03	02:54:33.100	0.87967	0.87968			6
2025.12.03	02:54:33.410	0.87966	0.87967			6
2025.12.03	02:54:38.666	0.87967	0.87968			6
2025.12.03	02:54:38.971	0.87966	0.87967			6
2025.12.03	02:54:39.596	0.87968	0.87969			6
2025.12.03	02:54:48.883	0.87970	0.87971			6
2025.12.03	02:54:49.194	0.87969	0.87970			6
2025.12.03	02:54:50.746	0.87970	0.87971			6
2025.12.03	02:54:56.938	0.87969	0.87970			6
2025.12.03	02:54:59.050	0.87968				2
2025.12.03	02:54:59.369	0.87965	0.87967			6
2025.12.03	02:55:00.000	0.87965				2
2025.12.03	02:55:00.314	0.87966	0.87968			6
2025.12.03	02:55:00.622	0.87967				2
2025.12.03	02:55:00.962	0.87966	0.87967			6
2025.12.03	02:55:01.273	0.87967	0.87968			6
2025.12.03	02:55:01.583	0.87966	0.87967			6
2025.12.03	02:55:05.462	0.87967	0.87968			6
2025.12.03	02:55:06.346		0.87969			4
2025.12.03	02:55:08.333		0.87968			4
2025.12.03	02:55:08.927	0.87968	0.87969			6
2025.12.03	02:55:10.908	0.87967	0.87970			6
2025.12.03	02:55:12.272	0.87968				2
2025.12.03	02:55:12.583	0.87969				2
2025.12.03	02:55:13.825	0.87968	0.87969			6
2025.12.03	02:55:14.242	0.87969	0.87970			6
2025.12.03	02:55:16.446	0.87970	0.87971			6
2025.12.03	02:55:16.792	0.87969				2
2025.12.03	02:55:18.448		0.87970			4
2025.12.03	02:55:19.722	0.87970	0.87971			6
2025.12.03	02:55:20.908	0.87971	0.87972			6
2025.12.03	02:55:21.588	0.87970	0.87971			6
2025.12.03	02:55:30.300	0.87971	0.87972			6
2025.12.03	02:55:30.604	0.87970	0.87971			6
2025.12.03	02:55:31.278	0.87971	0.87972			6
2025.12.03	02:55:32.488	0.87969	0.87970			6
2025.12.03	02:55:33.327	0.87970	0.87971			6
2025.12.03	02:55:33.637	0.87969	0.87970			6
2025.12.03	02:55:35.998		0.87971			4
2025.12.03	02:55:38.031		0.87970			4
2025.12.03	02:55:39.875	0.87967	0.87969			6
2025.12.03	02:55:40.179	0.87968				2
2025.12.03	02:55:42.478	0.87967				2
2025.12.03	02:55:42.793	0.87968				2
2025.12.03	02:55:45.938	0.87967				2
2025.12.03	02:55:46.247	0.87968				2
2025.12.03	02:55:46.572	0.87967				2
2025.12.03	02:55:46.880	0.87968				2
2025.12.03	02:55:48.773	0.87967	0.87970			6
2025.12.03	02:55:49.476	0.87968				2
2025.12.03	02:55:49.780		0.87969			4
2025.12.03	02:55:50.861	0.87967	0.87968			6
2025.12.03	02:55:53.189	0.87968	0.87969			6
2025.12.03	02:55:55.815	0.87967				2
2025.12.03	02:55:56.127		0.87968			4
2025.12.03	02:55:56.472		0.87969			4
2025.12.03	02:55:56.931		0.87968			4
2025.12.03	02:56:00.941	0.87967				2
2025.12.03	02:56:01.431	0.87966				2
2025.12.03	02:56:03.327	0.87967				2
2025.12.03	02:56:05.590	0.87970	0.87971			6
2025.12.03	02:56:06.262	0.87971	0.87972			6
2025.12.03	02:56:06.579	0.87970	0.87971			6
2025.12.03	02:56:13.814	0.87968	0.87969			6
2025.12.03	02:56:15.359	0.87966	0.87967			6
2025.12.03	02:56:15.694	0.87967	0.87968			6
2025.12.03	02:56:16.045	0.87968	0.87969			6
2025.12.03	02:56:16.348		0.87970			4
2025.12.03	02:56:16.704	0.87969				2
2025.12.03	02:56:17.018	0.87968	0.87969			6
2025.12.03	02:56:17.340	0.87969	0.87970			6
2025.12.03	02:56:19.619	0.87967	0.87969			6
2025.12.03	02:56:19.936	0.87968				2
2025.12.03	02:56:20.431	0.87969	0.87970			6
2025.12.03	02:56:20.834	0.87968	0.87969			6
2025.12.03	02:56:21.512		0.87970			4
2025.12.03	02:56:22.197	0.87967				2
2025.12.03	02:56:22.584	0.87968				2
2025.12.03	02:56:26.137	0.87967	0.87968			6
2025.12.03	02:56:26.588	0.87968	0.87970			6
2025.12.03	02:56:35.117	0.87970	0.87971			6
2025.12.03	02:56:40.719	0.87968	0.87969			6
2025.12.03	02:56:42.273	0.87969	0.87970			6
2025.12.03	02:56:43.860	0.87968	0.87969			6
2025.12.03	02:56:44.488	0.87967	0.87968			6
2025.12.03	02:56:44.807	0.87966				2
2025.12.03	02:56:53.107		0.87967			4
2025.12.03	02:56:56.604		0.87968			4
2025.12.03	02:57:00.387	0.87966	0.87967			6
2025.12.03	02:57:02.688	0.87964				2
2025.12.03	02:57:03.541	0.87965				2
2025.12.03	02:57:04.424	0.87966				2
2025.12.03	02:57:11.049	0.87968	0.87969			6
2025.12.03	02:57:12.625	0.87966	0.87967			6
2025.12.03	02:57:13.644		0.87968			4
2025.12.03	02:57:14.347		0.87967			4
2025.12.03	02:57:15.362	0.87964	0.87966			6
2025.12.03	02:57:16.917	0.87965				2
2025.12.03	02:57:21.976	0.87964				2
2025.12.03	02:57:28.774	0.87965				2
2025.12.03	02:57:29.082		0.87967			4
2025.12.03	02:57:29.399	0.87964	0.87966			6
2025.12.03	02:57:30.250	0.87966	0.87968			6
2025.12.03	02:57:30.558		0.87967			4
2025.12.03	02:57:31.323		0.87968			4
2025.12.03	02:57:31.828	0.87965	0.87967			6
2025.12.03	02:57:32.386	0.87966	0.87968			6
2025.12.03	02:57:33.389	0.87967	0.87969			6
2025.12.03	02:57:33.752	0.87968				2
2025.12.03	02:57:34.119		0.87970			4
2025.12.03	02:57:34.433	0.87967				2
2025.12.03	02:57:34.967	0.87968	0.87969			6
2025.12.03	02:57:35.609	0.87967				2
2025.12.03	02:57:36.376	0.87968	0.87970			6
2025.12.03	02:57:38.314	0.87969				2
2025.12.03	02:57:40.313		0.87971			4
2025.12.03	02:57:40.623		0.87970			4
2025.12.03	02:57:40.991	0.87968				2
2025.12.03	02:57:41.323		0.87969			4
2025.12.03	02:57:42.375	0.87969	0.87970			6
2025.12.03	02:57:43.414	0.87967	0.87968			6
2025.12.03	02:57:51.942		0.87969			4
2025.12.03	02:57:52.902		0.87968			4
2025.12.03	02:57:53.269	0.87968	0.87970			6
2025.12.03	02:57:53.675		0.87969			4
2025.12.03	02:57:55.392	0.87969	0.87970			6
2025.12.03	02:57:55.733	0.87968	0.87969			6
2025.12.03	02:57:56.391	0.87969	0.87970			6
2025.12.03	02:58:00.043	0.87969				2
2025.12.03	02:58:05.161	0.87970	0.87971			6
2025.12.03	02:58:05.653	0.87969				2
2025.12.03	02:58:05.978		0.87970			4
2025.12.03	02:58:06.282	0.87968	0.87969			6
2025.12.03	02:58:06.591	0.87969	0.87970			6
2025.12.03	02:58:08.371	0.87968	0.87969			6
2025.12.03	02:58:08.686	0.87969	0.87970			6
2025.12.03	02:58:11.004	0.87967	0.87969			6
2025.12.03	02:58:11.383	0.87968				2
2025.12.03	02:58:14.018	0.87969	0.87970			6
2025.12.03	02:58:31.168		0.87971			4
2025.12.03	02:58:37.172		0.87970			4
2025.12.03	02:58:45.587		0.87971			4
2025.12.03	02:58:46.942		0.87970			4
2025.12.03	02:58:47.888		0.87971			4
2025.12.03	02:58:48.537		0.87970			4
2025.12.03	02:58:57.605	0.87970	0.87971			6
2025.12.03	02:58:58.579		0.87972			4
2025.12.03	02:59:00.009	0.87970				2
2025.12.03	02:59:00.657		0.87971			4
2025.12.03	02:59:01.706	0.87969				2
2025.12.03	02:59:03.571		0.87970			4
2025.12.03	02:59:04.731	0.87970	0.87971			6
2025.12.03	02:59:08.830		0.87972			4
2025.12.03	02:59:09.525		0.87971			4
2025.12.03	02:59:09.834		0.87972			4
2025.12.03	02:59:10.176		0.87971			4
2025.12.03	02:59:17.155	0.87969				2
2025.12.03	02:59:17.562		0.87970			4
2025.12.03	02:59:23.337		0.87971			4
2025.12.03	02:59:24.106		0.87970			4
2025.12.03	02:59:33.943		0.87971			4
2025.12.03	02:59:36.815		0.87970			4
2025.12.03	02:59:37.747		0.87971			4
2025.12.03	02:59:38.467		0.87970			4
2025.12.03	02:59:41.403	0.87970	0.87971			6
2025.12.03	02:59:42.403	0.87969				2
2025.12.03	02:59:44.198		0.87970			4
2025.12.03	02:59:46.401	0.87968	0.87969			6
2025.12.03	02:59:50.046	0.87969	0.87970			6
2025.12.03	02:59:52.750	0.87968	0.87969			6
2025.12.03	03:00:00.305	0.87969	0.87970			6
2025.12.03	03:00:00.681	0.87968	0.87969			6
2025.12.03	03:00:01.368	0.87967				2
2025.12.03	03:00:06.422		0.87968			4
2025.12.03	03:00:08.176	0.87968	0.87969			6
2025.12.03	03:00:10.255	0.87967	0.87968			6
2025.12.03	03:00:18.636	0.87966	0.87969			6
2025.12.03	03:00:18.938		0.87967			4
2025.12.03	03:00:19.353	0.87968	0.87969			6
2025.12.03	03:00:20.337	0.87969	0.87970			6
2025.12.03	03:00:20.675	0.87967	0.87968			6
2025.12.03	03:00:22.593	0.87968	0.87969			6
2025.12.03	03:00:24.535	0.87967	0.87968			6
2025.12.03	03:00:26.449	0.87966	0.87967			6
2025.12.03	03:00:26.857	0.87967	0.87968			6
2025.12.03	03:00:39.712	0.87966	0.87967			6
2025.12.03	03:00:43.744	0.87965	0.87966			6
2025.12.03	03:00:44.629	0.87968	0.87969			6
2025.12.03	03:00:49.042	0.87972	0.87973			6
2025.12.03	03:00:49.373	0.87970	0.87971			6
2025.12.03	03:00:49.681	0.87971	0.87972			6
2025.12.03	03:00:59.294	0.87968	0.87969			6
2025.12.03	03:01:00.407	0.87968				2
2025.12.03	03:01:02.446	0.87966	0.87968			6
2025.12.03	03:01:02.753	0.87965				2
2025.12.03	03:01:04.279	0.87966				2
