<DATE>	<TIME>	<BID>	<ASK>	<LAST>	<VOLUME>	<FLAGS>
2025.02.05	00:00:00.193	0.83137	0.83217			6
2025.02.05	00:00:00.594	0.83113	0.83241			6
2025.02.05	00:00:01.006		0.83244			4
2025.02.05	00:00:02.219	0.83114	0.83238			6
2025.02.05	00:00:26.893	0.83038	0.83242			6
2025.02.05	00:00:27.498	0.83114	0.83239			6
2025.02.05	00:00:31.131	0.83117	0.83266			6
2025.02.05	00:00:55.616		0.83210			4
2025.02.05	00:01:02.125	0.83117	0.83214			6
2025.02.05	00:01:07.845	0.83146				2
2025.02.05	00:01:17.096		0.83270			4
2025.02.05	00:01:24.850		0.83251			4
2025.02.05	00:01:31.298		0.83255			4
2025.02.05	00:01:33.315		0.83259			4
2025.02.05	00:01:41.986		0.83257			4
2025.02.05	00:02:02.365	0.83146				2
2025.02.05	00:02:11.963	0.83126				2
2025.02.05	00:02:24.032		0.83230			4
2025.02.05	00:02:50.626	0.83143	0.83202			6
2025.02.05	00:03:02.366	0.83143				2
2025.02.05	00:03:15.903	0.83146	0.83204			6
2025.02.05	00:03:22.454	0.83142	0.83205			6
2025.02.05	00:03:28.962		0.83201			4
2025.02.05	00:03:37.142	0.83134	0.83190			6
2025.02.05	00:03:41.342	0.83140	0.83205			6
2025.02.05	00:04:00.804	0.83140				2
2025.02.05	00:04:06.807		0.83222			4
2025.02.05	00:04:15.385	0.83139				2
2025.02.05	00:04:18.284		0.83228			4
2025.02.05	00:04:32.667	0.83121	0.83168			6
2025.02.05	00:04:45.771	0.83122	0.83223			6
2025.02.05	00:04:52.928	0.83120				2
2025.02.05	00:05:06.086	0.83120	0.83206			6
2025.02.05	00:05:10.968	0.83121	0.83207			6
2025.02.05	00:05:11.317	0.83123	0.83209			6
2025.02.05	00:05:16.001	0.83125	0.83210			6
2025.02.05	00:05:19.158	0.83128	0.83213			6
2025.02.05	00:05:20.355	0.83126	0.83215			6
2025.02.05	00:05:21.026	0.83125	0.83214			6
2025.02.05	00:05:22.352		0.83213			4
2025.02.05	00:05:26.312	0.83127	0.83215			6
2025.02.05	00:05:30.361	0.83128	0.83213			6
2025.02.05	00:05:41.272	0.83127	0.83212			6
2025.02.05	00:05:42.014	0.83128	0.83213			6
2025.02.05	00:05:42.356	0.83126	0.83215			6
2025.02.05	00:05:46.729	0.83124	0.83213			6
2025.02.05	00:05:48.360		0.83212			4
2025.02.05	00:05:49.227	0.83120	0.83210			6
2025.02.05	00:05:49.731		0.83208			4
2025.02.05	00:05:50.227	0.83121	0.83212			6
2025.02.05	00:05:56.450	0.83123	0.83214			6
2025.02.05	00:06:00.372	0.83124	0.83212			6
2025.02.05	00:06:01.305	0.83123	0.83211			6
2025.02.05	00:06:04.355	0.83124				2
2025.02.05	00:06:06.462	0.83125	0.83214			6
2025.02.05	00:06:14.197	0.83127	0.83213			6
2025.02.05	00:06:16.496	0.83126	0.83212			6
2025.02.05	00:06:18.360		0.83211			4
2025.02.05	00:06:19.007	0.83125				2
2025.02.05	00:06:25.949	0.83126	0.83212			6
2025.02.05	00:06:30.626	0.83127	0.83213			6
2025.02.05	00:06:35.187	0.83126	0.83212			6
2025.02.05	00:06:45.141	0.83127	0.83213			6
2025.02.05	00:06:50.551	0.83125	0.83211			6
2025.02.05	00:06:55.859	0.83126	0.83212			6
2025.02.05	00:07:00.401	0.83125	0.83211			6
2025.02.05	00:07:04.997	0.83127	0.83213			6
2025.02.05	00:07:14.304	0.83122	0.83219			6
2025.02.05	00:07:14.641	0.83127	0.83213			6
2025.02.05	00:07:17.921	0.83126	0.83212			6
2025.02.05	00:07:18.224		0.83213			4
2025.02.05	00:07:36.450	0.83127				2
2025.02.05	00:07:48.149	0.83126	0.83211			6
2025.02.05	00:08:05.311	0.83126				2
2025.02.05	00:08:10.775	0.83125	0.83210			6
2025.02.05	00:08:15.923	0.83127	0.83212			6
2025.02.05	00:08:26.012	0.83126	0.83211			6
2025.02.05	00:08:28.485	0.83120	0.83209			6
2025.02.05	00:08:28.985		0.83211			4
2025.02.05	00:08:29.479	0.83126	0.83213			6
2025.02.05	00:08:38.517		0.83212			4
2025.02.05	00:08:40.076	0.83127	0.83213			6
2025.02.05	00:08:45.559	0.83126	0.83212			6
2025.02.05	00:09:00.311	0.83127	0.83213			6
2025.02.05	00:09:03.579	0.83120	0.83207			6
2025.02.05	00:09:04.310		0.83215			4
2025.02.05	00:09:05.003		0.83213			4
2025.02.05	00:09:09.101	0.83128	0.83215			6
2025.02.05	00:09:14.355	0.83130				2
2025.02.05	00:09:20.355	0.83132	0.83213			6
2025.02.05	00:09:29.231		0.83215			4
2025.02.05	00:09:29.557		0.83214			4
2025.02.05	00:09:38.989		0.83212			4
2025.02.05	00:09:58.363		0.83211			4
2025.02.05	00:10:00.309	0.83132	0.83207			6
2025.02.05	00:10:11.287	0.83135	0.83200			6
2025.02.05	00:10:17.632	0.83140	0.83202			6
2025.02.05	00:10:17.935	0.83136	0.83201			6
2025.02.05	00:10:18.241	0.83137				2
2025.02.05	00:10:18.845	0.83135	0.83200			6
2025.02.05	00:10:19.148	0.83137	0.83201			6
2025.02.05	00:10:19.449	0.83138	0.83200			6
2025.02.05	00:10:27.613	0.83133				2
2025.02.05	00:10:28.220	0.83136	0.83197			6
2025.02.05	00:10:28.828		0.83199			4
2025.02.05	00:10:31.853	0.83134	0.83198			6
2025.02.05	00:10:32.156	0.83128				2
2025.02.05	00:10:32.759		0.83196			4
2025.02.05	00:10:33.362	0.83126	0.83195			6
2025.02.05	00:10:33.969		0.83196			4
2025.02.05	00:10:35.177	0.83125				2
2025.02.05	00:10:36.389		0.83194			4
2025.02.05	00:10:39.412	0.83127	0.83197			6
2025.02.05	00:10:39.714	0.83129	0.83199			6
2025.02.05	00:10:40.017	0.83126	0.83196			6
2025.02.05	00:10:40.320	0.83128	0.83198			6
2025.02.05	00:10:40.622	0.83127	0.83197			6
2025.02.05	00:10:40.925	0.83126	0.83196			6
2025.02.05	00:10:41.529	0.83127	0.83197			6
2025.02.05	00:10:45.475	0.83125	0.83196			6
2025.02.05	00:10:46.118	0.83126				2
2025.02.05	00:10:46.418	0.83127	0.83197			6
2025.02.05	00:10:46.722	0.83126	0.83196			6
2025.02.05	00:10:57.963		0.83195			4
2025.02.05	00:10:58.266	0.83127	0.83197			6
2025.02.05	00:10:59.779	0.83126	0.83196			6
2025.02.05	00:11:00.080	0.83126				2
2025.02.05	00:11:03.110	0.83128	0.83222			6
2025.02.05	00:11:07.011	0.83126	0.83196			6
2025.02.05	00:11:07.947	0.83128	0.83222			6
2025.02.05	00:11:08.362		0.83217			4
2025.02.05	00:11:10.360		0.83215			4
2025.02.05	00:11:11.907	0.83127	0.83197			6
2025.02.05	00:11:12.836	0.83128	0.83215			6
2025.02.05	00:11:15.126		0.83214			4
2025.02.05	00:11:22.351		0.83213			4
2025.02.05	00:11:29.881	0.83127	0.83211			6
2025.02.05	00:11:30.182	0.83128				2
2025.02.05	00:11:30.497	0.83127	0.83213			6
2025.02.05	00:11:30.969		0.83214			4
2025.02.05	00:11:33.093	0.83128				2
2025.02.05	00:11:35.868	0.83127				2
2025.02.05	00:11:36.982		0.83208			4
2025.02.05	00:11:49.559	0.83126				2
2025.02.05	00:12:00.379	0.83126				2
2025.02.05	00:12:04.196	0.83125				2
2025.02.05	00:12:39.859		0.83208			4
2025.02.05	00:12:43.883	0.83127				2
2025.02.05	00:12:44.874	0.83126				2
2025.02.05	00:12:48.086	0.83124				2
2025.02.05	00:12:50.192	0.83125				2
2025.02.05	00:12:53.309	0.83124				2
2025.02.05	00:13:04.449	0.83124				2
2025.02.05	00:13:40.306		0.83208			4
2025.02.05	00:13:45.993	0.83123				2
2025.02.05	00:14:02.361	0.83123				2
2025.02.05	00:14:42.361		0.83208			4
2025.02.05	00:15:00.307	0.83123				2
2025.02.05	00:15:00.884	0.83124				2
2025.02.05	00:15:04.595	0.83125				2
2025.02.05	00:16:16.142	0.83134	0.83213			6
2025.02.05	00:16:28.003	0.83133	0.83207			6
2025.02.05	00:16:29.281	0.83132				2
2025.02.05	00:16:32.928	0.83130	0.83206			6
2025.02.05	00:16:43.819		0.83205			4
2025.02.05	00:16:52.351		0.83204			4
2025.02.05	00:16:54.183	0.83132	0.83210			6
2025.02.05	00:16:55.211		0.83212			4
2025.02.05	00:16:56.810		0.83211			4
2025.02.05	00:16:57.911		0.83212			4
2025.02.05	00:17:00.086	0.83132				2
2025.02.05	00:17:00.441	0.83134	0.83218			6
2025.02.05	00:17:00.744		0.83213			4
2025.02.05	00:17:05.788	0.83133				2
2025.02.05	00:17:12.439		0.83218			4
2025.02.05	00:17:12.747		0.83212			4
2025.02.05	00:17:14.362		0.83214			4
2025.02.05	00:17:19.382	0.83132				2
2025.02.05	00:17:22.355		0.83212			4
2025.02.05	00:17:22.770		0.83218			4
2025.02.05	00:17:23.111		0.83213			4
2025.02.05	00:17:24.357		0.83217			4
2025.02.05	00:17:25.097		0.83218			4
2025.02.05	00:17:25.434		0.83217			4
2025.02.05	00:17:27.965	0.83131				2
2025.02.05	00:17:34.364		0.83214			4
2025.02.05	00:17:41.437	0.83129				2
2025.02.05	00:17:46.353		0.83212			4
2025.02.05	00:17:50.036	0.83130				2
2025.02.05	00:17:51.219		0.83214			4
2025.02.05	00:17:53.100		0.83217			4
2025.02.05	00:17:53.784	0.83131				2
2025.02.05	00:17:54.356		0.83222			4
2025.02.05	00:17:57.512	0.83132				2
2025.02.05	00:18:00.086	0.83132				2
2025.02.05	00:18:04.354		0.83217			4
2025.02.05	00:18:06.052		0.83216			4
2025.02.05	00:18:11.290		0.83218			4
2025.02.05	00:18:15.965		0.83217			4
2025.02.05	00:18:21.009		0.83216			4
2025.02.05	00:18:25.587	0.83131				2
2025.02.05	00:18:26.314		0.83218			4
2025.02.05	00:18:28.261		0.83211			4
2025.02.05	00:18:28.798	0.83132	0.83218			6
2025.02.05	00:18:29.264		0.83220			4
2025.02.05	00:18:38.801	0.83131				2
2025.02.05	00:18:40.362		0.83216			4
2025.02.05	00:18:45.129		0.83217			4
2025.02.05	00:18:49.846		0.83219			4
2025.02.05	00:19:00.451	0.83131	0.83217			6
2025.02.05	00:19:03.418	0.83130				2
2025.02.05	00:19:07.701	0.83128				2
2025.02.05	00:19:12.624		0.83220			4
2025.02.05	00:19:13.618		0.83217			4
2025.02.05	00:19:38.835		0.83219			4
2025.02.05	00:20:03.387	0.83128				2
2025.02.05	00:20:24.662		0.83220			4
2025.02.05	00:20:56.324	0.83132				2
2025.02.05	00:20:58.569	0.83130				2
2025.02.05	00:21:00.803	0.83130				2
2025.02.05	00:21:24.696		0.83218			4
2025.02.05	00:21:26.732		0.83220			4
2025.02.05	00:21:32.098		0.83218			4
2025.02.05	00:21:34.585	0.83131				2
2025.02.05	00:21:41.556		0.83219			4
2025.02.05	00:22:04.922	0.83131				2
2025.02.05	00:22:36.402	0.83132				2
2025.02.05	00:22:42.367		0.83219			4
2025.02.05	00:23:01.585	0.83133				2
2025.02.05	00:23:02.099	0.83132				2
2025.02.05	00:23:12.087	0.83133				2
2025.02.05	00:23:15.691		0.83221			4
2025.02.05	00:23:16.692	0.83132				2
2025.02.05	00:23:18.931	0.83131				2
2025.02.05	00:23:34.940		0.83219			4
2025.02.05	00:23:36.983	0.83130				2
2025.02.05	00:24:00.085	0.83131				2
2025.02.05	00:24:38.198	0.83128	0.83219			6
2025.02.05	00:24:39.538	0.83129				2
2025.02.05	00:24:50.142	0.83127				2
2025.02.05	00:24:55.384	0.83129				2
2025.02.05	00:24:56.713		0.83220			4
2025.02.05	00:24:57.573		0.83219			4
2025.02.05	00:25:00.320	0.83129	0.83221			6
2025.02.05	00:25:30.042	0.83126				2
2025.02.05	00:25:48.904	0.83127				2
2025.02.05	00:25:54.384	0.83126				2
2025.02.05	00:25:57.960	0.83127	0.83223			6
2025.02.05	00:25:59.488	0.83128				2
2025.02.05	00:26:00.000	0.83128				2
2025.02.05	00:26:01.885	0.83127				2
2025.02.05	00:26:02.873	0.83128				2
2025.02.05	00:26:03.431	0.83127	0.83219			6
2025.02.05	00:26:03.847	0.83126				2
2025.02.05	00:26:04.887	0.83127				2
2025.02.05	00:26:07.583	0.83129				2
2025.02.05	00:26:10.886	0.83131	0.83221			6
2025.02.05	00:26:11.205	0.83133				2
2025.02.05	00:26:13.428	0.83134				2
2025.02.05	00:26:17.351	0.83135				2
2025.02.05	00:26:19.287	0.83136				2
2025.02.05	00:26:19.976	0.83133				2
2025.02.05	00:26:21.314	0.83131				2
2025.02.05	00:26:48.359	0.83130	0.83214			6
2025.02.05	00:27:00.808	0.83130				2
2025.02.05	00:27:23.336	0.83133				2
2025.02.05	00:27:41.410	0.83132				2
2025.02.05	00:27:48.362		0.83214			4
2025.02.05	00:28:00.812	0.83132				2
2025.02.05	00:28:49.432		0.83214			4
2025.02.05	00:29:00.805	0.83132				2
2025.02.05	00:29:01.492		0.83220			4
2025.02.05	00:29:21.096	0.83135				2
2025.02.05	00:29:22.292	0.83136				2
2025.02.05	00:29:25.099	0.83134	0.83212			6
2025.02.05	00:29:55.007	0.83136	0.83208			6
2025.02.05	00:30:00.386	0.83135				2
2025.02.05	00:30:04.801	0.83136				2
2025.02.05	00:30:10.805	0.83129	0.83207			6
2025.02.05	00:30:17.754	0.83135	0.83206			6
2025.02.05	00:30:22.084	0.83134	0.83211			6
2025.02.05	00:30:24.505	0.83136	0.83206			6
2025.02.05	00:30:44.788	0.83135				2
2025.02.05	00:31:00.756	0.83135				2
2025.02.05	00:31:22.116	0.83136				2
2025.02.05	00:31:24.635		0.83206			4
2025.02.05	00:31:34.380	0.83129	0.83191			6
2025.02.05	00:31:41.477	0.83135	0.83206			6
2025.02.05	00:31:55.887	0.83136				2
2025.02.05	00:31:59.563	0.83138				2
2025.02.05	00:32:00.568	0.83136				2
2025.02.05	00:32:15.259	0.83135				2
2025.02.05	00:32:15.605	0.83136				2
2025.02.05	00:32:29.626	0.83135				2
2025.02.05	00:32:42.357		0.83206			4
2025.02.05	00:32:48.587	0.83137	0.83218			6
2025.02.05	00:32:49.808	0.83136				2
2025.02.05	00:32:53.111		0.83211			4
2025.02.05	00:33:00.545	0.83136				2
2025.02.05	00:33:01.133	0.83137	0.83208			6
2025.02.05	00:35:02.808	0.83144	0.83207			6
2025.02.05	00:35:05.731	0.83143				2
2025.02.05	00:35:07.028	0.83140				2
2025.02.05	00:35:15.061	0.83133	0.83205			6
2025.02.05	00:35:27.629	0.83134	0.83204			6
2025.02.05	00:35:31.040	0.83133	0.83205			6
2025.02.05	00:35:41.519	0.83128	0.83207			6
2025.02.05	00:35:41.925	0.83130				2
2025.02.05	00:35:42.814	0.83128				2
2025.02.05	00:35:43.388	0.83133	0.83205			6
2025.02.05	00:35:43.803	0.83135	0.83202			6
2025.02.05	00:35:45.193	0.83136				2
2025.02.05	00:35:46.432	0.83130	0.83207			6
2025.02.05	00:35:47.111	0.83136	0.83202			6
2025.02.05	00:35:51.174	0.83132	0.83206			6
2025.02.05	00:35:53.791	0.83136	0.83202			6
2025.02.05	00:35:54.165	0.83134	0.83204			6
2025.02.05	00:35:56.022	0.83128	0.83207			6
2025.02.05	00:36:00.665	0.83135	0.83203			6
2025.02.05	00:36:03.087	0.83136	0.83202			6
2025.02.05	00:36:04.340	0.83128	0.83206			6
2025.02.05	00:36:05.548	0.83125				2
2025.02.05	00:36:10.558		0.83205			4
2025.02.05	00:36:11.826	0.83128				2
2025.02.05	00:36:26.144	0.83126				2
2025.02.05	00:36:31.235	0.83125				2
2025.02.05	00:37:00.809	0.83125				2
2025.02.05	00:37:10.317	0.83128				2
2025.02.05	00:37:11.246		0.83205			4
2025.02.05	00:37:17.200	0.83129				2
2025.02.05	00:37:18.199	0.83128				2
2025.02.05	00:37:22.801	0.83126	0.83214			6
2025.02.05	00:37:28.048		0.83209			4
2025.02.05	00:37:28.523	0.83125				2
2025.02.05	00:37:30.394	0.83126	0.83206			6
2025.02.05	00:37:31.075	0.83129				2
2025.02.05	00:37:32.880	0.83126				2
2025.02.05	00:37:34.882	0.83125	0.83217			6
2025.02.05	00:37:39.464		0.83206			4
2025.02.05	00:37:46.348	0.83124				2
2025.02.05	00:38:00.439	0.83124				2
2025.02.05	00:38:07.889	0.83125				2
2025.02.05	00:38:29.957		0.83201			4
2025.02.05	00:38:37.222	0.83127				2
2025.02.05	00:38:38.996	0.83128	0.83203			6
2025.02.05	00:38:39.415	0.83129				2
2025.02.05	00:38:40.070	0.83130				2
2025.02.05	00:38:41.873	0.83129				2
2025.02.05	00:38:42.794	0.83130				2
2025.02.05	00:38:43.530	0.83131				2
2025.02.05	00:38:44.355	0.83132				2
2025.02.05	00:38:48.230	0.83130				2
2025.02.05	00:38:50.360	0.83132				2
2025.02.05	00:38:52.138	0.83126	0.83178			6
2025.02.05	00:38:52.460	0.83125	0.83181			6
2025.02.05	00:38:52.795		0.83184			4
2025.02.05	00:38:53.740		0.83185			4
2025.02.05	00:38:54.591		0.83180			4
2025.02.05	00:38:55.260		0.83179			4
2025.02.05	00:38:56.358		0.83182			4
2025.02.05	00:39:00.108	0.83125	0.83181			6
2025.02.05	00:39:00.755		0.83179			4
2025.02.05	00:39:01.110		0.83178			4
2025.02.05	00:39:04.738		0.83176			4
2025.02.05	00:39:11.579		0.83175			4
2025.02.05	00:39:14.778	0.83126	0.83178			6
2025.02.05	00:39:40.683	0.83125	0.83188			6
2025.02.05	00:39:40.989		0.83190			4
2025.02.05	00:39:41.720		0.83187			4
2025.02.05	00:39:42.054		0.83186			4
2025.02.05	00:39:43.029		0.83185			4
2025.02.05	00:39:45.296		0.83184			4
2025.02.05	00:39:46.560		0.83183			4
2025.02.05	00:39:47.781		0.83182			4
2025.02.05	00:39:49.286		0.83181			4
2025.02.05	00:39:49.896		0.83178			4
2025.02.05	00:39:55.681		0.83176			4
2025.02.05	00:39:58.726		0.83175			4
2025.02.05	00:40:01.886	0.83125				2
2025.02.05	00:40:02.565		0.83176			4
2025.02.05	00:40:03.076		0.83173			4
2025.02.05	00:40:03.578		0.83184			4
2025.02.05	00:40:03.884		0.83181			4
2025.02.05	00:40:04.234		0.83182			4
2025.02.05	00:40:04.673		0.83181			4
2025.02.05	00:40:05.524		0.83182			4
2025.02.05	00:40:12.203		0.83183			4
2025.02.05	00:40:13.104		0.83182			4
2025.02.05	00:40:13.566		0.83176			4
2025.02.05	00:40:13.925		0.83174			4
2025.02.05	00:40:15.566		0.83179			4
2025.02.05	00:40:19.701		0.83180			4
2025.02.05	00:40:20.195		0.83181			4
2025.02.05	00:40:23.687		0.83180			4
2025.02.05	00:40:25.097		0.83187			4
2025.02.05	00:40:29.788		0.83186			4
2025.02.05	00:40:30.686		0.83181			4
2025.02.05	00:40:32.605		0.83180			4
2025.02.05	00:40:34.283		0.83179			4
2025.02.05	00:40:40.360		0.83180			4
2025.02.05	00:40:47.638		0.83182			4
2025.02.05	00:40:48.713		0.83183			4
2025.02.05	00:40:55.047		0.83184			4
2025.02.05	00:41:03.004	0.83125	0.83181			6
2025.02.05	00:41:03.302		0.83182			4
2025.02.05	00:41:06.670		0.83183			4
2025.02.05	00:41:10.286		0.83182			4
2025.02.05	00:41:12.438		0.83188			4
2025.02.05	00:41:15.318	0.83124	0.83177			6
2025.02.05	00:41:16.729		0.83176			4
2025.02.05	00:41:20.488		0.83177			4
2025.02.05	00:41:21.953	0.83123	0.83181			6
2025.02.05	00:41:27.825		0.83183			4
2025.02.05	00:41:32.294	0.83119	0.83190			6
2025.02.05	00:41:34.885		0.83182			4
2025.02.05	00:41:47.982		0.83190			4
2025.02.05	00:41:48.307		0.83194			4
2025.02.05	00:42:00.401	0.83119				2
2025.02.05	00:42:13.267	0.83120				2
2025.02.05	00:42:13.997	0.83124				2
2025.02.05	00:42:14.540	0.83127				2
2025.02.05	00:42:20.485	0.83128				2
2025.02.05	00:42:32.201	0.83130				2
2025.02.05	00:42:35.521	0.83132				2
2025.02.05	00:42:36.607	0.83134				2
2025.02.05	00:42:37.765	0.83136				2
2025.02.05	00:42:43.625	0.83135				2
2025.02.05	00:42:44.879	0.83137				2
2025.02.05	00:42:48.352		0.83194			4
2025.02.05	00:42:53.463	0.83138				2
2025.02.05	00:42:55.117	0.83140				2
2025.02.05	00:42:56.613	0.83139				2
2025.02.05	00:42:58.884	0.83140				2
2025.02.05	00:42:59.617	0.83139				2
2025.02.05	00:43:00.260	0.83139				2
2025.02.05	00:43:03.793	0.83128				2
2025.02.05	00:43:04.136	0.83122	0.83192			6
2025.02.05	00:43:05.650	0.83121				2
2025.02.05	00:43:06.145	0.83120				2
2025.02.05	00:43:06.796	0.83119				2
2025.02.05	00:43:19.729	0.83118				2
2025.02.05	00:43:23.188	0.83119				2
2025.02.05	00:43:23.710	0.83118				2
2025.02.05	00:43:28.019	0.83120				2
2025.02.05	00:43:30.370	0.83119				2
2025.02.05	00:43:32.854	0.83118				2
2025.02.05	00:43:35.932	0.83119				2
2025.02.05	00:43:37.182	0.83120				2
2025.02.05	00:43:42.387	0.83119				2
2025.02.05	00:43:53.409	0.83118				2
2025.02.05	00:44:00.737	0.83118				2
2025.02.05	00:44:04.160		0.83192			4
2025.02.05	00:45:00.050	0.83118				2
2025.02.05	00:45:02.133	0.83113	0.83173			6
2025.02.05	00:45:03.970	0.83118	0.83192			6
2025.02.05	00:45:07.990	0.83130	0.83180			6
2025.02.05	00:45:20.475	0.83129				2
2025.02.05	00:45:29.765		0.83220			4
2025.02.05	00:45:38.586	0.83130				2
2025.02.05	00:45:41.090	0.83129				2
2025.02.05	00:45:44.167	0.83131				2
2025.02.05	00:45:45.777	0.83132				2
2025.02.05	00:45:49.291	0.83134				2
2025.02.05	00:45:49.842		0.83208			4
2025.02.05	00:45:51.634		0.83206			4
2025.02.05	00:45:52.899	0.83135				2
2025.02.05	00:46:00.806	0.83135				2
2025.02.05	00:46:40.285	0.83134				2
2025.02.05	00:46:42.902	0.83135				2
2025.02.05	00:46:44.303		0.83208			4
2025.02.05	00:47:00.387	0.83135				2
2025.02.05	00:47:02.142	0.83130	0.83166			6
2025.02.05	00:47:03.975	0.83135	0.83208			6
2025.02.05	00:47:13.510	0.83136				2
2025.02.05	00:47:23.556		0.83205			4
2025.02.05	00:47:45.386	0.83137				2
2025.02.05	00:47:47.789	0.83136				2
2025.02.05	00:47:58.528	0.83137	0.83199			6
2025.02.05	00:48:01.292	0.83136				2
2025.02.05	00:48:04.099	0.83138				2
2025.02.05	00:48:04.604	0.83137				2
2025.02.05	00:48:07.463	0.83138				2
2025.02.05	00:48:16.201	0.83139				2
2025.02.05	00:48:19.288	0.83140				2
2025.02.05	00:48:27.192		0.83192			4
2025.02.05	00:48:27.756	0.83139	0.83193			6
2025.02.05	00:48:29.012		0.83192			4
2025.02.05	00:48:30.086	0.83140				2
2025.02.05	00:48:31.139	0.83139				2
2025.02.05	00:48:35.681		0.83193			4
2025.02.05	00:48:40.586		0.83192			4
2025.02.05	00:48:45.387		0.83193			4
2025.02.05	00:48:50.771		0.83192			4
2025.02.05	00:49:00.204	0.83139				2
2025.02.05	00:49:00.807	0.83147	0.83184			6
2025.02.05	00:49:01.123	0.83149	0.83182			6
2025.02.05	00:49:02.825	0.83151	0.83181			6
2025.02.05	00:49:04.188	0.83152	0.83180			6
2025.02.05	00:49:04.618	0.83151				2
2025.02.05	00:49:05.853	0.83152				2
2025.02.05	00:49:18.022	0.83153	0.83179			6
2025.02.05	00:49:20.787	0.83152				2
2025.02.05	00:49:29.658	0.83153				2
2025.02.05	00:49:40.793	0.83151	0.83181			6
2025.02.05	00:49:42.087	0.83152	0.83180			6
2025.02.05	00:49:46.354	0.83153	0.83178			6
2025.02.05	00:49:48.386	0.83154				2
2025.02.05	00:50:00.805	0.83154				2
2025.02.05	00:50:01.707		0.83177			4
2025.02.05	00:50:04.290	0.83155				2
2025.02.05	00:50:05.828		0.83184			4
2025.02.05	00:50:14.751		0.83174			4
2025.02.05	00:50:41.928	0.83156	0.83173			6
2025.02.05	00:50:43.287	0.83155	0.83174			6
2025.02.05	00:50:45.820	0.83156	0.83173			6
2025.02.05	00:50:46.857	0.83149	0.83171			6
2025.02.05	00:50:48.387	0.83148				2
2025.02.05	00:50:49.378	0.83149				2
2025.02.05	00:50:50.807	0.83150	0.83170			6
2025.02.05	00:51:00.204	0.83155	0.83174			6
2025.02.05	00:51:00.588	0.83156				2
2025.02.05	00:51:01.553		0.83173			4
2025.02.05	00:51:13.896	0.83157	0.83174			6
2025.02.05	00:51:19.175		0.83175			4
2025.02.05	00:51:20.661		0.83174			4
2025.02.05	00:51:22.889	0.83158				2
2025.02.05	00:51:30.814	0.83157				2
2025.02.05	00:51:39.987	0.83158				2
2025.02.05	00:51:44.789	0.83156	0.83173			6
2025.02.05	00:51:56.153		0.83172			4
2025.02.05	00:51:58.700		0.83173			4
2025.02.05	00:52:00.808	0.83156				2
2025.02.05	00:52:03.087		0.83172			4
2025.02.05	00:52:03.788	0.83157	0.83173			6
2025.02.05	00:52:13.219	0.83160	0.83185			6
2025.02.05	00:52:15.980	0.83161				2
2025.02.05	00:52:17.186	0.83162				2
2025.02.05	00:52:18.388	0.83161	0.83186			6
2025.02.05	00:52:18.799	0.83162	0.83185			6
2025.02.05	00:52:21.388	0.83161				2
2025.02.05	00:52:36.441	0.83160	0.83186			6
2025.02.05	00:52:39.085	0.83161				2
2025.02.05	00:52:47.289	0.83162	0.83185			6
2025.02.05	00:52:49.375	0.83160	0.83186			6
2025.02.05	00:52:50.633	0.83161	0.83185			6
2025.02.05	00:52:58.704	0.83163	0.83183			6
2025.02.05	00:53:00.230	0.83163	0.83200			6
2025.02.05	00:53:01.586	0.83162				2
2025.02.05	00:53:02.688	0.83163	0.83198			6
2025.02.05	00:53:03.061	0.83164	0.83197			6
2025.02.05	00:53:07.891	0.83165				2
2025.02.05	00:53:08.869	0.83168	0.83193			6
2025.02.05	00:53:09.303	0.83169	0.83192			6
2025.02.05	00:53:10.213		0.83193			4
2025.02.05	00:53:12.386	0.83168	0.83192			6
2025.02.05	00:53:13.780		0.83193			4
2025.02.05	00:53:15.385	0.83167				2
2025.02.05	00:53:18.577		0.83194			4
2025.02.05	00:53:19.061	0.83166				2
2025.02.05	00:53:19.652	0.83167	0.83198			6
2025.02.05	00:53:21.373		0.83197			4
2025.02.05	00:53:21.830		0.83199			4
2025.02.05	00:53:23.525	0.83169	0.83197			6
2025.02.05	00:53:24.693	0.83168	0.83198			6
2025.02.05	00:53:26.036	0.83169				2
2025.02.05	00:53:31.104	0.83168				2
2025.02.05	00:53:33.388		0.83199			4
2025.02.05	00:53:35.393	0.83169	0.83198			6
2025.02.05	00:53:35.717		0.83199			4
2025.02.05	00:53:37.606	0.83168	0.83203			6
2025.02.05	00:53:39.878	0.83169	0.83202			6
2025.02.05	00:53:45.585	0.83170	0.83201			6
2025.02.05	00:53:47.191		0.83202			4
2025.02.05	00:53:53.569	0.83165	0.83206			6
2025.02.05	00:53:54.097	0.83164				2
2025.02.05	00:54:00.248	0.83164				2
2025.02.05	00:54:01.510	0.83163				2
2025.02.05	00:54:08.547	0.83162				2
2025.02.05	00:54:18.229	0.83163				2
2025.02.05	00:54:27.138		0.83202			4
2025.02.05	00:54:27.685	0.83162				2
2025.02.05	00:54:34.488	0.83163				2
2025.02.05	00:54:35.016	0.83162				2
2025.02.05	00:54:36.623	0.83161				2
2025.02.05	00:54:39.067	0.83162				2
2025.02.05	00:54:51.628	0.83161				2
2025.02.05	00:54:55.587	0.83160				2
2025.02.05	00:54:56.819	0.83161				2
2025.02.05	00:54:58.818		0.83206			4
2025.02.05	00:54:59.135	0.83160	0.83196			6
2025.02.05	00:55:00.159	0.83160				2
2025.02.05	00:55:02.193	0.83159	0.83202			6
2025.02.05	00:55:07.239	0.83158				2
2025.02.05	00:55:07.621	0.83160	0.83206			6
2025.02.05	00:55:08.653	0.83163	0.83203			6
2025.02.05	00:55:10.921	0.83171	0.83197			6
2025.02.05	00:55:19.561	0.83167	0.83200			6
2025.02.05	00:55:20.659	0.83166	0.83201			6
2025.02.05	00:55:21.005	0.83167	0.83200			6
2025.02.05	00:55:27.208	0.83166	0.83201			6
2025.02.05	00:55:33.914		0.83202			4
2025.02.05	00:55:34.226		0.83201			4
2025.02.05	00:55:34.666	0.83165	0.83203			6
2025.02.05	00:55:35.479	0.83164				2
2025.02.05	00:55:40.848		0.83202			4
2025.02.05	00:55:41.490	0.83165				2
2025.02.05	00:55:42.879	0.83164				2
2025.02.05	00:55:45.067	0.83165	0.83196			6
2025.02.05	00:55:46.341	0.83167				2
2025.02.05	00:55:46.643	0.83169				2
2025.02.05	00:55:47.847	0.83171	0.83202			6
2025.02.05	00:55:48.276	0.83170				2
2025.02.05	00:55:49.357	0.83169	0.83205			6
2025.02.05	00:55:50.001	0.83166	0.83208			6
2025.02.05	00:55:50.353		0.83209			4
2025.02.05	00:55:51.786	0.83159	0.83211			6
2025.02.05	00:55:52.809	0.83156				2
2025.02.05	00:55:53.351	0.83152	0.83197			6
2025.02.05	00:55:53.779	0.83150				2
2025.02.05	00:55:58.385	0.83149				2
2025.02.05	00:56:00.391	0.83148				2
2025.02.05	00:56:02.633		0.83198			4
2025.02.05	00:56:03.690	0.83147				2
2025.02.05	00:56:05.799	0.83146				2
2025.02.05	00:56:07.830	0.83147				2
2025.02.05	00:56:14.067	0.83151	0.83193			6
2025.02.05	00:56:14.383	0.83150				2
2025.02.05	00:56:15.358	0.83151				2
2025.02.05	00:56:16.410	0.83150				2
2025.02.05	00:56:17.969	0.83149				2
2025.02.05	00:56:23.822	0.83148				2
2025.02.05	00:56:24.230	0.83147				2
2025.02.05	00:56:25.885	0.83146				2
2025.02.05	00:56:35.712	0.83147				2
2025.02.05	00:56:37.519	0.83149				2
2025.02.05	00:56:39.063	0.83146				2
2025.02.05	00:56:39.724	0.83145				2
2025.02.05	00:56:43.211	0.83144				2
2025.02.05	00:56:43.720	0.83143				2
2025.02.05	00:56:50.746	0.83145				2
2025.02.05	00:56:54.086	0.83146				2
2025.02.05	00:56:54.676	0.83143				2
2025.02.05	00:56:55.286	0.83145				2
2025.02.05	00:56:57.111	0.83142				2
2025.02.05	00:56:59.281	0.83144				2
2025.02.05	00:57:00.398	0.83144				2
2025.02.05	00:57:00.809	0.83148				2
2025.02.05	00:57:01.172	0.83158	0.83196			6
2025.02.05	00:57:01.483	0.83159	0.83198			6
2025.02.05	00:57:02.376	0.83161	0.83196			6
2025.02.05	00:57:03.397	0.83162	0.83194			6
2025.02.05	00:57:07.935	0.83168				2
2025.02.05	00:57:10.289	0.83169	0.83196			6
2025.02.05	00:57:11.870	0.83168	0.83194			6
2025.02.05	00:57:21.018	0.83167				2
2025.02.05	00:57:22.057		0.83195			4
2025.02.05	00:57:28.545	0.83166	0.83196			6
2025.02.05	00:57:30.097		0.83200			4
2025.02.05	00:57:30.439		0.83203			4
2025.02.05	00:57:31.297		0.83211			4
2025.02.05	00:57:31.688		0.83212			4
2025.02.05	00:57:32.521		0.83213			4
2025.02.05	00:57:34.404	0.83170	0.83199			6
2025.02.05	00:57:45.810	0.83171				2
2025.02.05	00:57:49.503	0.83170				2
2025.02.05	00:57:50.512	0.83169				2
2025.02.05	00:58:00.574	0.83169				2
2025.02.05	00:58:09.613	0.83168				2
2025.02.05	00:58:15.387	0.83169				2
2025.02.05	00:58:25.581	0.83167				2
2025.02.05	00:58:37.701		0.83199			4
2025.02.05	00:58:47.126		0.83198			4
2025.02.05	00:58:55.691		0.83184			4
2025.02.05	00:58:55.995	0.83165	0.83185			6
2025.02.05	00:58:56.320	0.83166				2
2025.02.05	00:59:00.573	0.83166				2
2025.02.05	00:59:01.572	0.83165				2
2025.02.05	00:59:06.607		0.83186			4
2025.02.05	00:59:11.962	0.83160				2
2025.02.05	00:59:12.590	0.83158				2
2025.02.05	00:59:12.965	0.83156				2
2025.02.05	00:59:14.367	0.83155				2
2025.02.05	00:59:16.077	0.83153				2
2025.02.05	00:59:18.040	0.83152				2
2025.02.05	00:59:21.544	0.83150				2
2025.02.05	00:59:22.683	0.83149				2
2025.02.05	00:59:23.056	0.83148				2
2025.02.05	00:59:23.465	0.83146				2
2025.02.05	00:59:24.116	0.83144				2
2025.02.05	00:59:25.808	0.83142				2
2025.02.05	00:59:27.817	0.83143				2
2025.02.05	00:59:29.052	0.83142				2
2025.02.05	00:59:29.486	0.83141				2
2025.02.05	00:59:30.058	0.83139				2
2025.02.05	00:59:35.553	0.83136				2
2025.02.05	00:59:39.539	0.83138				2
2025.02.05	00:59:40.539	0.83139				2
2025.02.05	00:59:41.359		0.83187			4
2025.02.05	00:59:43.546	0.83140				2
2025.02.05	00:59:44.815	0.83143				2
2025.02.05	00:59:53.004	0.83144				2
2025.02.05	00:59:53.659	0.83143				2
2025.02.05	00:59:58.537		0.83188			4
2025.02.05	01:00:00.308	0.83147	0.83192			6
2025.02.05	01:00:00.625	0.83155				2
2025.02.05	01:00:00.939	0.83156				2
2025.02.05	01:00:01.275	0.83152				2
2025.02.05	01:00:01.630	0.83148	0.83202			6
2025.02.05	01:00:01.943	0.83149	0.83201			6
2025.02.05	01:00:02.251		0.83202			4
2025.02.05	01:00:02.577	0.83150				2
2025.02.05	01:00:02.913	0.83155				2
2025.02.05	01:00:03.266	0.83156	0.83183			6
2025.02.05	01:00:03.570	0.83152	0.83184			6
2025.02.05	01:00:04.521	0.83150	0.83182			6
2025.02.05	01:00:05.430	0.83160	0.83191			6
2025.02.05	01:00:06.086	0.83161	0.83193			6
2025.02.05	01:00:06.403	0.83164	0.83205			6
2025.02.05	01:00:06.707		0.83218			4
2025.02.05	01:00:07.216	0.83162				2
2025.02.05	01:00:07.648	0.83161				2
2025.02.05	01:00:08.015	0.83160				2
2025.02.05	01:00:08.758	0.83159	0.83211			6
2025.02.05	01:00:09.546	0.83157				2
2025.02.05	01:00:10.290		0.83190			4
2025.02.05	01:00:10.638	0.83156				2
2025.02.05	01:00:11.213		0.83194			4
2025.02.05	01:00:11.785	0.83157				2
2025.02.05	01:00:12.387		0.83190			4
2025.02.05	01:00:13.385		0.83176			4
2025.02.05	01:00:14.324		0.83190			4
2025.02.05	01:00:14.787	0.83156				2
2025.02.05	01:00:15.596	0.83155	0.83173			6
2025.02.05	01:00:15.913	0.83158	0.83189			6
2025.02.05	01:00:16.742	0.83156				2
2025.02.05	01:00:17.050	0.83155				2
2025.02.05	01:00:17.375		0.83173			4
2025.02.05	01:00:18.266		0.83172			4
2025.02.05	01:00:19.248	0.83154				2
2025.02.05	01:00:19.785	0.83153	0.83170			6
2025.02.05	01:00:20.810	0.83155	0.83171			6
2025.02.05	01:00:21.216	0.83156	0.83170			6
2025.02.05	01:00:21.629	0.83155	0.83171			6
2025.02.05	01:00:22.201	0.83154	0.83189			6
2025.02.05	01:00:23.370		0.83172			4
2025.02.05	01:00:23.815	0.83153	0.83171			6
2025.02.05	01:00:24.540	0.83154				2
2025.02.05	01:00:26.554	0.83153	0.83178			6
2025.02.05	01:00:27.069	0.83149	0.83173			6
2025.02.05	01:00:30.393	0.83148	0.83165			6
2025.02.05	01:00:30.703	0.83152	0.83169			6
2025.02.05	01:00:31.042		0.83176			4
2025.02.05	01:00:32.361	0.83153	0.83177			6
2025.02.05	01:00:32.725	0.83155	0.83179			6
2025.02.05	01:00:33.087	0.83154	0.83178			6
2025.02.05	01:00:33.521		0.83171			4
2025.02.05	01:00:34.587		0.83178			4
2025.02.05	01:00:34.899	0.83153	0.83179			6
2025.02.05	01:00:35.203		0.83175			4
2025.02.05	01:00:39.707		0.83174			4
2025.02.05	01:00:41.786	0.83150	0.83168			6
2025.02.05	01:00:42.424		0.83169			4
2025.02.05	01:00:42.758		0.83168			4
2025.02.05	01:00:43.068	0.83147	0.83165			6
2025.02.05	01:00:44.346	0.83149				2
2025.02.05	01:00:46.402	0.83147	0.83164			6
2025.02.05	01:00:47.714		0.83163			4
2025.02.05	01:00:48.748	0.83145				2
2025.02.05	01:00:49.139		0.83165			4
2025.02.05	01:00:49.800		0.83164			4
2025.02.05	01:00:50.319		0.83163			4
2025.02.05	01:00:50.807		0.83165			4
2025.02.05	01:00:53.764	0.83147				2
2025.02.05	01:00:54.188	0.83146				2
2025.02.05	01:00:54.597	0.83145	0.83162			6
2025.02.05	01:00:55.621	0.83149	0.83165			6
2025.02.05	01:00:57.568	0.83147	0.83163			6
2025.02.05	01:00:58.181	0.83145	0.83162			6
2025.02.05	01:01:00.750	0.83145	0.83161			6
2025.02.05	01:01:01.220		0.83164			4
2025.02.05	01:01:06.791	0.83146	0.83162			6
2025.02.05	01:01:09.088	0.83145				2
2025.02.05	01:01:14.464	0.83147	0.83164			6
2025.02.05	01:01:15.067		0.83163			4
2025.02.05	01:01:18.399		0.83162			4
2025.02.05	01:01:20.297		0.83163			4
2025.02.05	01:01:20.804		0.83164			4
2025.02.05	01:01:21.232		0.83163			4
2025.02.05	01:01:26.245		0.83165			4
2025.02.05	01:01:26.778		0.83164			4
2025.02.05	01:01:36.558		0.83162			4
2025.02.05	01:01:37.060		0.83161			4
2025.02.05	01:01:46.298		0.83159			4
2025.02.05	01:01:48.388		0.83158			4
2025.02.05	01:01:49.094	0.83145	0.83160			6
2025.02.05	01:01:49.491		0.83161			4
2025.02.05	01:01:50.501		0.83162			4
2025.02.05	01:01:56.040	0.83147	0.83163			6
2025.02.05	01:01:57.341	0.83146	0.83161			6
2025.02.05	01:01:58.887	0.83145				2
2025.02.05	01:02:00.422	0.83145	0.83159			6
2025.02.05	01:02:04.118	0.83148	0.83163			6
2025.02.05	01:02:06.571		0.83162			4
2025.02.05	01:02:08.635	0.83146	0.83158			6
2025.02.05	01:02:09.588	0.83150	0.83160			6
2025.02.05	01:02:09.941	0.83148				2
2025.02.05	01:02:12.178		0.83159			4
2025.02.05	01:02:12.489	0.83147	0.83158			6
2025.02.05	01:02:12.988	0.83146				2
2025.02.05	01:02:13.769		0.83159			4
2025.02.05	01:02:17.646	0.83145	0.83160			6
2025.02.05	01:02:17.962		0.83159			4
2025.02.05	01:02:24.250		0.83157			4
2025.02.05	01:02:33.329	0.83147	0.83159			6
2025.02.05	01:02:36.988	0.83148	0.83161			6
2025.02.05	01:02:39.986	0.83149				2
2025.02.05	01:02:41.122		0.83160			4
2025.02.05	01:02:43.090	0.83151	0.83164			6
2025.02.05	01:02:43.592	0.83152				2
2025.02.05	01:02:44.397		0.83163			4
2025.02.05	01:02:47.892	0.83150	0.83160			6
2025.02.05	01:02:49.893	0.83151				2
2025.02.05	01:02:50.399	0.83150				2
2025.02.05	01:02:57.978		0.83159			4
2025.02.05	01:02:58.286	0.83148				2
2025.02.05	01:03:00.527	0.83148				2
2025.02.05	01:03:06.387		0.83160			4
2025.02.05	01:03:11.515		0.83161			4
2025.02.05	01:03:14.306	0.83149				2
2025.02.05	01:03:14.619		0.83160			4
2025.02.05	01:03:16.818	0.83154	0.83156			6
2025.02.05	01:03:18.634	0.83149	0.83160			6
2025.02.05	01:03:20.787	0.83150				2
2025.02.05	01:03:21.190	0.83149				2
2025.02.05	01:03:22.052		0.83161			4
2025.02.05	01:03:26.431		0.83162			4
2025.02.05	01:03:31.193		0.83160			4
2025.02.05	01:03:35.645		0.83159			4
2025.02.05	01:03:36.385		0.83160			4
2025.02.05	01:03:40.886		0.83161			4
2025.02.05	01:03:41.720		0.83163			4
2025.02.05	01:03:42.024	0.83150	0.83162			6
2025.02.05	01:03:44.392		0.83161			4
2025.02.05	01:03:45.608		0.83160			4
2025.02.05	01:03:46.307	0.83149				2
2025.02.05	01:03:46.965	0.83147	0.83159			6
2025.02.05	01:03:47.776		0.83160			4
2025.02.05	01:03:54.395		0.83159			4
2025.02.05	01:03:56.790	0.83148				2
2025.02.05	01:04:01.436	0.83148	0.83160			6
2025.02.05	01:04:06.279		0.83161			4
2025.02.05	01:04:10.995		0.83160			4
2025.02.05	01:04:15.656		0.83159			4
2025.02.05	01:04:20.712		0.83160			4
2025.02.05	01:04:22.385		0.83161			4
2025.02.05	01:04:30.802	0.83149				2
2025.02.05	01:04:31.287	0.83148	0.83160			6
2025.02.05	01:04:40.777	0.83147	0.83158			6
2025.02.05	01:04:41.567	0.83153	0.83164			6
2025.02.05	01:04:44.705	0.83152				2
2025.02.05	01:04:46.449	0.83151	0.83163			6
2025.02.05	01:04:46.887	0.83150	0.83162			6
2025.02.05	01:05:00.241	0.83150				2
2025.02.05	01:05:05.429		0.83164			4
2025.02.05	01:05:05.749	0.83152				2
2025.02.05	01:05:07.466		0.83163			4
2025.02.05	01:05:08.982		0.83164			4
2025.02.05	01:05:12.386	0.83153				2
2025.02.05	01:05:13.586	0.83152				2
2025.02.05	01:05:14.374		0.83163			4
2025.02.05	01:05:19.205		0.83164			4
2025.02.05	01:05:21.279	0.83156	0.83158			6
2025.02.05	01:05:22.213	0.83155	0.83157			6
2025.02.05	01:05:22.513	0.83156	0.83158			6
2025.02.05	01:05:23.120	0.83152	0.83164			6
2025.02.05	01:05:24.577	0.83153				2
2025.02.05	01:05:28.032	0.83154	0.83165			6
2025.02.05	01:05:28.346	0.83153				2
2025.02.05	01:05:33.575		0.83164			4
2025.02.05	01:05:34.353		0.83161			4
2025.02.05	01:05:34.711		0.83162			4
2025.02.05	01:05:38.219	0.83152				2
2025.02.05	01:05:39.933	0.83156	0.83164			6
2025.02.05	01:05:40.356		0.83165			4
2025.02.05	01:05:43.668	0.83158	0.83164			6
2025.02.05	01:05:54.668		0.83163			4
2025.02.05	01:05:57.487	0.83155	0.83159			6
2025.02.05	01:05:58.087		0.83160			4
2025.02.05	01:06:00.501	0.83157				2
2025.02.05	01:06:00.850	0.83158	0.83161			6
2025.02.05	01:06:10.427		0.83160			4
2025.02.05	01:06:20.484	0.83157	0.83158			6
2025.02.05	01:06:27.124	0.83159	0.83163			6
2025.02.05	01:06:28.206		0.83161			4
2025.02.05	01:06:28.518		0.83162			4
2025.02.05	01:06:37.553	0.83158	0.83161			6
2025.02.05	01:06:50.352		0.83160			4
2025.02.05	01:07:00.462	0.83157				2
2025.02.05	01:07:01.649		0.83159			4
2025.02.05	01:07:07.500		0.83158			4
2025.02.05	01:07:09.294	0.83152				2
2025.02.05	01:07:10.274		0.83154			4
2025.02.05	01:07:13.373		0.83155			4
2025.02.05	01:07:15.338		0.83156			4
2025.02.05	01:07:21.428	0.83153				2
2025.02.05	01:07:28.285	0.83155				2
2025.02.05	01:07:46.665	0.83154	0.83155			6
2025.02.05	01:07:55.661	0.83152				2
2025.02.05	01:08:00.455	0.83154	0.83156			6
2025.02.05	01:08:01.373		0.83157			4
2025.02.05	01:08:02.041		0.83156			4
2025.02.05	01:08:03.096		0.83157			4
2025.02.05	01:08:05.473	0.83148				2
2025.02.05	01:08:07.151	0.83154	0.83159			6
2025.02.05	01:08:07.454		0.83160			4
2025.02.05	01:08:07.981		0.83159			4
2025.02.05	01:08:08.980	0.83153	0.83160			6
2025.02.05	01:08:09.481		0.83159			4
2025.02.05	01:08:11.953		0.83158			4
2025.02.05	01:08:17.032		0.83157			4
2025.02.05	01:08:17.342	0.83151	0.83158			6
2025.02.05	01:08:20.123		0.83157			4
2025.02.05	01:08:20.664		0.83158			4
2025.02.05	01:08:22.887	0.83150				2
2025.02.05	01:08:29.508	0.83148	0.83154			6
2025.02.05	01:08:32.712	0.83147	0.83156			6
2025.02.05	01:08:33.315	0.83148				2
2025.02.05	01:08:35.634	0.83147	0.83155			6
2025.02.05	01:08:41.755	0.83148	0.83154			6
2025.02.05	01:08:42.088	0.83147				2
2025.02.05	01:08:42.794	0.83148	0.83155			6
2025.02.05	01:08:46.887	0.83147				2
2025.02.05	01:08:47.608		0.83156			4
2025.02.05	01:08:47.978	0.83148	0.83155			6
2025.02.05	01:09:00.456	0.83148				2
2025.02.05	01:09:04.176	0.83144	0.83152			6
2025.02.05	01:09:04.485	0.83147				2
2025.02.05	01:09:04.868		0.83151			4
2025.02.05	01:09:05.480	0.83144				2
2025.02.05	01:09:30.370		0.83152			4
2025.02.05	01:09:30.728	0.83148	0.83154			6
2025.02.05	01:09:31.354		0.83155			4
2025.02.05	01:09:32.719	0.83149				2
2025.02.05	01:09:43.112	0.83147	0.83154			6
2025.02.05	01:09:43.481		0.83153			4
2025.02.05	01:09:46.397		0.83154			4
2025.02.05	01:09:50.538		0.83153			4
2025.02.05	01:09:50.982		0.83154			4
2025.02.05	01:10:00.569	0.83147				2
2025.02.05	01:10:02.348	0.83148	0.83156			6
2025.02.05	01:10:02.663	0.83153	0.83157			6
2025.02.05	01:10:02.967	0.83154	0.83160			6
2025.02.05	01:10:03.983	0.83155				2
2025.02.05	01:10:04.348	0.83154	0.83158			6
2025.02.05	01:10:06.650	0.83158	0.83163			6
2025.02.05	01:10:07.236		0.83162			4
2025.02.05	01:10:07.654	0.83156				2
2025.02.05	01:10:08.759		0.83161			4
2025.02.05	01:10:13.866	0.83154	0.83159			6
2025.02.05	01:10:16.174	0.83156	0.83160			6
2025.02.05	01:10:16.759		0.83161			4
2025.02.05	01:10:18.385		0.83160			4
2025.02.05	01:10:18.687		0.83162			4
2025.02.05	01:10:30.667		0.83164			4
2025.02.05	01:10:30.985		0.83161			4
2025.02.05	01:10:40.145		0.83163			4
2025.02.05	01:10:41.379	0.83157	0.83165			6
2025.02.05	01:10:42.046		0.83164			4
2025.02.05	01:10:42.468		0.83165			4
2025.02.05	01:10:43.050		0.83164			4
2025.02.05	01:10:50.805	0.83161	0.83167			6
2025.02.05	01:10:54.891	0.83160				2
2025.02.05	01:10:55.961		0.83166			4
2025.02.05	01:10:56.623	0.83157				2
2025.02.05	01:11:00.472	0.83157	0.83163			6
2025.02.05	01:11:07.586	0.83160				2
2025.02.05	01:11:22.956		0.83164			4
2025.02.05	01:11:34.373		0.83163			4
2025.02.05	01:11:36.847		0.83164			4
2025.02.05	01:11:37.460	0.83159	0.83161			6
2025.02.05	01:11:50.389		0.83162			4
2025.02.05	01:12:00.467	0.83160	0.83163			6
2025.02.05	01:12:09.389	0.83157	0.83160			6
2025.02.05	01:12:21.485	0.83156	0.83161			6
2025.02.05	01:12:21.826		0.83160			4
2025.02.05	01:12:23.140	0.83155				2
2025.02.05	01:12:26.429	0.83159	0.83162			6
2025.02.05	01:12:31.307	0.83157				2
2025.02.05	01:12:32.305	0.83159				2
2025.02.05	01:12:34.974	0.83158	0.83161			6
2025.02.05	01:12:35.961		0.83162			4
2025.02.05	01:12:38.965		0.83161			4
2025.02.05	01:12:39.610		0.83160			4
2025.02.05	01:12:53.792		0.83161			4
2025.02.05	01:12:54.401	0.83157				2
2025.02.05	01:13:00.399	0.83158	0.83163			6
2025.02.05	01:13:17.439	0.83159				2
2025.02.05	01:13:17.791	0.83158				2
2025.02.05	01:13:18.102		0.83162			4
2025.02.05	01:13:27.925		0.83163			4
2025.02.05	01:13:28.238		0.83162			4
2025.02.05	01:13:34.622	0.83156	0.83159			6
2025.02.05	01:13:35.735	0.83155	0.83158			6
2025.02.05	01:13:37.289		0.83159			4
2025.02.05	01:13:51.372		0.83158			4
2025.02.05	01:13:56.680	0.83154	0.83159			6
2025.02.05	01:13:57.087		0.83158			4
2025.02.05	01:14:00.389	0.83154				2
2025.02.05	01:14:07.285	0.83155	0.83159			6
2025.02.05	01:14:07.592	0.83157	0.83160			6
2025.02.05	01:14:25.495		0.83159			4
2025.02.05	01:14:28.286	0.83158	0.83163			6
2025.02.05	01:14:28.671	0.83159	0.83164			6
2025.02.05	01:14:30.361		0.83163			4
2025.02.05	01:14:30.661		0.83164			4
2025.02.05	01:14:31.006		0.83163			4
2025.02.05	01:14:35.302	0.83158				2
2025.02.05	01:14:35.989	0.83157				2
2025.02.05	01:14:37.885	0.83158				2
2025.02.05	01:14:41.307	0.83160				2
2025.02.05	01:14:59.703	0.83158	0.83161			6
2025.02.05	01:15:00.045	0.83158				2
2025.02.05	01:15:21.471	0.83160	0.83164			6
2025.02.05	01:15:22.243	0.83161	0.83165			6
2025.02.05	01:15:24.992		0.83164			4
2025.02.05	01:15:26.978		0.83165			4
2025.02.05	01:15:30.683		0.83164			4
2025.02.05	01:15:31.278		0.83165			4
2025.02.05	01:15:46.582		0.83164			4
2025.02.05	01:15:47.929	0.83157	0.83163			6
2025.02.05	01:15:48.243		0.83162			4
2025.02.05	01:15:59.659		0.83163			4
2025.02.05	01:15:59.964	0.83159	0.83164			6
2025.02.05	01:16:00.273	0.83159	0.83163			6
2025.02.05	01:16:00.684		0.83164			4
2025.02.05	01:16:01.063		0.83163			4
2025.02.05	01:16:01.827	0.83162	0.83164			6
2025.02.05	01:16:02.511	0.83159				2
2025.02.05	01:16:09.560	0.83158	0.83163			6
2025.02.05	01:16:11.775		0.83164			4
2025.02.05	01:16:23.281	0.83155	0.83162			6
2025.02.05	01:16:25.388	0.83154				2
2025.02.05	01:16:27.070	0.83155				2
2025.02.05	01:16:27.801	0.83157				2
2025.02.05	01:16:32.467	0.83156	0.83160			6
2025.02.05	01:16:32.779	0.83154				2
2025.02.05	01:16:34.350		0.83159			4
2025.02.05	01:16:35.319	0.83153				2
2025.02.05	01:16:41.986		0.83160			4
2025.02.05	01:16:45.629	0.83154				2
2025.02.05	01:16:47.472	0.83153				2
2025.02.05	01:16:56.731	0.83154				2
2025.02.05	01:16:57.060	0.83153				2
2025.02.05	01:17:00.540	0.83153				2
2025.02.05	01:17:01.860	0.83154	0.83159			6
2025.02.05	01:17:03.286	0.83153	0.83161			6
2025.02.05	01:17:03.602	0.83152	0.83160			6
2025.02.05	01:17:05.667	0.83157				2
2025.02.05	01:17:36.390		0.83159			4
2025.02.05	01:17:50.510		0.83160			4
2025.02.05	01:17:53.242		0.83159			4
2025.02.05	01:18:00.698	0.83156				2
2025.02.05	01:18:01.129		0.83160			4
2025.02.05	01:18:01.872		0.83159			4
2025.02.05	01:18:02.353		0.83158			4
2025.02.05	01:18:06.347	0.83154				2
2025.02.05	01:18:06.691		0.83157			4
2025.02.05	01:18:07.338		0.83158			4
2025.02.05	01:18:16.505		0.83157			4
2025.02.05	01:18:22.442		0.83158			4
2025.02.05	01:18:23.146		0.83157			4
2025.02.05	01:18:30.749		0.83159			4
2025.02.05	01:18:45.684	0.83153	0.83157			6
2025.02.05	01:18:51.958		0.83155			4
2025.02.05	01:18:52.306	0.83152				2
2025.02.05	01:18:53.220	0.83153	0.83156			6
2025.02.05	01:18:54.721		0.83158			4
2025.02.05	01:18:56.680	0.83155	0.83159			6
2025.02.05	01:18:56.988		0.83158			4
2025.02.05	01:18:57.385		0.83159			4
2025.02.05	01:18:57.706		0.83158			4
2025.02.05	01:18:59.144	0.83152				2
2025.02.05	01:19:00.322	0.83152				2
2025.02.05	01:19:16.061	0.83151	0.83156			6
2025.02.05	01:19:22.077	0.83152				2
2025.02.05	01:19:27.303	0.83153				2
2025.02.05	01:19:35.905		0.83157			4
2025.02.05	01:19:36.276		0.83156			4
2025.02.05	01:19:38.072		0.83157			4
2025.02.05	01:19:38.386		0.83156			4
2025.02.05	01:19:39.222		0.83157			4
2025.02.05	01:19:39.662		0.83156			4
2025.02.05	01:19:39.966		0.83157			4
2025.02.05	01:19:41.029		0.83156			4
2025.02.05	01:19:41.926		0.83157			4
2025.02.05	01:19:42.281		0.83156			4
2025.02.05	01:19:42.900		0.83157			4
2025.02.05	01:19:44.096		0.83155			4
2025.02.05	01:19:52.420		0.83156			4
2025.02.05	01:19:53.647		0.83155			4
2025.02.05	01:19:54.012		0.83156			4
2025.02.05	01:19:54.911		0.83155			4
2025.02.05	01:19:55.971		0.83156			4
2025.02.05	01:19:56.793		0.83155			4
2025.02.05	01:19:57.178		0.83156			4
2025.02.05	01:19:57.653		0.83155			4
2025.02.05	01:20:00.128	0.83152	0.83154			6
2025.02.05	01:20:00.480	0.83153	0.83155			6
2025.02.05	01:20:00.782		0.83157			4
2025.02.05	01:20:01.091		0.83156			4
2025.02.05	01:20:06.886	0.83155	0.83158			6
2025.02.05	01:20:09.058		0.83159			4
2025.02.05	01:20:15.314		0.83158			4
2025.02.05	01:20:17.140		0.83159			4
2025.02.05	01:20:19.102		0.83158			4
2025.02.05	01:20:21.883		0.83159			4
2025.02.05	01:20:25.242		0.83158			4
2025.02.05	01:20:37.399	0.83156				2
2025.02.05	01:20:39.016		0.83159			4
2025.02.05	01:20:39.364		0.83158			4
2025.02.05	01:20:46.780		0.83159			4
2025.02.05	01:20:47.540		0.83158			4
2025.02.05	01:20:47.844		0.83159			4
2025.02.05	01:20:48.814		0.83158			4
2025.02.05	01:20:49.149		0.83159			4
2025.02.05	01:20:50.169		0.83158			4
2025.02.05	01:20:52.969		0.83159			4
2025.02.05	01:20:53.706		0.83158			4
2025.02.05	01:20:57.447		0.83159			4
2025.02.05	01:21:00.395	0.83156	0.83158			6
2025.02.05	01:21:06.887	0.83155	0.83159			6
2025.02.05	01:21:07.650		0.83158			4
2025.02.05	01:21:07.965	0.83153	0.83156			6
2025.02.05	01:21:12.675		0.83157			4
2025.02.05	01:21:14.049	0.83154	0.83156			6
2025.02.05	01:21:14.721		0.83157			4
2025.02.05	01:21:15.389	0.83153	0.83156			6
2025.02.05	01:21:21.944		0.83157			4
2025.02.05	01:21:22.258		0.83156			4
2025.02.05	01:21:38.239	0.83155	0.83158			6
2025.02.05	01:21:38.795		0.83157			4
2025.02.05	01:21:39.284		0.83158			4
2025.02.05	01:21:41.000		0.83156			4
2025.02.05	01:21:45.397	0.83154				2
2025.02.05	01:21:52.802	0.83153	0.83155			6
2025.02.05	01:21:53.485	0.83152	0.83154			6
2025.02.05	01:21:56.646		0.83155			4
2025.02.05	01:22:00.196	0.83152				2
2025.02.05	01:22:03.199		0.83154			4
2025.02.05	01:22:10.504		0.83155			4
2025.02.05	01:22:19.908		0.83154			4
2025.02.05	01:22:21.371		0.83155			4
2025.02.05	01:22:22.807		0.83154			4
2025.02.05	01:22:23.130		0.83155			4
2025.02.05	01:22:38.948	0.83153	0.83156			6
2025.02.05	01:22:39.263	0.83154				2
2025.02.05	01:22:44.419		0.83157			4
2025.02.05	01:22:45.046		0.83156			4
2025.02.05	01:23:00.061	0.83154				2
2025.02.05	01:23:09.766	0.83153				2
2025.02.05	01:23:10.437	0.83154				2
2025.02.05	01:23:11.998	0.83155	0.83157			6
2025.02.05	01:23:12.614		0.83156			4
2025.02.05	01:23:13.081		0.83157			4
2025.02.05	01:23:14.928	0.83153	0.83155			6
2025.02.05	01:23:20.594	0.83152	0.83154			6
2025.02.05	01:23:23.936		0.83155			4
2025.02.05	01:23:29.629	0.83153	0.83156			6
2025.02.05	01:23:29.972		0.83155			4
2025.02.05	01:23:30.316		0.83156			4
2025.02.05	01:23:31.353		0.83155			4
2025.02.05	01:23:33.140		0.83157			4
2025.02.05	01:23:51.843	0.83154	0.83158			6
2025.02.05	01:24:00.152	0.83153	0.83157			6
2025.02.05	01:24:06.479	0.83155	0.83159			6
2025.02.05	01:24:22.446	0.83156	0.83160			6
2025.02.05	01:24:33.284	0.83157	0.83161			6
2025.02.05	01:24:34.256	0.83158	0.83162			6
2025.02.05	01:25:00.252	0.83158				2
2025.02.05	01:25:16.007	0.83160	0.83164			6
2025.02.05	01:25:41.812	0.83161	0.83165			6
2025.02.05	01:25:52.155	0.83162	0.83166			6
2025.02.05	01:26:00.286	0.83162				2
2025.02.05	01:26:14.419	0.83160	0.83164			6
2025.02.05	01:26:29.204	0.83161	0.83165			6
2025.02.05	01:26:39.429	0.83160	0.83166			6
2025.02.05	01:26:39.846		0.83167			4
2025.02.05	01:26:44.404	0.83159	0.83165			6
2025.02.05	01:27:00.448	0.83159				2
2025.02.05	01:27:04.106	0.83157	0.83164			6
2025.02.05	01:27:17.270	0.83158				2
2025.02.05	01:27:22.123	0.83157	0.83162			6
2025.02.05	01:27:57.270	0.83158	0.83163			6
2025.02.05	01:28:00.391	0.83158				2
2025.02.05	01:28:25.442	0.83159				2
2025.02.05	01:28:29.047	0.83160				2
2025.02.05	01:28:30.703	0.83159				2
2025.02.05	01:28:32.350	0.83160				2
2025.02.05	01:28:34.679		0.83164			4
2025.02.05	01:28:45.175	0.83161	0.83165			6
2025.02.05	01:28:45.570	0.83162	0.83166			6
2025.02.05	01:29:00.527	0.83162				2
2025.02.05	01:29:03.597	0.83158	0.83162			6
2025.02.05	01:30:00.379	0.83156	0.83160			6
2025.02.05	01:30:00.702	0.83155	0.83158			6
2025.02.05	01:30:01.913	0.83156				2
2025.02.05	01:30:04.046	0.83155				2
2025.02.05	01:30:05.818		0.83157			4
2025.02.05	01:30:06.418		0.83158			4
2025.02.05	01:30:07.165		0.83157			4
2025.02.05	01:30:07.604		0.83158			4
2025.02.05	01:30:08.720	0.83154	0.83157			6
2025.02.05	01:30:12.288	0.83153				2
2025.02.05	01:30:14.956	0.83154				2
2025.02.05	01:30:15.363		0.83158			4
2025.02.05	01:30:16.345	0.83157	0.83159			6
2025.02.05	01:30:17.071	0.83155				2
2025.02.05	01:30:20.560	0.83156				2
2025.02.05	01:30:24.651		0.83160			4
2025.02.05	01:30:25.295		0.83159			4
2025.02.05	01:30:25.839		0.83160			4
2025.02.05	01:30:26.686		0.83159			4
2025.02.05	01:30:27.417		0.83160			4
2025.02.05	01:30:29.539		0.83159			4
2025.02.05	01:30:34.937	0.83158	0.83162			6
2025.02.05	01:30:36.246		0.83160			4
2025.02.05	01:30:40.136	0.83156				2
2025.02.05	01:30:40.716		0.83159			4
2025.02.05	01:30:44.263	0.83155	0.83158			6
2025.02.05	01:30:48.235	0.83154	0.83156			6
2025.02.05	01:31:00.386	0.83153	0.83157			6
2025.02.05	01:31:00.748	0.83151	0.83155			6
2025.02.05	01:31:07.251	0.83150				2
2025.02.05	01:31:17.351	0.83151				2
2025.02.05	01:31:31.299	0.83152				2
2025.02.05	01:32:00.216	0.83152				2
2025.02.05	01:32:00.930		0.83155			4
2025.02.05	01:32:03.628	0.83151	0.83154			6
2025.02.05	01:32:15.841		0.83153			4
2025.02.05	01:32:19.908		0.83154			4
2025.02.05	01:32:23.940		0.83155			4
2025.02.05	01:32:26.657		0.83154			4
2025.02.05	01:32:26.978	0.83152				2
2025.02.05	01:32:27.714		0.83155			4
2025.02.05	01:32:32.531		0.83154			4
2025.02.05	01:32:33.567		0.83155			4
2025.02.05	01:32:33.886		0.83154			4
2025.02.05	01:32:34.467		0.83155			4
2025.02.05	01:32:36.959		0.83154			4
2025.02.05	01:32:37.314		0.83155			4
2025.02.05	01:32:37.653		0.83154			4
2025.02.05	01:33:00.304	0.83152				2
2025.02.05	01:33:28.527		0.83155			4
2025.02.05	01:33:29.492		0.83154			4
2025.02.05	01:33:31.410		0.83155			4
2025.02.05	01:33:33.003		0.83154			4
2025.02.05	01:33:43.732		0.83155			4
2025.02.05	01:33:44.078		0.83154			4
2025.02.05	01:34:00.706	0.83152				2
2025.02.05	01:34:21.945		0.83153			4
2025.02.05	01:34:24.498	0.83151				2
2025.02.05	01:34:27.155	0.83152	0.83155			6
2025.02.05	01:34:27.466		0.83153			4
2025.02.05	01:34:47.461		0.83154			4
2025.02.05	01:34:55.151		0.83153			4
2025.02.05	01:34:55.486		0.83154			4
2025.02.05	01:35:00.008	0.83152				2
2025.02.05	01:35:00.674		0.83153			4
2025.02.05	01:36:00.220	0.83152				2
2025.02.05	01:36:00.941		0.83153			4
2025.02.05	01:36:23.043	0.83153	0.83154			6
2025.02.05	01:36:34.136	0.83152				2
2025.02.05	01:36:35.170		0.83153			4
2025.02.05	01:36:45.637	0.83150	0.83152			6
2025.02.05	01:36:49.174	0.83149	0.83151			6
2025.02.05	01:36:49.541		0.83153			4
2025.02.05	01:36:50.186		0.83152			4
2025.02.05	01:36:50.536		0.83153			4
2025.02.05	01:37:00.262	0.83149				2
2025.02.05	01:37:03.085	0.83148	0.83151			6
2025.02.05	01:37:03.412		0.83152			4
2025.02.05	01:37:11.481	0.83149				2
2025.02.05	01:37:12.064		0.83153			4
2025.02.05	01:37:21.543		0.83152			4
2025.02.05	01:37:31.894		0.83153			4
2025.02.05	01:37:50.680	0.83151	0.83154			6
2025.02.05	01:37:51.643		0.83155			4
2025.02.05	01:37:54.387		0.83156			4
2025.02.05	01:37:55.302	0.83152				2
2025.02.05	01:38:00.563	0.83152				2
2025.02.05	01:38:00.967		0.83155			4
2025.02.05	01:38:01.271		0.83156			4
2025.02.05	01:38:01.866		0.83155			4
2025.02.05	01:38:04.305	0.83151				2
2025.02.05	01:38:08.178	0.83152				2
2025.02.05	01:38:59.881		0.83154			4
2025.02.05	01:39:00.301	0.83152	0.83155			6
2025.02.05	01:39:02.886		0.83154			4
2025.02.05	01:39:03.531		0.83155			4
2025.02.05	01:39:04.033		0.83154			4
2025.02.05	01:39:04.428		0.83155			4
2025.02.05	01:39:05.491	0.83148	0.83152			6
2025.02.05	01:39:05.815	0.83149				2
2025.02.05	01:39:08.317	0.83148				2
2025.02.05	01:39:08.662	0.83149				2
2025.02.05	01:39:14.874	0.83150				2
2025.02.05	01:39:24.865	0.83151	0.83153			6
2025.02.05	01:39:27.565	0.83150				2
2025.02.05	01:39:42.155		0.83151			4
2025.02.05	01:39:42.463	0.83149	0.83152			6
2025.02.05	01:39:47.562	0.83148				2
2025.02.05	01:39:48.796	0.83149				2
2025.02.05	01:39:52.594	0.83148				2
2025.02.05	01:40:00.374	0.83148				2
2025.02.05	01:40:07.413		0.83151			4
2025.02.05	01:40:08.516	0.83150	0.83152			6
2025.02.05	01:40:08.826	0.83147	0.83151			6
2025.02.05	01:40:20.513	0.83148	0.83152			6
2025.02.05	01:40:24.857	0.83149				2
2025.02.05	01:40:25.278	0.83148				2
2025.02.05	01:40:27.065	0.83149				2
2025.02.05	01:40:31.588	0.83148				2
2025.02.05	01:40:56.697	0.83151				2
2025.02.05	01:40:59.666	0.83150				2
2025.02.05	01:41:00.168	0.83150				2
2025.02.05	01:41:02.234	0.83148				2
2025.02.05	01:41:08.020	0.83149				2
2025.02.05	01:41:10.374	0.83151				2
2025.02.05	01:41:10.727	0.83152	0.83153			6
2025.02.05	01:41:14.843	0.83151	0.83152			6
2025.02.05	01:41:26.109	0.83152	0.83153			6
2025.02.05	01:41:45.966	0.83147	0.83151			6
2025.02.05	01:41:51.047		0.83150			4
2025.02.05	01:41:51.351		0.83151			4
2025.02.05	01:41:58.437		0.83150			4
2025.02.05	01:42:00.519	0.83147	0.83149			6
2025.02.05	01:42:00.827		0.83150			4
2025.02.05	01:42:01.154	0.83148	0.83151			6
2025.02.05	01:42:02.055		0.83150			4
2025.02.05	01:42:02.719		0.83151			4
2025.02.05	01:42:12.523	0.83150	0.83152			6
2025.02.05	01:42:23.365	0.83149	0.83151			6
2025.02.05	01:42:23.686	0.83148				2
2025.02.05	01:42:28.998		0.83150			4
2025.02.05	01:42:29.620		0.83151			4
2025.02.05	01:42:37.991	0.83149				2
2025.02.05	01:42:40.760	0.83148				2
2025.02.05	01:42:41.615	0.83150	0.83152			6
2025.02.05	01:42:46.681	0.83151				2
2025.02.05	01:43:00.660	0.83151				2
2025.02.05	01:43:17.608	0.83148	0.83150			6
2025.02.05	01:43:17.938	0.83147	0.83151			6
2025.02.05	01:43:21.341		0.83150			4
2025.02.05	01:43:23.273		0.83151			4
2025.02.05	01:43:23.957	0.83148				2
2025.02.05	01:43:24.268	0.83147				2
2025.02.05	01:43:39.064	0.83148				2
2025.02.05	01:43:39.509	0.83147				2
2025.02.05	01:43:41.707		0.83150			4
2025.02.05	01:43:42.011		0.83151			4
2025.02.05	01:43:44.294	0.83148				2
2025.02.05	01:43:45.318	0.83147				2
2025.02.05	01:43:45.926	0.83149				2
2025.02.05	01:43:46.904	0.83147				2
2025.02.05	01:43:47.227	0.83149				2
2025.02.05	01:43:47.567	0.83150				2
2025.02.05	01:43:48.578	0.83147				2
2025.02.05	01:43:49.311	0.83149				2
2025.02.05	01:43:49.612	0.83147				2
2025.02.05	01:43:49.941	0.83149				2
2025.02.05	01:43:51.568	0.83147				2
2025.02.05	01:43:58.934		0.83150			4
2025.02.05	01:44:00.572	0.83147				2
2025.02.05	01:44:01.026	0.83149	0.83151			6
2025.02.05	01:44:04.675	0.83148	0.83150			6
2025.02.05	01:44:04.985		0.83151			4
2025.02.05	01:44:05.319	0.83149				2
2025.02.05	01:44:13.170	0.83150				2
2025.02.05	01:44:18.408	0.83149				2
2025.02.05	01:44:19.119	0.83148				2
2025.02.05	01:44:21.824	0.83150	0.83152			6
2025.02.05	01:44:22.190		0.83151			4
2025.02.05	01:44:23.174		0.83152			4
2025.02.05	01:44:24.273	0.83151				2
2025.02.05	01:44:33.425	0.83152	0.83153			6
2025.02.05	01:44:33.763	0.83149	0.83151			6
2025.02.05	01:44:34.096	0.83150				2
2025.02.05	01:44:36.456	0.83151	0.83152			6
2025.02.05	01:44:55.387	0.83148	0.83149			6
2025.02.05	01:44:55.690		0.83150			4
2025.02.05	01:45:00.954	0.83148				2
2025.02.05	01:45:05.492	0.83150	0.83151			6
2025.02.05	01:45:06.679	0.83149				2
2025.02.05	01:45:07.802	0.83150				2
2025.02.05	01:45:08.160	0.83149				2
2025.02.05	01:45:09.380		0.83150			4
2025.02.05	01:45:10.186	0.83150	0.83151			6
2025.02.05	01:45:10.991	0.83152	0.83153			6
2025.02.05	01:45:14.240		0.83154			4
2025.02.05	01:45:14.544	0.83151	0.83153			6
2025.02.05	01:45:14.856	0.83150	0.83152			6
2025.02.05	01:45:17.851	0.83149				2
2025.02.05	01:45:31.838		0.83150			4
2025.02.05	01:45:33.101	0.83147	0.83151			6
2025.02.05	01:45:33.803		0.83150			4
2025.02.05	01:45:36.788	0.83146				2
2025.02.05	01:45:42.743		0.83149			4
2025.02.05	01:45:43.049		0.83150			4
2025.02.05	01:45:49.928	0.83147	0.83151			6
2025.02.05	01:46:00.069	0.83147				2
2025.02.05	01:46:01.905		0.83150			4
2025.02.05	01:46:05.877		0.83151			4
2025.02.05	01:46:06.608		0.83150			4
2025.02.05	01:46:08.515		0.83151			4
2025.02.05	01:46:16.866		0.83150			4
2025.02.05	01:46:17.593		0.83151			4
2025.02.05	01:46:27.456		0.83150			4
2025.02.05	01:46:40.396		0.83149			4
2025.02.05	01:46:48.422		0.83150			4
2025.02.05	01:46:48.875		0.83151			4
2025.02.05	01:46:55.900		0.83150			4
2025.02.05	01:46:58.042		0.83149			4
2025.02.05	01:46:59.447		0.83150			4
2025.02.05	01:47:00.528	0.83147				2
2025.02.05	01:47:01.178		0.83151			4
2025.02.05	01:47:03.771		0.83149			4
2025.02.05	01:47:13.568		0.83151			4
2025.02.05	01:47:16.668		0.83150			4
2025.02.05	01:47:16.981		0.83151			4
2025.02.05	01:47:17.488		0.83150			4
2025.02.05	01:47:21.989		0.83149			4
2025.02.05	01:47:31.495		0.83150			4
2025.02.05	01:47:32.689		0.83149			4
2025.02.05	01:47:38.822		0.83151			4
2025.02.05	01:47:40.045	0.83146	0.83150			6
2025.02.05	01:47:44.213	0.83148	0.83152			6
2025.02.05	01:47:51.355		0.83151			4
2025.02.05	01:47:52.901		0.83152			4
2025.02.05	01:48:00.311	0.83148				2
2025.02.05	01:48:03.112	0.83150	0.83154			6
2025.02.05	01:48:14.362	0.83149	0.83152			6
2025.02.05	01:48:14.666		0.83151			4
2025.02.05	01:48:15.076		0.83152			4
2025.02.05	01:48:18.651	0.83150	0.83153			6
2025.02.05	01:48:18.962		0.83154			4
2025.02.05	01:48:25.647	0.83151	0.83155			6
2025.02.05	01:48:29.461		0.83154			4
2025.02.05	01:49:00.086	0.83151				2
2025.02.05	01:49:03.425		0.83153			4
2025.02.05	01:49:18.387	0.83150				2
2025.02.05	01:49:20.651	0.83149	0.83151			6
2025.02.05	01:49:26.799	0.83148				2
2025.02.05	01:49:31.212		0.83152			4
2025.02.05	01:49:35.639		0.83151			4
2025.02.05	01:49:37.782		0.83152			4
2025.02.05	01:49:54.801		0.83151			4
2025.02.05	01:49:56.319		0.83152			4
2025.02.05	01:50:00.808	0.83148				2
2025.02.05	01:50:12.045		0.83151			4
2025.02.05	01:50:37.961		0.83150			4
2025.02.05	01:50:38.315		0.83151			4
2025.02.05	01:50:50.228	0.83142	0.83143			6
2025.02.05	01:50:50.532	0.83141	0.83142			6
2025.02.05	01:50:54.790	0.83143	0.83144			6
2025.02.05	01:50:55.103	0.83142	0.83143			6
2025.02.05	01:50:55.456	0.83143	0.83146			6
2025.02.05	01:50:55.782		0.83145			4
2025.02.05	01:50:56.354	0.83145	0.83147			6
2025.02.05	01:50:56.664	0.83146				2
2025.02.05	01:51:00.302	0.83146				2
2025.02.05	01:51:03.009	0.83145				2
2025.02.05	01:51:04.114		0.83146			4
2025.02.05	01:51:09.309	0.83146	0.83147			6
2025.02.05	01:51:09.626	0.83147	0.83148			6
2025.02.05	01:51:11.374	0.83146	0.83147			6
2025.02.05	01:51:16.346	0.83147	0.83148			6
2025.02.05	01:51:18.286	0.83146				2
2025.02.05	01:51:18.633	0.83145	0.83147			6
2025.02.05	01:51:20.916		0.83146			4
2025.02.05	01:51:21.440		0.83147			4
2025.02.05	01:51:25.641		0.83148			4
2025.02.05	01:51:26.577		0.83147			4
2025.02.05	01:51:27.417		0.83148			4
2025.02.05	01:51:32.348		0.83147			4
2025.02.05	01:51:43.042	0.83144	0.83146			6
2025.02.05	01:51:43.390	0.83145				2
2025.02.05	01:51:44.248		0.83147			4
2025.02.05	01:51:49.159	0.83144	0.83146			6
2025.02.05	01:51:49.913	0.83145	0.83147			6
2025.02.05	01:51:50.429	0.83146				2
2025.02.05	01:51:56.558	0.83145	0.83146			6
2025.02.05	01:51:57.668	0.83146	0.83147			6
2025.02.05	01:52:00.564	0.83146				2
2025.02.05	01:52:10.986	0.83142	0.83144			6
2025.02.05	01:52:22.706	0.83140	0.83141			6
2025.02.05	01:52:29.317	0.83139	0.83140			6
2025.02.05	01:52:34.017	0.83138				2
2025.02.05	01:52:39.858	0.83137				2
2025.02.05	01:52:40.412	0.83139	0.83141			6
2025.02.05	01:52:40.807	0.83140				2
2025.02.05	01:52:41.508	0.83139				2
2025.02.05	01:52:43.470	0.83137				2
2025.02.05	01:52:46.791	0.83136				2
2025.02.05	01:52:47.338	0.83137	0.83140			6
2025.02.05	01:53:00.483	0.83137				2
2025.02.05	01:53:08.042	0.83135				2
2025.02.05	01:53:10.134	0.83136	0.83141			6
2025.02.05	01:53:12.704	0.83137	0.83142			6
2025.02.05	01:53:18.496	0.83136	0.83141			6
2025.02.05	01:53:19.164		0.83140			4
2025.02.05	01:53:21.320	0.83137				2
2025.02.05	01:53:23.087		0.83141			4
2025.02.05	01:53:24.878		0.83142			4
2025.02.05	01:53:29.339		0.83141			4
2025.02.05	01:53:29.716		0.83142			4
2025.02.05	01:53:33.931		0.83141			4
2025.02.05	01:53:38.979		0.83142			4
2025.02.05	01:53:39.322		0.83141			4
2025.02.05	01:53:40.088	0.83136	0.83142			6
2025.02.05	01:53:40.500	0.83137				2
2025.02.05	01:53:45.522		0.83143			4
2025.02.05	01:53:53.247		0.83142			4
2025.02.05	01:53:53.585		0.83143			4
2025.02.05	01:53:59.348		0.83142			4
2025.02.05	01:54:00.057	0.83137	0.83143			6
2025.02.05	01:54:23.942	0.83136				2
2025.02.05	01:54:25.188		0.83142			4
2025.02.05	01:54:33.118	0.83140	0.83143			6
2025.02.05	01:54:33.455	0.83137	0.83142			6
2025.02.05	01:54:35.506	0.83136	0.83143			6
2025.02.05	01:54:39.629		0.83142			4
2025.02.05	01:54:40.533		0.83143			4
2025.02.05	01:54:51.472	0.83138	0.83142			6
2025.02.05	01:54:51.849	0.83136	0.83143			6
2025.02.05	01:55:00.451	0.83136				2
2025.02.05	01:55:01.057		0.83142			4
2025.02.05	01:55:01.869	0.83137				2
2025.02.05	01:55:02.758	0.83136	0.83143			6
2025.02.05	01:55:06.389	0.83137				2
2025.02.05	01:55:07.027	0.83136	0.83142			6
2025.02.05	01:55:09.192	0.83140	0.83143			6
2025.02.05	01:55:11.354	0.83138	0.83142			6
2025.02.05	01:55:12.624	0.83137				2
2025.02.05	01:55:13.226		0.83143			4
2025.02.05	01:55:17.079	0.83140				2
2025.02.05	01:55:19.447		0.83144			4
2025.02.05	01:55:19.812		0.83143			4
2025.02.05	01:55:20.381		0.83144			4
2025.02.05	01:55:25.804	0.83142				2
2025.02.05	01:55:26.882	0.83139	0.83145			6
2025.02.05	01:55:29.660	0.83144	0.83146			6
2025.02.05	01:55:30.353	0.83142	0.83145			6
2025.02.05	01:55:32.360	0.83144	0.83147			6
2025.02.05	01:55:33.544		0.83146			4
2025.02.05	01:55:44.890		0.83145			4
2025.02.05	01:55:45.425		0.83146			4
2025.02.05	01:56:00.318	0.83144				2
2025.02.05	01:56:09.386	0.83142	0.83145			6
2025.02.05	01:56:09.913	0.83144	0.83146			6
2025.02.05	01:56:10.260	0.83145	0.83147			6
2025.02.05	01:56:11.249	0.83146				2
2025.02.05	01:56:11.660		0.83148			4
2025.02.05	01:56:16.515	0.83147	0.83149			6
2025.02.05	01:56:18.656		0.83150			4
2025.02.05	01:56:19.573		0.83149			4
2025.02.05	01:56:20.038	0.83148	0.83150			6
2025.02.05	01:56:20.697	0.83149				2
2025.02.05	01:56:24.591		0.83151			4
2025.02.05	01:56:39.799	0.83148	0.83150			6
2025.02.05	01:56:40.987	0.83149				2
2025.02.05	01:56:42.819	0.83148				2
2025.02.05	01:56:43.720	0.83149	0.83151			6
2025.02.05	01:56:55.504	0.83146	0.83150			6
2025.02.05	01:57:00.359	0.83150	0.83154			6
2025.02.05	01:57:01.740	0.83146	0.83152			6
2025.02.05	01:57:02.043	0.83147	0.83151			6
2025.02.05	01:57:13.879		0.83150			4
2025.02.05	01:57:14.185		0.83151			4
2025.02.05	01:57:17.970	0.83142	0.83147			6
2025.02.05	01:57:18.275	0.83143				2
2025.02.05	01:57:19.360	0.83142				2
2025.02.05	01:57:20.380	0.83143	0.83148			6
2025.02.05	01:57:24.346	0.83144	0.83149			6
2025.02.05	01:57:25.208		0.83150			4
2025.02.05	01:57:27.043	0.83141	0.83145			6
2025.02.05	01:57:29.532		0.83147			4
2025.02.05	01:57:30.400	0.83144				2
2025.02.05	01:57:30.705	0.83141	0.83146			6
2025.02.05	01:57:40.170	0.83140	0.83145			6
2025.02.05	01:57:40.730	0.83141	0.83146			6
2025.02.05	01:57:43.399	0.83142	0.83144			6
2025.02.05	01:57:43.807		0.83143			4
2025.02.05	01:57:44.132	0.83141				2
2025.02.05	01:57:44.971		0.83142			4
2025.02.05	01:57:45.273		0.83143			4
2025.02.05	01:57:45.672	0.83142				2
2025.02.05	01:57:46.885	0.83141	0.83145			6
2025.02.05	01:57:47.203	0.83143				2
2025.02.05	01:57:48.357		0.83146			4
2025.02.05	01:57:50.355		0.83145			4
2025.02.05	01:57:50.673	0.83142	0.83144			6
2025.02.05	01:57:50.987	0.83139	0.83141			6
2025.02.05	01:57:51.310	0.83140	0.83142			6
2025.02.05	01:57:52.759	0.83135	0.83141			6
2025.02.05	01:57:59.561	0.83133	0.83138			6
2025.02.05	01:58:00.320	0.83133	0.83139			6
2025.02.05	01:58:02.346		0.83138			4
2025.02.05	01:58:02.763		0.83139			4
2025.02.05	01:58:04.385		0.83138			4
2025.02.05	01:58:05.007		0.83139			4
2025.02.05	01:58:07.013		0.83140			4
2025.02.05	01:58:07.371	0.83135				2
2025.02.05	01:58:09.197	0.83133				2
2025.02.05	01:58:12.235	0.83134	0.83139			6
2025.02.05	01:58:20.242	0.83136				2
2025.02.05	01:58:20.766		0.83138			4
2025.02.05	01:58:24.219		0.83139			4
2025.02.05	01:58:25.027		0.83138			4
2025.02.05	01:58:27.247		0.83137			4
2025.02.05	01:58:28.525	0.83137	0.83140			6
2025.02.05	01:58:29.146		0.83139			4
2025.02.05	01:58:30.358		0.83138			4
2025.02.05	01:58:36.373	0.83136	0.83137			6
2025.02.05	01:58:37.222	0.83137	0.83138			6
2025.02.05	01:58:37.978	0.83136	0.83137			6
2025.02.05	01:58:47.254	0.83137	0.83138			6
2025.02.05	01:58:47.717	0.83136	0.83137			6
2025.02.05	01:58:48.034	0.83131				2
2025.02.05	01:58:48.335		0.83135			4
2025.02.05	01:58:49.087	0.83130				2
2025.02.05	01:58:49.987		0.83134			4
2025.02.05	01:58:50.300		0.83135			4
2025.02.05	01:58:53.386	0.83131	0.83134			6
2025.02.05	01:58:53.703	0.83130				2
2025.02.05	01:58:54.547	0.83128	0.83132			6
2025.02.05	01:58:55.462		0.83131			4
2025.02.05	01:58:59.620	0.83132	0.83137			6
2025.02.05	01:58:59.923	0.83137	0.83139			6
2025.02.05	01:59:00.343	0.83133				2
2025.02.05	01:59:02.078	0.83132	0.83138			6
2025.02.05	01:59:03.217	0.83133				2
2025.02.05	01:59:05.474		0.83140			4
2025.02.05	01:59:06.728	0.83138	0.83141			6
2025.02.05	01:59:07.166	0.83133	0.83140			6
2025.02.05	01:59:11.394		0.83139			4
2025.02.05	01:59:11.883		0.83140			4
2025.02.05	01:59:12.874		0.83139			4
2025.02.05	01:59:13.426		0.83140			4
2025.02.05	01:59:13.909	0.83131	0.83137			6
2025.02.05	01:59:15.386	0.83132				2
2025.02.05	01:59:17.790	0.83136	0.83140			6
2025.02.05	01:59:18.344	0.83133	0.83138			6
2025.02.05	01:59:18.664	0.83132				2
2025.02.05	01:59:25.414	0.83131	0.83135			6
2025.02.05	01:59:26.198	0.83128	0.83133			6
2025.02.05	01:59:29.909	0.83135	0.83138			6
2025.02.05	01:59:30.211		0.83137			4
2025.02.05	01:59:36.365	0.83134				2
2025.02.05	01:59:37.251	0.83131	0.83136			6
2025.02.05	01:59:37.568		0.83135			4
2025.02.05	01:59:38.080		0.83136			4
2025.02.05	01:59:38.391	0.83130	0.83135			6
2025.02.05	01:59:39.077		0.83136			4
2025.02.05	01:59:39.382		0.83135			4
2025.02.05	01:59:40.352		0.83134			4
2025.02.05	01:59:40.684		0.83135			4
2025.02.05	01:59:44.743		0.83134			4
2025.02.05	01:59:45.422	0.83129	0.83133			6
2025.02.05	01:59:46.384		0.83134			4
2025.02.05	01:59:47.258	0.83128				2
2025.02.05	01:59:56.580	0.83129				2
2025.02.05	01:59:57.389	0.83131	0.83136			6
2025.02.05	01:59:59.936	0.83132	0.83139			6
2025.02.05	02:00:00.255	0.83135	0.83136			6
2025.02.05	02:00:00.609	0.83133				2
2025.02.05	02:00:00.910	0.83132	0.83133			6
2025.02.05	02:00:01.248		0.83135			4
2025.02.05	02:00:02.112	0.83131	0.83137			6
2025.02.05	02:00:03.435	0.83129	0.83136			6
2025.02.05	02:00:04.517		0.83135			4
2025.02.05	02:00:04.822	0.83131	0.83134			6
2025.02.05	02:00:05.124	0.83132	0.83135			6
2025.02.05	02:00:05.425	0.83130	0.83134			6
2025.02.05	02:00:08.242	0.83129	0.83133			6
2025.02.05	02:00:08.699	0.83130				2
2025.02.05	02:00:10.395	0.83128	0.83132			6
2025.02.05	02:00:10.704		0.83133			4
2025.02.05	02:00:11.031		0.83132			4
2025.02.05	02:00:11.344	0.83130	0.83131			6
2025.02.05	02:00:11.654	0.83131	0.83132			6
2025.02.05	02:00:13.024	0.83127	0.83131			6
2025.02.05	02:00:13.338	0.83128				2
2025.02.05	02:00:16.462	0.83127				2
2025.02.05	02:00:18.229	0.83128				2
2025.02.05	02:00:20.938	0.83123	0.83129			6
2025.02.05	02:00:21.245	0.83122	0.83127			6
2025.02.05	02:00:23.185	0.83121				2
2025.02.05	02:00:23.503	0.83123	0.83128			6
2025.02.05	02:00:23.806	0.83122	0.83127			6
2025.02.05	02:00:24.157		0.83126			4
2025.02.05	02:00:24.462	0.83124	0.83128			6
2025.02.05	02:00:24.795		0.83129			4
2025.02.05	02:00:25.687		0.83128			4
2025.02.05	02:00:25.989	0.83127	0.83130			6
2025.02.05	02:00:27.089	0.83128				2
2025.02.05	02:00:30.957	0.83131	0.83132			6
2025.02.05	02:00:32.089	0.83132	0.83133			6
2025.02.05	02:00:32.448	0.83133	0.83134			6
2025.02.05	02:00:33.723	0.83132	0.83133			6
2025.02.05	02:00:34.449	0.83134	0.83135			6
2025.02.05	02:00:36.385	0.83128	0.83133			6
2025.02.05	02:00:36.806		0.83132			4
2025.02.05	02:00:38.411	0.83132	0.83133			6
2025.02.05	02:00:38.919		0.83134			4
2025.02.05	02:00:39.370	0.83133				2
2025.02.05	02:00:40.038	0.83132	0.83133			6
2025.02.05	02:00:40.701	0.83134	0.83135			6
2025.02.05	02:00:43.264	0.83132	0.83134			6
2025.02.05	02:00:43.578	0.83135	0.83136			6
2025.02.05	02:00:45.430	0.83134	0.83137			6
2025.02.05	02:00:45.930	0.83135				2
2025.02.05	02:00:48.088	0.83136				2
2025.02.05	02:00:48.553	0.83135				2
2025.02.05	02:00:52.683	0.83134	0.83135			6
2025.02.05	02:00:52.992		0.83136			4
2025.02.05	02:01:00.160	0.83134				2
2025.02.05	02:01:00.488	0.83135	0.83137			6
2025.02.05	02:01:00.882		0.83136			4
2025.02.05	02:01:01.220		0.83137			4
2025.02.05	02:01:01.618		0.83136			4
2025.02.05	02:01:02.016	0.83134	0.83137			6
2025.02.05	02:01:02.354	0.83132	0.83134			6
2025.02.05	02:01:02.937	0.83134	0.83135			6
2025.02.05	02:01:03.545	0.83132	0.83133			6
2025.02.05	02:01:03.863	0.83134	0.83135			6
2025.02.05	02:01:09.513	0.83132				2
2025.02.05	02:01:11.788	0.83135	0.83137			6
2025.02.05	02:01:12.302	0.83132	0.83136			6
2025.02.05	02:01:14.597	0.83131				2
2025.02.05	02:01:14.907	0.83132				2
2025.02.05	02:01:17.463	0.83134				2
2025.02.05	02:01:19.847		0.83135			4
2025.02.05	02:01:20.885	0.83136	0.83139			6
2025.02.05	02:01:21.255		0.83137			4
2025.02.05	02:01:21.567		0.83138			4
2025.02.05	02:01:22.347	0.83133	0.83134			6
2025.02.05	02:01:29.253	0.83131	0.83132			6
2025.02.05	02:01:33.058	0.83130				2
2025.02.05	02:01:35.123	0.83131				2
2025.02.05	02:01:35.889	0.83130	0.83131			6
2025.02.05	02:01:40.352	0.83131	0.83132			6
2025.02.05	02:01:41.373	0.83130	0.83131			6
2025.02.05	02:01:42.014	0.83132	0.83133			6
2025.02.05	02:01:43.173	0.83133	0.83134			6
2025.02.05	02:01:44.253	0.83132	0.83133			6
2025.02.05	02:01:44.773		0.83134			4
2025.02.05	02:01:46.344	0.83129	0.83130			6
2025.02.05	02:01:46.656	0.83128	0.83129			6
2025.02.05	02:01:47.120	0.83130	0.83131			6
2025.02.05	02:01:49.596	0.83128				2
2025.02.05	02:01:49.907	0.83130				2
2025.02.05	02:01:50.348	0.83129				2
2025.02.05	02:01:53.548	0.83128				2
2025.02.05	02:01:56.013	0.83131	0.83132			6
2025.02.05	02:01:59.697	0.83130	0.83131			6
2025.02.05	02:02:00.347	0.83131	0.83132			6
2025.02.05	02:02:00.994	0.83130	0.83131			6
2025.02.05	02:02:07.108	0.83129	0.83130			6
2025.02.05	02:02:08.136	0.83130	0.83131			6
2025.02.05	02:02:09.216	0.83129	0.83130			6
2025.02.05	02:02:09.618	0.83130	0.83131			6
2025.02.05	02:02:12.351	0.83132	0.83133			6
2025.02.05	02:02:17.680	0.83133	0.83134			6
2025.02.05	02:02:18.375	0.83132	0.83133			6
2025.02.05	02:02:18.986	0.83131	0.83132			6
2025.02.05	02:02:20.350	0.83129	0.83131			6
2025.02.05	02:02:20.673	0.83130				2
2025.02.05	02:02:21.028	0.83129	0.83130			6
2025.02.05	02:02:24.607	0.83130	0.83131			6
2025.02.05	02:02:29.372	0.83128	0.83130			6
2025.02.05	02:02:32.226	0.83129				2
2025.02.05	02:02:32.576	0.83127	0.83129			6
2025.02.05	02:02:35.360	0.83126				2
2025.02.05	02:02:35.671		0.83127			4
2025.02.05	02:02:36.090	0.83127	0.83128			6
2025.02.05	02:02:36.455	0.83125				2
2025.02.05	02:02:36.773		0.83129			4
2025.02.05	02:02:40.350		0.83128			4
2025.02.05	02:02:42.564		0.83129			4
2025.02.05	02:02:43.085	0.83124	0.83128			6
2025.02.05	02:02:43.412	0.83128	0.83131			6
2025.02.05	02:02:44.258		0.83132			4
2025.02.05	02:02:48.707	0.83132	0.83133			6
2025.02.05	02:02:49.601	0.83131				2
2025.02.05	02:02:55.907	0.83130	0.83132			6
2025.02.05	02:02:56.346	0.83129				2
2025.02.05	02:02:57.702		0.83131			4
2025.02.05	02:03:00.184	0.83129	0.83132			6
2025.02.05	02:03:02.247		0.83131			4
2025.02.05	02:03:04.348		0.83132			4
2025.02.05	02:03:04.667		0.83131			4
2025.02.05	02:03:05.796		0.83132			4
2025.02.05	02:03:11.550	0.83131	0.83133			6
2025.02.05	02:03:14.304	0.83132				2
2025.02.05	02:03:15.620		0.83134			4
2025.02.05	02:03:17.375	0.83133				2
2025.02.05	02:03:18.343		0.83135			4
2025.02.05	02:03:21.832	0.83131				2
2025.02.05	02:03:25.536	0.83129	0.83134			6
2025.02.05	02:03:26.875		0.83133			4
2025.02.05	02:03:28.491		0.83134			4
2025.02.05	02:03:29.132	0.83130				2
2025.02.05	02:03:29.589	0.83131				2
2025.02.05	02:03:35.889	0.83132				2
2025.02.05	02:03:39.388		0.83135			4
2025.02.05	02:03:43.678	0.83130				2
2025.02.05	02:03:44.315	0.83131				2
2025.02.05	02:03:49.179	0.83134	0.83136			6
2025.02.05	02:03:53.366	0.83133	0.83137			6
2025.02.05	02:03:54.280	0.83135				2
2025.02.05	02:03:57.598	0.83134	0.83136			6
2025.02.05	02:04:00.124	0.83134				2
2025.02.05	02:04:00.461	0.83135				2
2025.02.05	02:04:00.762	0.83134				2
2025.02.05	02:04:05.978	0.83135				2
2025.02.05	02:04:06.906		0.83137			4
2025.02.05	02:04:13.380	0.83134				2
2025.02.05	02:04:17.148	0.83135				2
2025.02.05	02:04:25.051	0.83133				2
2025.02.05	02:04:27.185	0.83134	0.83136			6
2025.02.05	02:04:28.980	0.83136	0.83137			6
2025.02.05	02:04:29.295	0.83137	0.83138			6
2025.02.05	02:04:33.921	0.83136				2
2025.02.05	02:04:34.812	0.83137				2
2025.02.05	02:04:42.427	0.83136				2
2025.02.05	02:04:45.813		0.83137			4
2025.02.05	02:04:46.250		0.83138			4
2025.02.05	02:04:54.083	0.83137				2
2025.02.05	02:04:55.898	0.83136	0.83137			6
2025.02.05	02:05:00.267	0.83136				2
2025.02.05	02:05:01.104	0.83137	0.83138			6
2025.02.05	02:05:04.586	0.83136	0.83137			6
2025.02.05	02:05:05.805		0.83138			4
2025.02.05	02:05:06.485	0.83137				2
2025.02.05	02:05:10.612	0.83135	0.83137			6
2025.02.05	02:05:11.303	0.83134				2
2025.02.05	02:05:12.954	0.83135	0.83136			6
2025.02.05	02:05:16.726	0.83134	0.83135			6
2025.02.05	02:05:23.398	0.83132	0.83133			6
2025.02.05	02:05:23.702		0.83134			4
2025.02.05	02:05:25.178	0.83134	0.83135			6
2025.02.05	02:05:38.858	0.83135	0.83136			6
2025.02.05	02:05:39.245	0.83132	0.83134			6
2025.02.05	02:05:39.564	0.83131	0.83132			6
2025.02.05	02:05:45.041		0.83133			4
2025.02.05	02:05:45.385		0.83132			4
2025.02.05	02:05:45.776	0.83130	0.83133			6
2025.02.05	02:05:46.700		0.83132			4
2025.02.05	02:05:50.025		0.83133			4
2025.02.05	02:05:50.381		0.83132			4
2025.02.05	02:05:55.565	0.83133	0.83134			6
2025.02.05	02:06:00.673	0.83132				2
2025.02.05	02:06:02.229	0.83130	0.83132			6
2025.02.05	02:06:02.548		0.83131			4
2025.02.05	02:06:03.655	0.83133	0.83134			6
2025.02.05	02:06:23.697	0.83129	0.83130			6
2025.02.05	02:06:24.033		0.83131			4
2025.02.05	02:06:24.344		0.83132			4
2025.02.05	02:06:24.808		0.83131			4
2025.02.05	02:06:25.539	0.83130				2
2025.02.05	02:06:25.887	0.83131	0.83132			6
2025.02.05	02:06:30.387	0.83130	0.83131			6
2025.02.05	02:06:38.970	0.83131	0.83132			6
2025.02.05	02:06:40.727	0.83130	0.83131			6
2025.02.05	02:06:46.381		0.83132			4
2025.02.05	02:06:58.442		0.83131			4
2025.02.05	02:07:00.213	0.83130				2
2025.02.05	02:07:02.432		0.83132			4
2025.02.05	02:07:03.140		0.83131			4
2025.02.05	02:07:05.207	0.83126	0.83128			6
2025.02.05	02:07:05.548		0.83127			4
2025.02.05	02:07:06.248	0.83127	0.83128			6
2025.02.05	02:07:09.018		0.83129			4
2025.02.05	02:07:13.493	0.83126	0.83131			6
2025.02.05	02:07:13.867		0.83130			4
2025.02.05	02:07:14.218		0.83131			4
2025.02.05	02:07:14.587	0.83127				2
2025.02.05	02:07:15.629		0.83132			4
2025.02.05	02:07:16.496	0.83128				2
2025.02.05	02:07:20.116		0.83131			4
2025.02.05	02:07:23.168	0.83129				2
2025.02.05	02:07:23.575		0.83130			4
2025.02.05	02:07:23.950		0.83131			4
2025.02.05	02:07:24.424		0.83132			4
2025.02.05	02:07:26.698		0.83131			4
2025.02.05	02:07:30.123		0.83132			4
2025.02.05	02:07:30.509		0.83131			4
2025.02.05	02:07:31.232	0.83127	0.83129			6
2025.02.05	02:07:35.299	0.83126	0.83128			6
2025.02.05	02:07:35.603		0.83129			4
2025.02.05	02:07:39.270	0.83124	0.83128			6
2025.02.05	02:07:39.614		0.83129			4
2025.02.05	02:07:40.446		0.83128			4
2025.02.05	02:07:43.004	0.83126	0.83129			6
2025.02.05	02:07:43.322		0.83130			4
2025.02.05	02:07:44.913	0.83125	0.83129			6
2025.02.05	02:07:47.701		0.83128			4
2025.02.05	02:07:48.103	0.83124	0.83126			6
2025.02.05	02:07:48.747		0.83127			4
2025.02.05	02:08:00.221	0.83124				2
2025.02.05	02:08:03.050	0.83123				2
2025.02.05	02:08:04.651	0.83124	0.83129			6
2025.02.05	02:08:06.927	0.83125	0.83128			6
2025.02.05	02:08:07.584		0.83129			4
2025.02.05	02:08:08.071		0.83128			4
2025.02.05	02:08:12.532		0.83129			4
2025.02.05	02:08:18.025		0.83127			4
2025.02.05	02:08:18.348	0.83124	0.83126			6
2025.02.05	02:08:18.670		0.83125			4
2025.02.05	02:08:19.637		0.83126			4
2025.02.05	02:08:20.017		0.83127			4
2025.02.05	02:08:20.508		0.83126			4
2025.02.05	02:08:21.821		0.83127			4
2025.02.05	02:08:24.172		0.83128			4
2025.02.05	02:08:24.735	0.83125	0.83127			6
2025.02.05	02:08:32.794		0.83128			4
2025.02.05	02:08:33.102	0.83126				2
2025.02.05	02:08:34.141		0.83129			4
2025.02.05	02:08:45.458	0.83125				2
2025.02.05	02:08:52.109	0.83126				2
2025.02.05	02:08:52.503	0.83125				2
2025.02.05	02:08:55.852	0.83127				2
2025.02.05	02:08:57.046	0.83128				2
2025.02.05	02:08:59.897	0.83129	0.83130			6
2025.02.05	02:09:00.213	0.83129				2
2025.02.05	02:09:01.326	0.83130	0.83131			6
2025.02.05	02:09:01.630	0.83129	0.83130			6
2025.02.05	02:09:01.992	0.83128				2
2025.02.05	02:09:02.685		0.83131			4
2025.02.05	02:09:03.927	0.83129				2
2025.02.05	02:09:07.273	0.83128				2
2025.02.05	02:09:08.299	0.83127				2
2025.02.05	02:09:09.167	0.83126	0.83130			6
2025.02.05	02:09:14.419	0.83127				2
2025.02.05	02:09:17.423	0.83128	0.83131			6
2025.02.05	02:09:26.090	0.83127	0.83130			6
2025.02.05	02:09:26.626		0.83131			4
2025.02.05	02:09:27.731	0.83128				2
2025.02.05	02:09:29.646	0.83131	0.83133			6
2025.02.05	02:09:29.982		0.83134			4
2025.02.05	02:09:31.517	0.83133	0.83136			6
2025.02.05	02:09:31.840	0.83134				2
2025.02.05	02:09:33.201	0.83133				2
2025.02.05	02:09:36.813		0.83135			4
2025.02.05	02:09:37.625	0.83132	0.83134			6
2025.02.05	02:09:46.274	0.83131				2
2025.02.05	02:09:46.714	0.83132				2
2025.02.05	02:09:48.899		0.83133			4
2025.02.05	02:09:51.932		0.83134			4
2025.02.05	02:09:52.661		0.83133			4
2025.02.05	02:09:53.557	0.83131				2
2025.02.05	02:09:53.886		0.83134			4
2025.02.05	02:09:54.427		0.83133			4
2025.02.05	02:09:55.529		0.83134			4
2025.02.05	02:09:57.390		0.83133			4
2025.02.05	02:10:00.628	0.83131				2
2025.02.05	02:10:09.262		0.83134			4
2025.02.05	02:10:09.934		0.83133			4
2025.02.05	02:10:10.244	0.83132	0.83134			6
2025.02.05	02:10:11.215	0.83131				2
2025.02.05	02:10:12.383		0.83132			4
2025.02.05	02:10:12.684	0.83128	0.83131			6
2025.02.05	02:10:13.303	0.83127				2
2025.02.05	02:10:13.648	0.83126				2
2025.02.05	02:10:14.227	0.83127	0.83129			6
2025.02.05	02:10:16.417		0.83131			4
2025.02.05	02:10:17.419		0.83130			4
2025.02.05	02:10:19.824		0.83131			4
2025.02.05	02:10:20.348		0.83130			4
2025.02.05	02:10:21.668	0.83128				2
2025.02.05	02:10:27.654	0.83126				2
2025.02.05	02:10:27.977	0.83129				2
2025.02.05	02:10:32.241		0.83131			4
2025.02.05	02:10:36.386		0.83132			4
2025.02.05	02:10:46.370	0.83130				2
2025.02.05	02:10:47.425	0.83131	0.83133			6
2025.02.05	02:10:49.710		0.83134			4
2025.02.05	02:10:51.116		0.83133			4
2025.02.05	02:10:53.747		0.83132			4
2025.02.05	02:11:00.301	0.83131				2
2025.02.05	02:11:01.286		0.83133			4
2025.02.05	02:11:05.223		0.83132			4
2025.02.05	02:11:05.951		0.83133			4
2025.02.05	02:11:10.154		0.83132			4
2025.02.05	02:11:10.551		0.83133			4
2025.02.05	02:11:11.263		0.83134			4
2025.02.05	02:11:14.535	0.83133				2
2025.02.05	02:11:15.954	0.83134	0.83136			6
2025.02.05	02:11:20.315		0.83135			4
2025.02.05	02:11:21.845	0.83133	0.83134			6
2025.02.05	02:11:23.529		0.83135			4
2025.02.05	02:11:23.874		0.83134			4
2025.02.05	02:11:27.667	0.83132				2
2025.02.05	02:11:28.920	0.83134	0.83135			6
2025.02.05	02:11:29.378	0.83133	0.83134			6
2025.02.05	02:11:30.025	0.83132	0.83135			6
2025.02.05	02:11:31.053	0.83133	0.83136			6
2025.02.05	02:11:32.515	0.83132				2
2025.02.05	02:11:34.348	0.83134				2
2025.02.05	02:11:35.576	0.83133				2
2025.02.05	02:11:37.379	0.83134				2
2025.02.05	02:11:41.294		0.83135			4
2025.02.05	02:11:44.113	0.83133				2
2025.02.05	02:11:44.443		0.83136			4
2025.02.05	02:11:44.752		0.83134			4
2025.02.05	02:11:46.412		0.83136			4
2025.02.05	02:11:46.724		0.83135			4
2025.02.05	02:11:50.214		0.83134			4
2025.02.05	02:11:51.647		0.83135			4
2025.02.05	02:11:53.719		0.83134			4
2025.02.05	02:11:54.337		0.83135			4
2025.02.05	02:11:54.641	0.83134	0.83136			6
2025.02.05	02:11:55.118		0.83137			4
2025.02.05	02:11:55.453	0.83135				2
2025.02.05	02:11:56.158	0.83133	0.83135			6
2025.02.05	02:11:57.983		0.83136			4
2025.02.05	02:11:58.353		0.83135			4
2025.02.05	02:11:58.872		0.83136			4
2025.02.05	02:11:59.183	0.83135	0.83137			6
2025.02.05	02:11:59.500		0.83138			4
2025.02.05	02:12:00.305	0.83135				2
2025.02.05	02:12:08.803	0.83133	0.83135			6
2025.02.05	02:12:09.148	0.83132				2
2025.02.05	02:12:18.877		0.83134			4
2025.02.05	02:12:23.619	0.83131	0.83133			6
2025.02.05	02:12:28.973		0.83134			4
2025.02.05	02:12:32.825		0.83133			4
2025.02.05	02:12:33.769		0.83134			4
2025.02.05	02:12:45.349	0.83132	0.83135			6
2025.02.05	02:12:45.970		0.83136			4
2025.02.05	02:12:58.657		0.83135			4
2025.02.05	02:13:00.271	0.83132				2
2025.02.05	02:13:07.992		0.83134			4
2025.02.05	02:13:13.388	0.83131	0.83132			6
2025.02.05	02:13:14.358		0.83133			4
2025.02.05	02:13:14.722		0.83134			4
2025.02.05	02:13:16.648		0.83133			4
2025.02.05	02:13:20.203		0.83132			4
2025.02.05	02:13:22.146		0.83134			4
2025.02.05	02:13:24.171	0.83130				2
2025.02.05	02:13:24.482		0.83133			4
2025.02.05	02:13:25.372		0.83134			4
2025.02.05	02:13:26.007		0.83133			4
2025.02.05	02:13:26.321		0.83134			4
2025.02.05	02:13:28.104	0.83131				2
2025.02.05	02:13:28.943	0.83132				2
2025.02.05	02:13:29.303	0.83131				2
2025.02.05	02:13:30.658	0.83132				2
2025.02.05	02:13:36.142		0.83133			4
2025.02.05	02:13:40.011	0.83131	0.83132			6
2025.02.05	02:13:41.416		0.83133			4
2025.02.05	02:13:43.095		0.83134			4
2025.02.05	02:13:46.940		0.83133			4
2025.02.05	02:13:47.271		0.83132			4
2025.02.05	02:13:47.579		0.83133			4
2025.02.05	02:13:52.128		0.83132			4
2025.02.05	02:13:57.453	0.83132	0.83133			6
2025.02.05	02:14:02.298	0.83132				2
2025.02.05	02:14:08.303		0.83134			4
2025.02.05	02:14:15.127		0.83135			4
2025.02.05	02:14:27.343	0.83131				2
2025.02.05	02:14:27.768	0.83132				2
2025.02.05	02:14:28.104	0.83133	0.83136			6
2025.02.05	02:14:32.684		0.83137			4
2025.02.05	02:14:33.085	0.83134				2
2025.02.05	02:14:37.376		0.83138			4
2025.02.05	02:14:37.828	0.83133	0.83135			6
2025.02.05	02:14:38.137	0.83132	0.83136			6
2025.02.05	02:14:38.914		0.83135			4
2025.02.05	02:14:41.886	0.83133	0.83136			6
2025.02.05	02:14:43.965		0.83135			4
2025.02.05	02:14:45.012		0.83136			4
2025.02.05	02:14:50.283		0.83137			4
2025.02.05	02:14:51.163	0.83134	0.83136			6
2025.02.05	02:14:51.666	0.83133				2
2025.02.05	02:14:52.181	0.83134				2
2025.02.05	02:14:53.316	0.83133				2
2025.02.05	02:14:55.437	0.83134	0.83137			6
2025.02.05	02:15:00.881	0.83134				2
2025.02.05	02:15:01.436	0.83135				2
2025.02.05	02:15:01.748		0.83138			4
2025.02.05	02:15:05.734		0.83139			4
2025.02.05	02:15:10.730		0.83138			4
2025.02.05	02:15:13.856		0.83139			4
2025.02.05	02:15:14.164	0.83136	0.83137			6
2025.02.05	02:15:18.131	0.83135				2
2025.02.05	02:15:38.476		0.83138			4
2025.02.05	02:15:40.243		0.83137			4
2025.02.05	02:15:46.330		0.83138			4
2025.02.05	02:15:49.797		0.83139			4
2025.02.05	02:15:50.525	0.83136				2
2025.02.05	02:15:53.049	0.83134	0.83136			6
2025.02.05	02:15:53.381	0.83135	0.83137			6
2025.02.05	02:15:55.183		0.83138			4
2025.02.05	02:15:58.805		0.83137			4
2025.02.05	02:15:59.187		0.83138			4
2025.02.05	02:16:01.393	0.83135				2
2025.02.05	02:16:01.702	0.83136				2
2025.02.05	02:16:02.365	0.83135	0.83139			6
2025.02.05	02:16:11.336		0.83138			4
2025.02.05	02:16:12.867	0.83136	0.83139			6
2025.02.05	02:16:13.923		0.83138			4
2025.02.05	02:16:14.761		0.83139			4
2025.02.05	02:16:15.786	0.83135	0.83138			6
2025.02.05	02:16:19.007		0.83139			4
2025.02.05	02:16:19.372		0.83138			4
2025.02.05	02:16:20.355		0.83139			4
2025.02.05	02:16:21.416	0.83137	0.83140			6
2025.02.05	02:16:21.728		0.83138			4
2025.02.05	02:16:22.127		0.83139			4
2025.02.05	02:16:22.472	0.83136				2
2025.02.05	02:16:33.825		0.83138			4
2025.02.05	02:16:35.653	0.83137				2
2025.02.05	02:16:38.272	0.83135				2
2025.02.05	02:16:38.609	0.83136				2
2025.02.05	02:16:38.979		0.83139			4
2025.02.05	02:16:42.784	0.83135				2
2025.02.05	02:16:43.663		0.83138			4
2025.02.05	02:16:43.971	0.83136	0.83139			6
2025.02.05	02:16:45.811		0.83138			4
2025.02.05	02:16:48.068		0.83139			4
2025.02.05	02:16:50.029	0.83135				2
2025.02.05	02:16:50.866	0.83136				2
2025.02.05	02:16:52.756		0.83138			4
2025.02.05	02:16:54.624		0.83139			4
2025.02.05	02:17:00.888	0.83136				2
2025.02.05	02:17:01.428		0.83138			4
2025.02.05	02:17:01.804	0.83137				2
2025.02.05	02:17:04.345		0.83139			4
2025.02.05	02:17:07.838		0.83140			4
2025.02.05	02:17:11.886		0.83139			4
2025.02.05	02:17:12.305		0.83140			4
2025.02.05	02:17:17.061	0.83135	0.83136			6
2025.02.05	02:17:18.318		0.83137			4
2025.02.05	02:17:20.298	0.83136	0.83138			6
2025.02.05	02:17:20.632	0.83135				2
2025.02.05	02:17:24.351		0.83136			4
2025.02.05	02:17:24.867	0.83133	0.83134			6
2025.02.05	02:17:25.423	0.83134	0.83135			6
2025.02.05	02:17:27.637	0.83132	0.83133			6
2025.02.05	02:17:37.041	0.83133	0.83134			6
2025.02.05	02:17:39.984	0.83132	0.83133			6
2025.02.05	02:17:41.133	0.83133	0.83134			6
2025.02.05	02:17:43.221	0.83132	0.83133			6
2025.02.05	02:17:44.748	0.83133	0.83134			6
2025.02.05	02:17:49.740	0.83132	0.83133			6
2025.02.05	02:17:50.262	0.83133	0.83134			6
2025.02.05	02:17:50.762		0.83136			4
2025.02.05	02:17:54.436	0.83132				2
2025.02.05	02:17:56.089		0.83135			4
2025.02.05	02:17:58.915	0.83133				2
2025.02.05	02:18:00.498	0.83133				2
2025.02.05	02:18:03.272		0.83134			4
2025.02.05	02:18:05.381		0.83135			4
2025.02.05	02:18:06.446		0.83136			4
2025.02.05	02:18:06.813		0.83135			4
2025.02.05	02:18:07.953	0.83131	0.83136			6
2025.02.05	02:18:10.982		0.83135			4
2025.02.05	02:18:13.105	0.83132	0.83134			6
2025.02.05	02:18:15.489	0.83131				2
2025.02.05	02:18:16.284	0.83132				2
2025.02.05	02:18:20.755		0.83133			4
2025.02.05	02:18:21.145		0.83134			4
2025.02.05	02:18:21.487		0.83135			4
2025.02.05	02:18:22.119		0.83134			4
2025.02.05	02:18:24.049		0.83135			4
2025.02.05	02:18:24.718		0.83134			4
2025.02.05	02:18:27.831		0.83135			4
2025.02.05	02:18:28.596		0.83134			4
2025.02.05	02:18:29.622		0.83133			4
2025.02.05	02:18:30.625		0.83134			4
2025.02.05	02:18:31.044	0.83131	0.83133			6
2025.02.05	02:18:31.492	0.83132	0.83134			6
2025.02.05	02:18:32.139		0.83136			4
2025.02.05	02:18:32.953	0.83133				2
2025.02.05	02:18:36.506		0.83135			4
2025.02.05	02:18:38.938		0.83136			4
2025.02.05	02:18:39.880	0.83132	0.83135			6
2025.02.05	02:18:40.678		0.83136			4
2025.02.05	02:18:41.113		0.83135			4
2025.02.05	02:18:41.803		0.83136			4
2025.02.05	02:18:42.525	0.83134	0.83137			6
2025.02.05	02:18:43.413		0.83135			4
2025.02.05	02:18:48.033	0.83133	0.83136			6
2025.02.05	02:18:49.414		0.83137			4
2025.02.05	02:18:49.909		0.83136			4
2025.02.05	02:18:50.848	0.83134	0.83137			6
2025.02.05	02:18:53.602		0.83136			4
2025.02.05	02:18:54.596		0.83135			4
2025.02.05	02:18:55.729		0.83136			4
2025.02.05	02:18:56.769	0.83133	0.83134			6
2025.02.05	02:18:58.459		0.83136			4
2025.02.05	02:19:00.520	0.83133				2
2025.02.05	02:19:03.296		0.83135			4
2025.02.05	02:19:05.359		0.83134			4
2025.02.05	02:19:08.079	0.83124	0.83131			6
2025.02.05	02:19:08.387	0.83126				2
2025.02.05	02:19:11.461	0.83129	0.83133			6
2025.02.05	02:19:11.981	0.83128				2
2025.02.05	02:19:12.349	0.83129				2
2025.02.05	02:19:14.275		0.83131			4
2025.02.05	02:19:15.184		0.83132			4
2025.02.05	02:19:16.608		0.83131			4
2025.02.05	02:19:18.403		0.83132			4
2025.02.05	02:19:22.353		0.83133			4
2025.02.05	02:19:22.666		0.83134			4
2025.02.05	02:19:23.287	0.83130				2
2025.02.05	02:19:23.662		0.83133			4
2025.02.05	02:19:28.345		0.83134			4
2025.02.05	02:19:31.192	0.83133	0.83135			6
2025.02.05	02:19:45.556		0.83136			4
2025.02.05	02:19:46.110		0.83135			4
2025.02.05	02:19:50.190	0.83132	0.83134			6
2025.02.05	02:19:50.505	0.83131	0.83132			6
2025.02.05	02:19:52.286		0.83133			4
2025.02.05	02:19:52.631		0.83134			4
2025.02.05	02:19:53.928		0.83133			4
2025.02.05	02:19:54.410		0.83134			4
2025.02.05	02:19:56.319		0.83133			4
2025.02.05	02:19:58.343		0.83132			4
2025.02.05	02:19:58.898	0.83130	0.83131			6
2025.02.05	02:20:01.130	0.83130				2
2025.02.05	02:20:01.823		0.83132			4
2025.02.05	02:20:02.242		0.83131			4
2025.02.05	02:20:02.607		0.83132			4
2025.02.05	02:20:04.718	0.83131				2
2025.02.05	02:20:05.866		0.83134			4
2025.02.05	02:20:07.113		0.83133			4
2025.02.05	02:20:07.925		0.83132			4
2025.02.05	02:20:08.230	0.83132	0.83134			6
2025.02.05	02:20:09.733		0.83133			4
2025.02.05	02:20:10.140		0.83134			4
2025.02.05	02:20:11.229		0.83135			4
2025.02.05	02:20:11.901	0.83133	0.83138			6
2025.02.05	02:20:12.374	0.83134				2
2025.02.05	02:20:13.168	0.83133				2
2025.02.05	02:20:14.118	0.83134				2
2025.02.05	02:20:14.434	0.83135				2
2025.02.05	02:20:18.767	0.83133	0.83136			6
2025.02.05	02:20:24.347		0.83135			4
2025.02.05	02:20:24.696		0.83136			4
2025.02.05	02:20:29.354	0.83134				2
2025.02.05	02:20:30.075	0.83133				2
2025.02.05	02:20:31.425	0.83137	0.83140			6
2025.02.05	02:20:38.901		0.83139			4
2025.02.05	02:20:39.258		0.83140			4
2025.02.05	02:20:49.676	0.83136	0.83139			6
2025.02.05	02:21:00.009	0.83136				2
2025.02.05	02:21:06.495	0.83137				2
2025.02.05	02:21:06.814	0.83136				2
2025.02.05	02:21:13.480	0.83137	0.83140			6
2025.02.05	02:21:23.034	0.83134	0.83138			6
2025.02.05	02:21:24.822	0.83136				2
2025.02.05	02:21:26.302	0.83137	0.83140			6
2025.02.05	02:21:41.177		0.83139			4
2025.02.05	02:21:42.772		0.83140			4
2025.02.05	02:21:53.954		0.83141			4
2025.02.05	02:21:55.752		0.83140			4
2025.02.05	02:22:00.018	0.83136				2
2025.02.05	02:22:02.262	0.83137				2
2025.02.05	02:22:05.020	0.83135				2
2025.02.05	02:22:10.089	0.83136				2
2025.02.05	02:22:10.617	0.83137				2
2025.02.05	02:22:43.101	0.83136	0.83139			6
2025.02.05	02:22:47.871	0.83137				2
2025.02.05	02:22:50.770	0.83136				2
2025.02.05	02:22:58.214	0.83137				2
2025.02.05	02:22:58.732	0.83136				2
2025.02.05	02:22:59.933	0.83137				2
2025.02.05	02:23:00.564	0.83137				2
2025.02.05	02:23:06.407		0.83140			4
2025.02.05	02:23:08.687		0.83139			4
2025.02.05	02:23:09.891		0.83140			4
2025.02.05	02:23:12.039	0.83138	0.83139			6
2025.02.05	02:23:12.784	0.83137				2
2025.02.05	02:23:14.036	0.83136	0.83138			6
2025.02.05	02:23:14.668	0.83135				2
2025.02.05	02:23:16.415	0.83137	0.83139			6
2025.02.05	02:23:20.914	0.83134	0.83138			6
2025.02.05	02:23:27.204	0.83135	0.83137			6
2025.02.05	02:23:33.498	0.83136	0.83138			6
2025.02.05	02:23:36.345		0.83137			4
2025.02.05	02:23:38.800		0.83138			4
2025.02.05	02:23:41.775	0.83135	0.83137			6
2025.02.05	02:23:42.871	0.83140	0.83141			6
2025.02.05	02:23:43.203	0.83139	0.83140			6
2025.02.05	02:23:43.519	0.83138				2
2025.02.05	02:23:48.861	0.83136	0.83142			6
2025.02.05	02:23:50.983	0.83138	0.83140			6
2025.02.05	02:23:53.889	0.83137				2
2025.02.05	02:23:54.662	0.83138				2
2025.02.05	02:24:00.201	0.83138				2
2025.02.05	02:24:06.138	0.83139				2
2025.02.05	02:24:08.817	0.83138				2
2025.02.05	02:24:22.022	0.83139				2
2025.02.05	02:24:27.342	0.83138				2
2025.02.05	02:24:28.118	0.83139	0.83141			6
2025.02.05	02:24:30.521	0.83137	0.83139			6
2025.02.05	02:24:32.316		0.83141			4
2025.02.05	02:24:32.675		0.83140			4
2025.02.05	02:24:33.389	0.83136				2
2025.02.05	02:24:35.842		0.83141			4
2025.02.05	02:24:36.145		0.83140			4
2025.02.05	02:24:37.021		0.83139			4
2025.02.05	02:24:38.334		0.83140			4
2025.02.05	02:24:49.705	0.83138				2
2025.02.05	02:24:50.316	0.83139	0.83141			6
2025.02.05	02:24:52.444	0.83138	0.83140			6
2025.02.05	02:25:00.445	0.83138				2
2025.02.05	02:25:02.303	0.83139	0.83142			6
2025.02.05	02:25:02.617	0.83140				2
2025.02.05	02:25:04.191	0.83141				2
2025.02.05	02:25:04.554	0.83140				2
2025.02.05	02:25:05.222	0.83141				2
2025.02.05	02:25:05.532	0.83142	0.83144			6
2025.02.05	02:25:06.060		0.83143			4
2025.02.05	02:25:06.671		0.83144			4
2025.02.05	02:25:09.029	0.83143	0.83145			6
2025.02.05	02:25:12.398		0.83144			4
2025.02.05	02:25:20.697		0.83145			4
2025.02.05	02:25:27.297	0.83144				2
2025.02.05	02:25:27.628		0.83146			4
2025.02.05	02:25:30.205	0.83145				2
2025.02.05	02:25:37.938	0.83144				2
2025.02.05	02:25:39.756	0.83145				2
2025.02.05	02:25:54.373	0.83144				2
2025.02.05	02:26:00.004	0.83144				2
2025.02.05	02:26:08.826	0.83143	0.83144			6
2025.02.05	02:26:09.133		0.83145			4
2025.02.05	02:26:56.089	0.83144				2
2025.02.05	02:26:56.403	0.83143				2
2025.02.05	02:27:00.236	0.83143				2
2025.02.05	02:27:02.654	0.83144				2
2025.02.05	02:27:04.094	0.83143				2
2025.02.05	02:27:08.597	0.83141	0.83147			6
2025.02.05	02:27:08.911	0.83143	0.83146			6
2025.02.05	02:27:09.613	0.83142				2
2025.02.05	02:27:09.921	0.83141				2
2025.02.05	02:27:10.232	0.83142				2
2025.02.05	02:27:10.542	0.83143				2
2025.02.05	02:27:11.591		0.83147			4
2025.02.05	02:27:11.918	0.83142				2
2025.02.05	02:27:13.928	0.83141				2
2025.02.05	02:27:16.236	0.83142				2
2025.02.05	02:27:16.551	0.83143				2
2025.02.05	02:27:18.012	0.83142				2
2025.02.05	02:27:20.515	0.83143				2
2025.02.05	02:27:24.191	0.83144	0.83146			6
2025.02.05	02:27:24.507	0.83143	0.83145			6
2025.02.05	02:27:25.328		0.83144			4
2025.02.05	02:27:29.313		0.83145			4
2025.02.05	02:27:29.858		0.83144			4
2025.02.05	02:27:30.521	0.83144	0.83146			6
2025.02.05	02:27:31.118	0.83143	0.83147			6
2025.02.05	02:27:36.369	0.83144	0.83145			6
2025.02.05	02:27:37.086	0.83143	0.83146			6
2025.02.05	02:27:43.393	0.83141	0.83147			6
2025.02.05	02:27:43.769	0.83144	0.83145			6
2025.02.05	02:27:44.250		0.83146			4
2025.02.05	02:27:44.815		0.83147			4
2025.02.05	02:27:45.119		0.83145			4
2025.02.05	02:27:45.763	0.83143				2
2025.02.05	02:28:00.384	0.83142	0.83146			6
2025.02.05	02:28:00.890		0.83145			4
2025.02.05	02:28:11.992	0.83144	0.83148			6
2025.02.05	02:28:15.959	0.83142	0.83146			6
2025.02.05	02:28:16.279	0.83144	0.83147			6
2025.02.05	02:28:16.583	0.83143				2
2025.02.05	02:28:19.081		0.83149			4
2025.02.05	02:28:19.512	0.83142	0.83147			6
2025.02.05	02:28:25.319		0.83146			4
2025.02.05	02:28:31.948	0.83144	0.83147			6
2025.02.05	02:28:53.776		0.83148			4
2025.02.05	02:28:57.189	0.83143				2
2025.02.05	02:29:00.362	0.83143				2
2025.02.05	02:29:02.300		0.83146			4
2025.02.05	02:29:02.647	0.83142				2
2025.02.05	02:29:08.030	0.83141				2
2025.02.05	02:29:34.344	0.83142				2
2025.02.05	02:29:40.387	0.83141				2
2025.02.05	02:29:50.864	0.83142				2
2025.02.05	02:29:51.368	0.83143	0.83144			6
2025.02.05	02:29:51.719	0.83142	0.83146			6
2025.02.05	02:29:52.227		0.83147			4
2025.02.05	02:29:52.587	0.83145	0.83146			6
2025.02.05	02:29:53.186	0.83144	0.83145			6
2025.02.05	02:29:55.117		0.83148			4
2025.02.05	02:29:55.424	0.83143	0.83147			6
2025.02.05	02:30:00.274	0.83143	0.83146			6
2025.02.05	02:30:00.944	0.83141	0.83147			6
2025.02.05	02:30:05.233	0.83142				2
2025.02.05	02:30:05.561	0.83141				2
2025.02.05	02:30:06.348	0.83142				2
2025.02.05	02:30:06.725	0.83141				2
2025.02.05	02:30:07.350	0.83145				2
2025.02.05	02:30:15.115		0.83149			4
2025.02.05	02:30:15.423	0.83146				2
2025.02.05	02:30:20.101	0.83145				2
2025.02.05	02:30:20.936		0.83148			4
2025.02.05	02:30:24.360	0.83148	0.83150			6
2025.02.05	02:30:24.663	0.83146	0.83149			6
2025.02.05	02:30:25.072	0.83145				2
2025.02.05	02:30:25.387	0.83146				2
2025.02.05	02:30:27.881	0.83145	0.83148			6
2025.02.05	02:30:29.422	0.83153	0.83157			6
2025.02.05	02:30:29.737		0.83155			4
2025.02.05	02:30:30.086		0.83156			4
2025.02.05	02:30:30.455	0.83157	0.83158			6
2025.02.05	02:30:31.173	0.83154				2
2025.02.05	02:30:37.352	0.83155	0.83157			6
2025.02.05	02:30:41.761	0.83154				2
2025.02.05	02:30:42.658		0.83156			4
2025.02.05	02:30:43.369	0.83153				2
2025.02.05	02:30:44.577	0.83154				2
2025.02.05	02:30:45.125	0.83156	0.83159			6
2025.02.05	02:30:46.226	0.83155				2
2025.02.05	02:30:49.421	0.83156				2
2025.02.05	02:30:49.937	0.83155				2
2025.02.05	02:30:58.349	0.83156				2
2025.02.05	02:30:59.204	0.83155				2
2025.02.05	02:31:00.068	0.83155				2
2025.02.05	02:31:00.723		0.83160			4
2025.02.05	02:31:08.173	0.83156				2
2025.02.05	02:31:09.495	0.83155				2
2025.02.05	02:31:10.394		0.83159			4
2025.02.05	02:31:10.747	0.83156				2
2025.02.05	02:31:11.467	0.83155				2
2025.02.05	02:31:12.407	0.83154	0.83158			6
2025.02.05	02:31:15.312	0.83153	0.83159			6
2025.02.05	02:31:21.499	0.83154				2
2025.02.05	02:31:23.226	0.83153				2
2025.02.05	02:31:24.429	0.83154				2
2025.02.05	02:31:24.766	0.83153				2
2025.02.05	02:31:25.809	0.83154	0.83157			6
2025.02.05	02:31:26.117	0.83152	0.83156			6
2025.02.05	02:31:26.424		0.83155			4
2025.02.05	02:31:26.974	0.83151				2
2025.02.05	02:31:27.298	0.83152				2
2025.02.05	02:31:27.832	0.83150				2
2025.02.05	02:31:28.268	0.83149				2
2025.02.05	02:31:28.625		0.83156			4
2025.02.05	02:31:29.066		0.83155			4
2025.02.05	02:31:29.518	0.83150				2
2025.02.05	02:31:31.375	0.83149				2
2025.02.05	02:31:32.345	0.83150				2
2025.02.05	02:31:33.418	0.83151	0.83156			6
2025.02.05	02:31:33.722	0.83150	0.83154			6
2025.02.05	02:31:34.179	0.83149	0.83152			6
2025.02.05	02:31:37.117		0.83153			4
2025.02.05	02:31:38.503	0.83152	0.83155			6
2025.02.05	02:31:40.857	0.83151	0.83156			6
2025.02.05	02:31:41.963	0.83152				2
2025.02.05	02:31:42.982		0.83157			4
2025.02.05	02:31:44.308	0.83154				2
2025.02.05	02:31:44.632	0.83153	0.83156			6
2025.02.05	02:31:45.273		0.83155			4
2025.02.05	02:31:46.599	0.83154	0.83157			6
2025.02.05	02:31:46.913		0.83156			4
2025.02.05	02:31:47.329	0.83153				2
2025.02.05	02:31:48.465	0.83152				2
2025.02.05	02:31:49.886		0.83155			4
2025.02.05	02:31:53.191	0.83153				2
2025.02.05	02:31:56.352	0.83151	0.83154			6
2025.02.05	02:31:56.664	0.83155	0.83156			6
2025.02.05	02:31:57.559		0.83157			4
2025.02.05	02:31:57.971		0.83156			4
2025.02.05	02:31:59.804	0.83156	0.83157			6
2025.02.05	02:32:00.122	0.83156				2
2025.02.05	02:32:02.929	0.83155				2
2025.02.05	02:32:03.551	0.83154	0.83156			6
2025.02.05	02:32:04.600	0.83153	0.83155			6
2025.02.05	02:32:08.667		0.83154			4
2025.02.05	02:32:11.558	0.83155	0.83157			6
2025.02.05	02:32:12.213	0.83154	0.83156			6
2025.02.05	02:32:12.517	0.83153				2
2025.02.05	02:32:12.991	0.83154				2
