<DATE>	<TIME>	<BID>	<ASK>	<LAST>	<VOLUME>	<FLAGS>
2025.11.26	00:03:31.101	0.87838	0.87903			6
2025.11.26	00:03:51.113		0.87904			4
2025.11.26	00:03:58.100		0.87899			4
2025.11.26	00:04:02.980	0.87838				2
2025.11.26	00:04:08.104		0.87900			4
2025.11.26	00:05:00.437	0.87838	0.87897			6
2025.11.26	00:06:04.345	0.87838	0.87897			6
2025.11.26	00:06:36.948		0.87898			4
2025.11.26	00:07:00.591	0.87838				2
2025.11.26	00:07:37.461		0.87898			4
2025.11.26	00:08:00.591	0.87838				2
2025.11.26	00:08:37.467		0.87898			4
2025.11.26	00:09:09.541	0.87826				2
2025.11.26	00:09:22.948		0.87899			4
2025.11.26	00:09:39.097	0.87816				2
2025.11.26	00:10:00.322	0.87816				2
2025.11.26	00:10:11.605	0.87833	0.87907			6
2025.11.26	00:10:54.593		0.87908			4
2025.11.26	00:11:00.117	0.87833				2
2025.11.26	00:11:04.637	0.87786	0.87900			6
2025.11.26	00:11:06.385	0.87828	0.87899			6
2025.11.26	00:11:08.296	0.87833	0.87908			6
2025.11.26	00:11:09.253	0.87828	0.87899			6
2025.11.26	00:11:20.941	0.87833	0.87908			6
2025.11.26	00:11:21.854	0.87828	0.87899			6
2025.11.26	00:11:26.999	0.87833	0.87908			6
2025.11.26	00:11:27.978	0.87828	0.87899			6
2025.11.26	00:11:33.344	0.87833	0.87908			6
2025.11.26	00:11:34.298	0.87828	0.87899			6
2025.11.26	00:11:59.975	0.87829				2
2025.11.26	00:12:02.914	0.87829				2
2025.11.26	00:12:18.858		0.87900			4
2025.11.26	00:13:02.728	0.87829				2
2025.11.26	00:13:20.550		0.87900			4
2025.11.26	00:14:02.014	0.87829				2
2025.11.26	00:14:25.415		0.87900			4
2025.11.26	00:14:53.935		0.87897			4
2025.11.26	00:15:00.385	0.87829	0.87875			6
2025.11.26	00:15:44.013		0.87879			4
2025.11.26	00:15:45.975		0.87892			4
2025.11.26	00:15:55.815		0.87897			4
2025.11.26	00:16:01.113	0.87829				2
2025.11.26	00:16:57.199		0.87897			4
2025.11.26	00:17:00.677	0.87829				2
2025.11.26	00:17:18.881		0.87896			4
2025.11.26	00:18:01.925	0.87829				2
2025.11.26	00:18:24.985		0.87896			4
2025.11.26	00:18:38.025		0.87901			4
2025.11.26	00:19:02.014	0.87829				2
2025.11.26	00:19:09.025		0.87899			4
2025.11.26	00:19:26.244		0.87901			4
2025.11.26	00:20:00.025	0.87829				2
2025.11.26	00:20:28.715		0.87901			4
2025.11.26	00:21:00.591	0.87829				2
2025.11.26	00:21:28.102		0.87899			4
2025.11.26	00:21:32.762		0.87898			4
2025.11.26	00:21:38.594		0.87899			4
2025.11.26	00:21:39.672		0.87898			4
2025.11.26	00:21:46.562		0.87897			4
2025.11.26	00:22:00.589	0.87829				2
2025.11.26	00:22:48.856		0.87897			4
2025.11.26	00:23:00.550	0.87829				2
2025.11.26	00:23:50.678		0.87897			4
2025.11.26	00:23:54.697		0.87896			4
2025.11.26	00:24:02.148	0.87829				2
2025.11.26	00:24:44.842		0.87890			4
2025.11.26	00:25:00.309	0.87829				2
2025.11.26	00:25:08.914	0.87834				2
2025.11.26	00:25:12.341	0.87829				2
2025.11.26	00:25:25.945		0.87894			4
2025.11.26	00:25:36.195	0.87834				2
2025.11.26	00:26:01.478	0.87834				2
2025.11.26	00:26:16.499		0.87896			4
2025.11.26	00:26:35.013	0.87829				2
2025.11.26	00:26:43.414	0.87831				2
2025.11.26	00:27:03.412	0.87831				2
2025.11.26	00:27:18.860		0.87895			4
2025.11.26	00:27:45.982	0.87834				2
2025.11.26	00:27:55.294		0.87894			4
2025.11.26	00:28:01.420	0.87834				2
2025.11.26	00:28:27.496	0.87829	0.87899			6
2025.11.26	00:28:27.992	0.87835	0.87897			6
2025.11.26	00:28:47.617	0.87834	0.87901			6
2025.11.26	00:28:47.918	0.87835				2
2025.11.26	00:29:00.215	0.87835				2
2025.11.26	00:29:32.367	0.87832	0.87898			6
2025.11.26	00:29:32.872	0.87830				2
2025.11.26	00:29:33.515	0.87835				2
2025.11.26	00:29:44.346	0.87836	0.87883			6
2025.11.26	00:30:00.815	0.87836				2
2025.11.26	00:30:17.991	0.87837				2
2025.11.26	00:30:27.813	0.87836				2
2025.11.26	00:30:30.044	0.87837				2
2025.11.26	00:30:37.351	0.87834				2
2025.11.26	00:30:39.058	0.87837				2
2025.11.26	00:30:41.326	0.87832				2
2025.11.26	00:30:44.914		0.87883			4
2025.11.26	00:31:03.136	0.87832				2
2025.11.26	00:31:45.471		0.87883			4
2025.11.26	00:31:59.014	0.87831	0.87874			6
2025.11.26	00:31:59.331	0.87829				2
2025.11.26	00:31:59.683	0.87831				2
2025.11.26	00:32:00.156	0.87831				2
2025.11.26	00:32:00.611	0.87832				2
2025.11.26	00:32:01.114	0.87833				2
2025.11.26	00:32:01.715		0.87870			4
2025.11.26	00:32:34.995	0.87832				2
2025.11.26	00:32:49.207	0.87833	0.87864			6
2025.11.26	00:32:58.762	0.87831	0.87863			6
2025.11.26	00:33:00.216	0.87831				2
2025.11.26	00:33:26.748		0.87877			4
2025.11.26	00:34:00.437	0.87832				2
2025.11.26	00:34:26.756		0.87877			4
2025.11.26	00:35:02.147	0.87832				2
2025.11.26	00:35:27.469		0.87877			4
2025.11.26	00:35:28.124	0.87834				2
2025.11.26	00:35:55.636	0.87835				2
2025.11.26	00:35:56.291		0.87865			4
2025.11.26	00:35:57.275		0.87864			4
2025.11.26	00:36:00.409	0.87835				2
2025.11.26	00:36:00.915		0.87868			4
2025.11.26	00:36:02.237		0.87871			4
2025.11.26	00:36:08.922		0.87864			4
2025.11.26	00:36:11.300	0.87834	0.87871			6
2025.11.26	00:36:23.079	0.87835				2
2025.11.26	00:36:23.495	0.87834				2
2025.11.26	00:36:25.237	0.87835				2
2025.11.26	00:36:27.961	0.87834				2
2025.11.26	00:36:30.184	0.87835				2
2025.11.26	00:36:31.901	0.87834				2
2025.11.26	00:36:35.190	0.87837	0.87863			6
2025.11.26	00:36:43.993	0.87834	0.87862			6
2025.11.26	00:36:51.833	0.87837	0.87863			6
2025.11.26	00:36:52.184	0.87836	0.87862			6
2025.11.26	00:37:00.222	0.87836				2
2025.11.26	00:37:02.055	0.87837	0.87866			6
2025.11.26	00:37:04.304		0.87871			4
2025.11.26	00:37:11.371	0.87835				2
2025.11.26	00:37:14.355	0.87837				2
2025.11.26	00:37:19.325	0.87836				2
2025.11.26	00:37:24.245	0.87837				2
2025.11.26	00:37:25.046	0.87836				2
2025.11.26	00:37:25.713	0.87837				2
2025.11.26	00:37:27.515		0.87870			4
2025.11.26	00:37:51.194	0.87836				2
2025.11.26	00:37:51.762	0.87837				2
2025.11.26	00:37:52.114		0.87871			4
2025.11.26	00:37:56.979	0.87836				2
2025.11.26	00:37:59.477		0.87870			4
2025.11.26	00:38:00.420	0.87836	0.87871			6
2025.11.26	00:38:04.114		0.87870			4
2025.11.26	00:38:12.109	0.87837				2
2025.11.26	00:38:12.815	0.87834				2
2025.11.26	00:38:13.126	0.87837				2
2025.11.26	00:38:37.904		0.87871			4
2025.11.26	00:38:58.282	0.87836				2
2025.11.26	00:39:00.300	0.87836	0.87870			6
2025.11.26	00:39:05.956		0.87874			4
2025.11.26	00:39:11.615		0.87862			4
2025.11.26	00:39:19.146	0.87837	0.87863			6
2025.11.26	00:39:23.890	0.87836	0.87862			6
2025.11.26	00:39:54.656	0.87835	0.87861			6
2025.11.26	00:39:56.223	0.87836	0.87862			6
2025.11.26	00:39:57.192	0.87835	0.87861			6
2025.11.26	00:40:00.233	0.87835				2
2025.11.26	00:40:05.387	0.87836	0.87862			6
2025.11.26	00:40:11.920		0.87875			4
2025.11.26	00:40:16.566		0.87862			4
2025.11.26	00:40:17.633	0.87835	0.87861			6
2025.11.26	00:40:23.615		0.87862			4
2025.11.26	00:40:24.814		0.87861			4
2025.11.26	00:40:29.014		0.87862			4
2025.11.26	00:40:30.216		0.87861			4
2025.11.26	00:40:30.595	0.87836	0.87862			6
2025.11.26	00:40:31.295	0.87835	0.87861			6
2025.11.26	00:40:32.314		0.87862			4
2025.11.26	00:40:39.813		0.87861			4
2025.11.26	00:40:41.231	0.87836	0.87862			6
2025.11.26	00:40:41.895	0.87834	0.87861			6
2025.11.26	00:40:47.298		0.87862			4
2025.11.26	00:40:48.147	0.87836				2
2025.11.26	00:41:00.570	0.87836				2
2025.11.26	00:41:16.745	0.87835				2
2025.11.26	00:41:24.307	0.87836				2
2025.11.26	00:41:32.470	0.87835	0.87861			6
2025.11.26	00:41:35.537		0.87862			4
2025.11.26	00:41:44.891	0.87836				2
2025.11.26	00:41:53.292	0.87835	0.87861			6
2025.11.26	00:41:54.260	0.87836	0.87862			6
2025.11.26	00:41:57.997	0.87835				2
2025.11.26	00:42:00.214	0.87835				2
2025.11.26	00:42:05.013		0.87861			4
2025.11.26	00:42:05.318	0.87834				2
2025.11.26	00:42:07.717		0.87862			4
2025.11.26	00:42:08.296	0.87836				2
2025.11.26	00:42:11.624	0.87835	0.87861			6
2025.11.26	00:42:14.314		0.87862			4
2025.11.26	00:42:16.413		0.87861			4
2025.11.26	00:42:24.953	0.87836	0.87862			6
2025.11.26	00:42:25.286	0.87835	0.87861			6
2025.11.26	00:42:32.314	0.87834				2
2025.11.26	00:42:33.376	0.87835				2
2025.11.26	00:43:01.297	0.87835				2
2025.11.26	00:43:06.254	0.87834				2
2025.11.26	00:43:07.274		0.87860			4
2025.11.26	00:43:08.787	0.87835	0.87861			6
2025.11.26	00:43:12.818		0.87863			4
2025.11.26	00:43:23.130	0.87834				2
2025.11.26	00:43:24.080	0.87835				2
2025.11.26	00:43:29.450	0.87834				2
2025.11.26	00:44:00.595	0.87834				2
2025.11.26	00:44:10.193		0.87875			4
2025.11.26	00:44:14.451		0.87874			4
2025.11.26	00:44:20.200	0.87840	0.87895			6
2025.11.26	00:44:25.414	0.87839				2
2025.11.26	00:44:27.193	0.87831	0.87901			6
2025.11.26	00:44:28.661	0.87832				2
2025.11.26	00:44:32.395	0.87831				2
2025.11.26	00:44:37.600	0.87832				2
2025.11.26	00:44:47.163	0.87830				2
2025.11.26	00:44:49.571	0.87832				2
2025.11.26	00:44:54.796	0.87830				2
2025.11.26	00:44:55.414	0.87831				2
2025.11.26	00:44:55.743	0.87830				2
2025.11.26	00:44:58.625	0.87832	0.87899			6
2025.11.26	00:45:00.767	0.87832	0.87897			6
2025.11.26	00:45:01.771	0.87831				2
2025.11.26	00:45:03.184	0.87828	0.87894			6
2025.11.26	00:45:05.185	0.87830	0.87895			6
2025.11.26	00:45:06.784	0.87831	0.87896			6
2025.11.26	00:45:11.093	0.87843	0.87884			6
2025.11.26	00:45:13.777	0.87844	0.87885			6
2025.11.26	00:45:14.574		0.87886			4
2025.11.26	00:45:15.767		0.87885			4
2025.11.26	00:45:16.996		0.87884			4
2025.11.26	00:45:18.515		0.87878			4
2025.11.26	00:45:19.993		0.87880			4
2025.11.26	00:45:20.442		0.87881			4
2025.11.26	00:45:21.992		0.87880			4
2025.11.26	00:45:27.552	0.87843	0.87879			6
2025.11.26	00:45:28.169		0.87880			4
2025.11.26	00:45:33.142	0.87847				2
2025.11.26	00:45:36.012		0.87881			4
2025.11.26	00:45:38.056	0.87843	0.87877			6
2025.11.26	00:45:56.042	0.87844				2
2025.11.26	00:46:00.515	0.87844				2
2025.11.26	00:46:08.095	0.87843				2
2025.11.26	00:46:18.213	0.87844	0.87876			6
2025.11.26	00:46:18.801	0.87845				2
2025.11.26	00:46:26.832	0.87850	0.87879			6
2025.11.26	00:46:27.217	0.87849	0.87880			6
2025.11.26	00:46:27.612	0.87854	0.87882			6
2025.11.26	00:46:28.086	0.87853	0.87884			6
2025.11.26	00:46:29.264		0.87885			4
2025.11.26	00:46:31.083		0.87886			4
2025.11.26	00:46:34.246	0.87854	0.87885			6
2025.11.26	00:46:34.765	0.87853	0.87884			6
2025.11.26	00:46:35.322	0.87851	0.87879			6
2025.11.26	00:46:39.125	0.87850	0.87880			6
2025.11.26	00:46:39.814		0.87881			4
2025.11.26	00:46:44.684		0.87880			4
2025.11.26	00:46:45.514	0.87851				2
2025.11.26	00:46:50.376	0.87844				2
2025.11.26	00:46:52.714		0.87881			4
2025.11.26	00:46:54.011		0.87880			4
2025.11.26	00:46:54.515		0.87879			4
2025.11.26	00:47:01.769	0.87844				2
2025.11.26	00:47:03.169	0.87842	0.87875			6
2025.11.26	00:47:05.114	0.87844	0.87877			6
2025.11.26	00:47:06.725		0.87881			4
2025.11.26	00:47:09.038		0.87879			4
2025.11.26	00:47:15.214		0.87878			4
2025.11.26	00:47:31.298	0.87845				2
2025.11.26	00:47:51.768	0.87844				2
2025.11.26	00:47:57.445		0.87879			4
2025.11.26	00:48:00.374	0.87844				2
2025.11.26	00:48:01.771	0.87845				2
2025.11.26	00:48:02.316		0.87878			4
2025.11.26	00:48:03.814		0.87879			4
2025.11.26	00:48:10.591	0.87844				2
2025.11.26	00:48:13.296	0.87848				2
2025.11.26	00:48:33.217		0.87878			4
2025.11.26	00:48:52.362		0.87877			4
2025.11.26	00:49:00.214	0.87848				2
2025.11.26	00:49:21.284		0.87876			4
2025.11.26	00:49:35.211		0.87874			4
2025.11.26	00:49:59.055	0.87849				2
2025.11.26	00:50:00.590	0.87849				2
2025.11.26	00:50:01.114		0.87873			4
2025.11.26	00:50:30.747	0.87850				2
2025.11.26	00:50:43.714	0.87851				2
2025.11.26	00:50:45.213	0.87850				2
2025.11.26	00:50:46.941	0.87851	0.87872			6
2025.11.26	00:50:51.238	0.87854	0.87870			6
2025.11.26	00:50:52.714	0.87853				2
2025.11.26	00:51:00.608	0.87853				2
2025.11.26	00:51:02.613	0.87854				2
2025.11.26	00:51:05.303		0.87871			4
2025.11.26	00:51:07.784		0.87870			4
2025.11.26	00:51:11.015		0.87877			4
2025.11.26	00:51:11.324		0.87874			4
2025.11.26	00:51:12.384	0.87855	0.87876			6
2025.11.26	00:51:13.125	0.87854	0.87871			6
2025.11.26	00:51:14.013		0.87872			4
2025.11.26	00:51:17.014		0.87875			4
2025.11.26	00:51:18.214	0.87855	0.87873			6
2025.11.26	00:51:21.234		0.87871			4
2025.11.26	00:51:22.463	0.87852	0.87870			6
2025.11.26	00:51:23.614		0.87869			4
2025.11.26	00:51:51.279	0.87854				2
2025.11.26	00:52:00.814	0.87854				2
2025.11.26	00:52:01.278	0.87853				2
2025.11.26	00:52:03.215		0.87868			4
2025.11.26	00:52:07.630	0.87854				2
2025.11.26	00:52:14.094		0.87881			4
2025.11.26	00:52:16.683		0.87879			4
2025.11.26	00:52:19.714	0.87855				2
2025.11.26	00:52:22.543		0.87881			4
2025.11.26	00:52:25.931		0.87880			4
2025.11.26	00:52:26.611		0.87879			4
2025.11.26	00:52:27.686		0.87881			4
2025.11.26	00:52:28.056		0.87879			4
2025.11.26	00:53:00.589	0.87855				2
2025.11.26	00:53:03.814	0.87856				2
2025.11.26	00:53:10.591		0.87884			4
2025.11.26	00:53:11.768		0.87881			4
2025.11.26	00:53:20.289		0.87880			4
2025.11.26	00:53:30.954		0.87881			4
2025.11.26	00:53:32.354		0.87880			4
2025.11.26	00:53:42.254		0.87879			4
2025.11.26	00:53:54.096		0.87883			4
2025.11.26	00:53:58.413	0.87857				2
2025.11.26	00:54:00.513	0.87857				2
2025.11.26	00:54:08.421	0.87856				2
2025.11.26	00:54:28.361	0.87857				2
2025.11.26	00:54:31.896	0.87856	0.87888			6
2025.11.26	00:54:33.213	0.87857				2
2025.11.26	00:54:36.553		0.87883			4
2025.11.26	00:54:38.014	0.87856				2
2025.11.26	00:54:40.416	0.87857				2
2025.11.26	00:54:42.215	0.87856				2
2025.11.26	00:54:44.014	0.87857				2
2025.11.26	00:54:51.190	0.87858	0.87918			6
2025.11.26	00:54:54.400		0.87898			4
2025.11.26	00:54:56.283		0.87896			4
2025.11.26	00:54:58.521		0.87900			4
2025.11.26	00:55:00.567	0.87858	0.87898			6
2025.11.26	00:55:01.200		0.87901			4
2025.11.26	00:55:10.953		0.87898			4
2025.11.26	00:55:17.525	0.87857				2
2025.11.26	00:55:20.589		0.87901			4
2025.11.26	00:55:23.031		0.87898			4
2025.11.26	00:55:24.816	0.87858				2
2025.11.26	00:55:40.114	0.87857				2
2025.11.26	00:55:41.198		0.87900			4
2025.11.26	00:55:42.815	0.87858				2
2025.11.26	00:55:44.613	0.87857				2
2025.11.26	00:55:50.271		0.87898			4
2025.11.26	00:55:54.813	0.87858				2
2025.11.26	00:55:56.913	0.87857				2
2025.11.26	00:56:00.751	0.87857				2
2025.11.26	00:56:08.084	0.87858				2
2025.11.26	00:56:09.214	0.87857				2
2025.11.26	00:56:10.417	0.87858				2
2025.11.26	00:56:54.409		0.87898			4
2025.11.26	00:57:00.163	0.87858				2
2025.11.26	00:57:01.248		0.87902			4
2025.11.26	00:57:11.248	0.87857	0.87898			6
2025.11.26	00:57:13.416	0.87858				2
2025.11.26	00:57:17.387		0.87901			4
2025.11.26	00:57:28.114	0.87859				2
2025.11.26	00:57:34.841		0.87897			4
2025.11.26	00:57:35.313	0.87858				2
2025.11.26	00:57:35.874		0.87899			4
2025.11.26	00:57:39.158		0.87901			4
2025.11.26	00:57:40.379	0.87859				2
2025.11.26	00:57:42.535		0.87899			4
2025.11.26	00:57:43.117	0.87858				2
2025.11.26	00:57:45.842	0.87861				2
2025.11.26	00:57:47.940		0.87905			4
2025.11.26	00:57:48.912		0.87899			4
2025.11.26	00:57:49.219		0.87897			4
2025.11.26	00:57:50.163		0.87905			4
2025.11.26	00:57:52.041		0.87897			4
2025.11.26	00:57:52.797		0.87905			4
2025.11.26	00:57:53.443		0.87897			4
2025.11.26	00:58:00.589	0.87861				2
2025.11.26	00:58:01.370		0.87906			4
2025.11.26	00:58:02.634	0.87860	0.87897			6
2025.11.26	00:58:05.016	0.87861				2
2025.11.26	00:58:18.815		0.87907			4
2025.11.26	00:58:23.234		0.87898			4
2025.11.26	00:58:28.293		0.87894			4
2025.11.26	00:58:34.050		0.87904			4
2025.11.26	00:58:36.559		0.87894			4
2025.11.26	00:58:46.030		0.87900			4
2025.11.26	00:58:59.613		0.87899			4
2025.11.26	00:59:00.193	0.87861				2
2025.11.26	00:59:01.114		0.87897			4
2025.11.26	00:59:01.766		0.87900			4
2025.11.26	00:59:05.055		0.87903			4
2025.11.26	00:59:11.769		0.87900			4
2025.11.26	00:59:14.948		0.87898			4
2025.11.26	00:59:21.816		0.87889			4
2025.11.26	00:59:23.139		0.87888			4
2025.11.26	00:59:39.355	0.87857	0.87896			6
2025.11.26	00:59:39.884	0.87853	0.87900			6
2025.11.26	00:59:41.297	0.87854	0.87898			6
2025.11.26	00:59:43.672	0.87855	0.87897			6
2025.11.26	00:59:45.077	0.87857	0.87895			6
2025.11.26	00:59:47.338	0.87858				2
2025.11.26	00:59:49.303	0.87857				2
2025.11.26	00:59:50.314	0.87858				2
2025.11.26	00:59:50.914		0.87894			4
2025.11.26	00:59:51.349		0.87895			4
2025.11.26	00:59:52.114	0.87859				2
2025.11.26	00:59:53.313		0.87893			4
2025.11.26	00:59:54.548	0.87860	0.87892			6
2025.11.26	00:59:56.314	0.87861				2
2025.11.26	00:59:57.063	0.87856	0.87881			6
2025.11.26	00:59:57.603	0.87855	0.87882			6
2025.11.26	00:59:57.933	0.87856	0.87881			6
2025.11.26	00:59:58.300	0.87855				2
2025.11.26	00:59:59.614		0.87882			4
2025.11.26	01:00:00.217	0.87856	0.87913			6
2025.11.26	01:00:00.534	0.87861	0.87900			6
2025.11.26	01:00:01.179		0.87896			4
2025.11.26	01:00:01.492	0.87853	0.87885			6
2025.11.26	01:00:01.815	0.87847	0.87886			6
2025.11.26	01:00:02.154	0.87862	0.87892			6
2025.11.26	01:00:02.459	0.87859	0.87896			6
2025.11.26	01:00:02.794		0.87899			4
2025.11.26	01:00:03.292	0.87860	0.87896			6
2025.11.26	01:00:03.616	0.87858	0.87894			6
2025.11.26	01:00:03.954		0.87893			4
2025.11.26	01:00:04.303		0.87894			4
2025.11.26	01:00:04.608	0.87860				2
2025.11.26	01:00:05.610		0.87896			4
2025.11.26	01:00:05.960	0.87862				2
2025.11.26	01:00:06.262	0.87876	0.87882			6
2025.11.26	01:00:06.563	0.87864	0.87897			6
2025.11.26	01:00:06.912		0.87896			4
2025.11.26	01:00:07.217	0.87869	0.87895			6
2025.11.26	01:00:07.683		0.87893			4
2025.11.26	01:00:09.697	0.87868				2
2025.11.26	01:00:10.891	0.87871				2
2025.11.26	01:00:11.516	0.87872				2
2025.11.26	01:00:11.978		0.87898			4
2025.11.26	01:00:12.313	0.87874	0.87894			6
2025.11.26	01:00:12.976		0.87895			4
2025.11.26	01:00:13.311	0.87876				2
2025.11.26	01:00:13.651	0.87872	0.87897			6
2025.11.26	01:00:14.444	0.87873	0.87896			6
2025.11.26	01:00:16.221	0.87872	0.87894			6
2025.11.26	01:00:16.526	0.87870	0.87891			6
2025.11.26	01:00:16.841	0.87842	0.87884			6
2025.11.26	01:00:17.146	0.87849				2
2025.11.26	01:00:17.911		0.87881			4
2025.11.26	01:00:18.216	0.87835				2
2025.11.26	01:00:19.507	0.87849				2
2025.11.26	01:00:20.572		0.87879			4
2025.11.26	01:00:20.925		0.87877			4
2025.11.26	01:00:21.638		0.87875			4
2025.11.26	01:00:21.997		0.87877			4
2025.11.26	01:00:22.309	0.87832				2
2025.11.26	01:00:22.618	0.87833	0.87876			6
2025.11.26	01:00:23.276	0.87845				2
2025.11.26	01:00:23.612	0.87849				2
2025.11.26	01:00:25.580		0.87877			4
2025.11.26	01:00:26.756	0.87847	0.87876			6
2025.11.26	01:00:28.121	0.87852				2
2025.11.26	01:00:30.923	0.87845	0.87884			6
2025.11.26	01:00:31.246		0.87877			4
2025.11.26	01:00:32.669		0.87878			4
2025.11.26	01:00:34.362	0.87846				2
2025.11.26	01:00:36.046	0.87852	0.87877			6
2025.11.26	01:00:39.766		0.87881			4
2025.11.26	01:00:40.692		0.87880			4
2025.11.26	01:00:41.763	0.87862	0.87879			6
2025.11.26	01:00:43.801	0.87861	0.87877			6
2025.11.26	01:00:44.122	0.87862				2
2025.11.26	01:00:44.772		0.87878			4
2025.11.26	01:00:46.351	0.87859				2
2025.11.26	01:00:46.676	0.87862	0.87877			6
2025.11.26	01:00:48.076		0.87878			4
2025.11.26	01:00:48.407	0.87864				2
2025.11.26	01:00:49.715	0.87865	0.87877			6
2025.11.26	01:00:51.751	0.87864	0.87878			6
2025.11.26	01:00:53.494	0.87865				2
2025.11.26	01:00:54.387	0.87864				2
2025.11.26	01:00:57.078	0.87862	0.87877			6
2025.11.26	01:00:57.380	0.87864				2
2025.11.26	01:00:57.689	0.87863	0.87875			6
2025.11.26	01:00:58.065	0.87862				2
2025.11.26	01:00:58.377		0.87877			4
2025.11.26	01:01:00.081	0.87862				2
2025.11.26	01:01:00.806	0.87864				2
2025.11.26	01:01:03.364	0.87868	0.87883			6
2025.11.26	01:01:04.381	0.87867	0.87882			6
2025.11.26	01:01:05.365		0.87881			4
2025.11.26	01:01:05.761		0.87882			4
2025.11.26	01:01:06.178	0.87869	0.87884			6
2025.11.26	01:01:06.531	0.87868	0.87882			6
2025.11.26	01:01:07.392	0.87867				2
2025.11.26	01:01:08.124	0.87866	0.87879			6
2025.11.26	01:01:11.317	0.87867				2
2025.11.26	01:01:13.115	0.87868	0.87880			6
2025.11.26	01:01:13.419		0.87882			4
2025.11.26	01:01:14.366		0.87881			4
2025.11.26	01:01:14.919	0.87867	0.87880			6
2025.11.26	01:01:15.362		0.87879			4
2025.11.26	01:01:18.215	0.87866				2
2025.11.26	01:01:19.766	0.87867				2
2025.11.26	01:01:24.538	0.87866				2
2025.11.26	01:01:27.464	0.87867				2
2025.11.26	01:01:28.382	0.87868	0.87882			6
2025.11.26	01:01:29.489		0.87879			4
2025.11.26	01:01:30.588		0.87878			4
2025.11.26	01:01:32.314		0.87879			4
2025.11.26	01:01:36.521	0.87870	0.87882			6
2025.11.26	01:01:37.502		0.87881			4
2025.11.26	01:01:38.566	0.87869	0.87880			6
2025.11.26	01:01:41.315		0.87881			4
2025.11.26	01:01:41.769		0.87880			4
2025.11.26	01:01:45.814	0.87870				2
2025.11.26	01:01:47.614	0.87871	0.87882			6
2025.11.26	01:01:48.436		0.87883			4
2025.11.26	01:01:49.724	0.87873	0.87884			6
2025.11.26	01:01:51.461	0.87874	0.87885			6
2025.11.26	01:01:55.460		0.87886			4
2025.11.26	01:01:57.215	0.87875				2
2025.11.26	01:01:57.546	0.87876				2
2025.11.26	01:01:59.868		0.87887			4
2025.11.26	01:02:00.235	0.87876				2
2025.11.26	01:02:01.764	0.87875				2
2025.11.26	01:02:03.214	0.87876	0.87888			6
2025.11.26	01:02:04.616		0.87886			4
2025.11.26	01:02:06.176	0.87877				2
2025.11.26	01:02:11.091	0.87876	0.87885			6
2025.11.26	01:02:11.412	0.87874	0.87886			6
2025.11.26	01:02:11.896	0.87875	0.87885			6
2025.11.26	01:02:12.468	0.87866	0.87875			6
2025.11.26	01:02:13.111		0.87876			4
2025.11.26	01:02:14.334	0.87861	0.87873			6
2025.11.26	01:02:14.636		0.87872			4
2025.11.26	01:02:15.106	0.87864	0.87873			6
2025.11.26	01:02:15.418	0.87867	0.87876			6
2025.11.26	01:02:17.015		0.87877			4
2025.11.26	01:02:20.710		0.87876			4
2025.11.26	01:02:23.613	0.87868	0.87877			6
2025.11.26	01:02:23.933	0.87873	0.87883			6
2025.11.26	01:02:25.809	0.87876	0.87879			6
2025.11.26	01:02:29.223	0.87873	0.87884			6
2025.11.26	01:02:31.348		0.87883			4
2025.11.26	01:02:31.773		0.87884			4
2025.11.26	01:02:32.347		0.87883			4
2025.11.26	01:02:33.211	0.87872				2
2025.11.26	01:02:34.229		0.87884			4
2025.11.26	01:02:35.348	0.87873	0.87883			6
2025.11.26	01:02:43.348		0.87884			4
2025.11.26	01:02:49.977	0.87871				2
2025.11.26	01:02:50.307		0.87883			4
2025.11.26	01:02:57.136	0.87870	0.87881			6
2025.11.26	01:02:57.798	0.87869	0.87880			6
2025.11.26	01:02:58.108		0.87878			4
2025.11.26	01:02:59.497	0.87866	0.87876			6
2025.11.26	01:02:59.875		0.87877			4
2025.11.26	01:03:00.179	0.87866				2
2025.11.26	01:03:01.013	0.87867	0.87878			6
2025.11.26	01:03:01.487	0.87869	0.87880			6
2025.11.26	01:03:02.148	0.87868	0.87878			6
2025.11.26	01:03:02.946		0.87877			4
2025.11.26	01:03:05.071	0.87869				2
2025.11.26	01:03:08.123		0.87879			4
2025.11.26	01:03:15.023		0.87877			4
2025.11.26	01:03:15.361	0.87872	0.87882			6
2025.11.26	01:03:16.476		0.87880			4
2025.11.26	01:03:18.038	0.87873	0.87881			6
2025.11.26	01:03:19.613	0.87872				2
2025.11.26	01:03:28.041	0.87871	0.87880			6
2025.11.26	01:03:30.857	0.87872	0.87881			6
2025.11.26	01:03:31.173	0.87874	0.87883			6
2025.11.26	01:03:36.197		0.87881			4
2025.11.26	01:03:36.621		0.87883			4
2025.11.26	01:03:38.669		0.87882			4
2025.11.26	01:03:41.373		0.87883			4
2025.11.26	01:04:00.216	0.87874				2
2025.11.26	01:04:01.055		0.87881			4
2025.11.26	01:04:05.314	0.87873				2
2025.11.26	01:04:05.665	0.87874	0.87883			6
2025.11.26	01:04:12.269	0.87876	0.87884			6
2025.11.26	01:04:15.368	0.87875				2
2025.11.26	01:04:15.685	0.87877	0.87885			6
2025.11.26	01:04:17.306		0.87886			4
2025.11.26	01:04:32.205	0.87876				2
2025.11.26	01:04:32.521		0.87884			4
2025.11.26	01:04:33.427	0.87877	0.87879			6
2025.11.26	01:04:37.147	0.87875	0.87884			6
2025.11.26	01:04:44.015	0.87876				2
2025.11.26	01:04:46.114	0.87875				2
2025.11.26	01:04:51.369	0.87878	0.87888			6
2025.11.26	01:04:51.676		0.87889			4
2025.11.26	01:04:53.014	0.87879				2
2025.11.26	01:04:54.286		0.87888			4
2025.11.26	01:05:00.340	0.87875	0.87885			6
2025.11.26	01:05:00.660		0.87883			4
2025.11.26	01:05:05.364		0.87882			4
2025.11.26	01:05:14.589	0.87874				2
2025.11.26	01:05:15.323		0.87883			4
2025.11.26	01:05:16.820	0.87876	0.87884			6
2025.11.26	01:05:17.139		0.87886			4
2025.11.26	01:05:18.216	0.87877				2
2025.11.26	01:05:21.589		0.87885			4
2025.11.26	01:05:24.864	0.87876	0.87886			6
2025.11.26	01:05:27.382	0.87877				2
2025.11.26	01:05:32.314	0.87876				2
2025.11.26	01:05:33.458	0.87877				2
2025.11.26	01:05:42.489		0.87887			4
2025.11.26	01:05:47.369		0.87886			4
2025.11.26	01:05:51.386		0.87885			4
2025.11.26	01:05:52.713	0.87878	0.87884			6
2025.11.26	01:05:54.347	0.87877	0.87885			6
2025.11.26	01:05:56.755	0.87868	0.87880			6
2025.11.26	01:05:57.058	0.87867	0.87877			6
2025.11.26	01:05:58.048		0.87875			4
2025.11.26	01:06:00.167	0.87867	0.87876			6
2025.11.26	01:06:00.560	0.87863	0.87869			6
2025.11.26	01:06:00.865	0.87864	0.87870			6
2025.11.26	01:06:02.320		0.87871			4
2025.11.26	01:06:03.814	0.87863				2
2025.11.26	01:06:08.314		0.87870			4
2025.11.26	01:06:15.360		0.87871			4
2025.11.26	01:06:16.545	0.87862	0.87870			6
2025.11.26	01:06:22.114		0.87871			4
2025.11.26	01:06:23.413		0.87870			4
2025.11.26	01:06:33.215	0.87863	0.87869			6
2025.11.26	01:06:34.349	0.87860	0.87868			6
2025.11.26	01:06:37.527	0.87857	0.87864			6
2025.11.26	01:06:39.214		0.87863			4
2025.11.26	01:06:40.594	0.87861	0.87867			6
2025.11.26	01:06:40.903	0.87858	0.87866			6
2025.11.26	01:06:41.235		0.87865			4
2025.11.26	01:06:42.516	0.87853				2
2025.11.26	01:06:43.316	0.87854	0.87862			6
2025.11.26	01:06:44.000	0.87853				2
2025.11.26	01:06:59.883	0.87854				2
2025.11.26	01:07:00.199	0.87854	0.87863			6
2025.11.26	01:07:00.507		0.87864			4
2025.11.26	01:07:02.448		0.87863			4
2025.11.26	01:07:08.794	0.87845	0.87853			6
2025.11.26	01:07:10.314	0.87849	0.87857			6
2025.11.26	01:07:10.621	0.87852	0.87860			6
2025.11.26	01:07:10.982		0.87859			4
2025.11.26	01:07:13.714	0.87851	0.87860			6
2025.11.26	01:07:15.379	0.87857	0.87867			6
2025.11.26	01:07:17.472	0.87856	0.87866			6
2025.11.26	01:07:22.414	0.87857				2
2025.11.26	01:07:24.085	0.87855	0.87862			6
2025.11.26	01:07:26.614	0.87854				2
2025.11.26	01:07:28.984	0.87855				2
2025.11.26	01:07:37.117	0.87854	0.87860			6
2025.11.26	01:07:37.525	0.87852	0.87859			6
2025.11.26	01:07:39.216	0.87853				2
2025.11.26	01:07:41.246		0.87860			4
2025.11.26	01:07:41.918	0.87854				2
2025.11.26	01:07:44.613	0.87853				2
2025.11.26	01:07:47.143	0.87854	0.87861			6
2025.11.26	01:07:50.158	0.87852	0.87859			6
2025.11.26	01:07:57.714		0.87860			4
2025.11.26	01:08:00.318	0.87858	0.87866			6
2025.11.26	01:08:00.632		0.87868			4
2025.11.26	01:08:02.015	0.87859	0.87867			6
2025.11.26	01:08:03.256		0.87866			4
2025.11.26	01:08:08.614		0.87867			4
2025.11.26	01:08:15.821	0.87858				2
2025.11.26	01:08:17.314	0.87859	0.87866			6
2025.11.26	01:08:19.086		0.87865			4
2025.11.26	01:08:22.382	0.87858	0.87866			6
2025.11.26	01:08:23.239	0.87859	0.87865			6
2025.11.26	01:08:24.682		0.87868			4
2025.11.26	01:08:25.166		0.87866			4
2025.11.26	01:08:31.230	0.87858	0.87865			6
2025.11.26	01:08:36.207		0.87866			4
2025.11.26	01:08:37.460		0.87868			4
2025.11.26	01:08:40.714		0.87864			4
2025.11.26	01:08:53.350		0.87866			4
2025.11.26	01:08:54.411		0.87865			4
2025.11.26	01:08:56.615	0.87857				2
2025.11.26	01:08:59.260	0.87858				2
2025.11.26	01:09:00.376	0.87858				2
2025.11.26	01:09:02.614	0.87857				2
2025.11.26	01:09:09.794	0.87856	0.87866			6
2025.11.26	01:09:10.201	0.87857	0.87865			6
2025.11.26	01:09:11.767	0.87856	0.87867			6
2025.11.26	01:09:12.287		0.87863			4
2025.11.26	01:09:12.821		0.87865			4
2025.11.26	01:09:15.296	0.87858	0.87867			6
2025.11.26	01:09:16.434	0.87857				2
2025.11.26	01:09:17.366		0.87868			4
2025.11.26	01:09:21.148		0.87866			4
2025.11.26	01:09:22.667		0.87864			4
2025.11.26	01:09:25.705	0.87858	0.87866			6
2025.11.26	01:09:30.513		0.87867			4
2025.11.26	01:09:35.915	0.87857				2
2025.11.26	01:09:37.966		0.87866			4
2025.11.26	01:09:39.513		0.87867			4
2025.11.26	01:09:52.372		0.87866			4
2025.11.26	01:10:00.360	0.87857	0.87869			6
2025.11.26	01:10:09.193		0.87868			4
2025.11.26	01:10:17.178		0.87867			4
2025.11.26	01:10:19.714		0.87868			4
2025.11.26	01:10:31.919	0.87858	0.87869			6
2025.11.26	01:10:32.774	0.87857				2
2025.11.26	01:10:34.224		0.87870			4
2025.11.26	01:10:37.243		0.87869			4
2025.11.26	01:10:37.846		0.87867			4
2025.11.26	01:10:39.576		0.87866			4
2025.11.26	01:10:39.880	0.87858	0.87864			6
2025.11.26	01:10:42.140	0.87857	0.87866			6
2025.11.26	01:10:43.239	0.87856	0.87867			6
2025.11.26	01:10:46.413		0.87868			4
2025.11.26	01:10:51.160		0.87867			4
2025.11.26	01:10:59.764		0.87866			4
2025.11.26	01:11:00.689	0.87856				2
2025.11.26	01:11:00.999	0.87855				2
2025.11.26	01:11:04.229		0.87865			4
2025.11.26	01:11:14.614	0.87856				2
2025.11.26	01:11:14.950	0.87855	0.87863			6
2025.11.26	01:11:17.383		0.87864			4
2025.11.26	01:11:18.374		0.87862			4
2025.11.26	01:11:20.046	0.87856				2
2025.11.26	01:11:23.297	0.87857				2
2025.11.26	01:11:31.764		0.87864			4
2025.11.26	01:11:35.247		0.87862			4
2025.11.26	01:11:37.262		0.87863			4
2025.11.26	01:11:39.444		0.87862			4
2025.11.26	01:11:46.243	0.87858				2
2025.11.26	01:11:50.589		0.87861			4
2025.11.26	01:11:52.755	0.87855				2
2025.11.26	01:12:00.661	0.87855				2
2025.11.26	01:12:02.103	0.87856	0.87862			6
2025.11.26	01:12:02.845	0.87855				2
2025.11.26	01:12:03.245	0.87856				2
2025.11.26	01:12:11.198		0.87863			4
2025.11.26	01:12:11.739	0.87855				2
2025.11.26	01:12:12.744		0.87864			4
2025.11.26	01:12:15.100	0.87856				2
2025.11.26	01:12:15.428		0.87862			4
2025.11.26	01:12:16.114		0.87863			4
2025.11.26	01:12:16.573		0.87864			4
2025.11.26	01:12:18.061		0.87863			4
2025.11.26	01:12:18.442	0.87855	0.87862			6
2025.11.26	01:12:18.811		0.87863			4
2025.11.26	01:12:20.443		0.87862			4
2025.11.26	01:12:21.198		0.87863			4
2025.11.26	01:12:21.769		0.87862			4
2025.11.26	01:12:22.752	0.87856				2
2025.11.26	01:12:23.874		0.87863			4
2025.11.26	01:12:28.371		0.87862			4
2025.11.26	01:12:28.680		0.87863			4
2025.11.26	01:12:31.371	0.87855	0.87861			6
2025.11.26	01:12:39.137	0.87857	0.87862			6
2025.11.26	01:12:39.442		0.87865			4
2025.11.26	01:12:41.309	0.87856				2
2025.11.26	01:12:47.671	0.87855				2
2025.11.26	01:12:48.732	0.87856	0.87864			6
2025.11.26	01:12:49.311		0.87865			4
2025.11.26	01:12:50.040	0.87855	0.87864			6
2025.11.26	01:12:54.233		0.87865			4
2025.11.26	01:12:57.813		0.87864			4
2025.11.26	01:13:00.370	0.87856				2
2025.11.26	01:13:00.771	0.87855				2
2025.11.26	01:13:03.172	0.87854				2
2025.11.26	01:13:08.987		0.87863			4
2025.11.26	01:13:10.413	0.87855				2
2025.11.26	01:13:17.590	0.87854				2
2025.11.26	01:13:31.767		0.87865			4
2025.11.26	01:13:34.468	0.87855				2
2025.11.26	01:13:37.141		0.87864			4
2025.11.26	01:13:47.229		0.87865			4
2025.11.26	01:14:00.371	0.87856				2
2025.11.26	01:14:04.157	0.87855	0.87864			6
2025.11.26	01:14:05.383	0.87854				2
2025.11.26	01:14:05.949	0.87855				2
2025.11.26	01:14:06.375	0.87854				2
2025.11.26	01:14:13.373		0.87863			4
2025.11.26	01:14:15.357	0.87855				2
2025.11.26	01:14:16.470	0.87854				2
2025.11.26	01:14:18.684	0.87855				2
2025.11.26	01:14:19.055	0.87854				2
2025.11.26	01:14:40.313		0.87864			4
2025.11.26	01:14:44.914	0.87855				2
2025.11.26	01:14:51.493		0.87865			4
2025.11.26	01:14:52.576	0.87853	0.87862			6
2025.11.26	01:14:57.815	0.87854				2
2025.11.26	01:15:00.005	0.87854				2
2025.11.26	01:15:00.376	0.87856				2
2025.11.26	01:15:00.885	0.87855				2
2025.11.26	01:15:03.041		0.87863			4
2025.11.26	01:15:03.358	0.87857	0.87867			6
2025.11.26	01:15:03.705	0.87858	0.87868			6
2025.11.26	01:15:04.021		0.87869			4
2025.11.26	01:15:05.796	0.87859				2
2025.11.26	01:15:06.099	0.87858				2
2025.11.26	01:15:06.402		0.87870			4
2025.11.26	01:15:07.501		0.87869			4
2025.11.26	01:15:09.928	0.87857	0.87867			6
2025.11.26	01:15:12.213		0.87866			4
2025.11.26	01:15:13.881	0.87856				2
2025.11.26	01:15:22.110		0.87867			4
2025.11.26	01:15:22.932	0.87859	0.87868			6
2025.11.26	01:15:30.167	0.87858				2
2025.11.26	01:15:32.383	0.87859				2
2025.11.26	01:15:32.690	0.87858				2
2025.11.26	01:15:36.548	0.87859				2
2025.11.26	01:15:38.459	0.87858				2
2025.11.26	01:15:40.690	0.87859				2
2025.11.26	01:15:41.888	0.87858				2
2025.11.26	01:15:46.771	0.87860	0.87870			6
2025.11.26	01:16:00.057	0.87860				2
2025.11.26	01:16:00.960		0.87868			4
2025.11.26	01:16:01.279	0.87861	0.87871			6
2025.11.26	01:16:05.073	0.87862	0.87873			6
2025.11.26	01:16:05.830	0.87861	0.87871			6
2025.11.26	01:16:11.199		0.87870			4
2025.11.26	01:16:11.522		0.87871			4
2025.11.26	01:16:15.362	0.87864	0.87873			6
2025.11.26	01:16:16.213	0.87863				2
2025.11.26	01:16:17.572	0.87864				2
2025.11.26	01:16:18.454	0.87863				2
2025.11.26	01:16:20.452	0.87864				2
2025.11.26	01:16:21.637		0.87874			4
2025.11.26	01:16:22.183		0.87875			4
2025.11.26	01:16:27.112	0.87865	0.87876			6
2025.11.26	01:16:27.479		0.87874			4
2025.11.26	01:16:28.925	0.87864	0.87872			6
2025.11.26	01:16:40.714	0.87865				2
2025.11.26	01:16:43.406	0.87864				2
2025.11.26	01:17:00.147	0.87864	0.87871			6
2025.11.26	01:17:09.330		0.87872			4
2025.11.26	01:17:13.714	0.87863	0.87871			6
2025.11.26	01:17:16.345	0.87862				2
2025.11.26	01:17:19.883	0.87863				2
2025.11.26	01:17:23.014	0.87862				2
2025.11.26	01:17:26.331	0.87859	0.87868			6
2025.11.26	01:17:28.723	0.87860				2
2025.11.26	01:17:32.215	0.87862	0.87871			6
2025.11.26	01:17:40.059		0.87870			4
2025.11.26	01:17:44.479		0.87871			4
2025.11.26	01:17:51.778	0.87861	0.87872			6
2025.11.26	01:17:52.104		0.87873			4
2025.11.26	01:17:57.802		0.87872			4
2025.11.26	01:17:58.167		0.87873			4
2025.11.26	01:17:59.116		0.87872			4
2025.11.26	01:18:00.214	0.87861				2
2025.11.26	01:18:01.772	0.87862	0.87871			6
2025.11.26	01:18:14.941	0.87861				2
2025.11.26	01:18:15.249	0.87864	0.87872			6
2025.11.26	01:18:15.559	0.87865	0.87875			6
2025.11.26	01:18:17.048	0.87864				2
2025.11.26	01:18:20.661	0.87865	0.87874			6
2025.11.26	01:18:23.471	0.87864				2
2025.11.26	01:18:25.044		0.87873			4
2025.11.26	01:18:29.507		0.87872			4
2025.11.26	01:18:30.704		0.87871			4
2025.11.26	01:18:36.933	0.87863				2
2025.11.26	01:18:40.713	0.87864				2
2025.11.26	01:18:41.261	0.87862	0.87870			6
2025.11.26	01:18:41.616	0.87861	0.87872			6
2025.11.26	01:18:41.984		0.87871			4
2025.11.26	01:18:43.755	0.87862	0.87869			6
2025.11.26	01:18:44.187		0.87871			4
2025.11.26	01:18:44.523		0.87869			4
2025.11.26	01:18:45.381	0.87861	0.87871			6
2025.11.26	01:18:51.562		0.87870			4
2025.11.26	01:18:52.379	0.87860	0.87868			6
2025.11.26	01:18:54.082	0.87859				2
2025.11.26	01:18:55.804	0.87860	0.87869			6
2025.11.26	01:18:57.313	0.87861				2
2025.11.26	01:18:58.058	0.87860				2
2025.11.26	01:18:59.145	0.87861				2
2025.11.26	01:19:00.352	0.87860				2
2025.11.26	01:19:21.741		0.87868			4
2025.11.26	01:19:22.584		0.87869			4
2025.11.26	01:19:27.042	0.87861	0.87870			6
2025.11.26	01:19:33.948	0.87862				2
2025.11.26	01:19:36.514	0.87864	0.87872			6
2025.11.26	01:19:36.821		0.87873			4
2025.11.26	01:19:37.228		0.87874			4
2025.11.26	01:19:37.950		0.87873			4
2025.11.26	01:19:40.872	0.87863				2
2025.11.26	01:19:41.246		0.87872			4
2025.11.26	01:19:44.497	0.87864				2
2025.11.26	01:19:47.995	0.87863				2
2025.11.26	01:19:48.734		0.87871			4
2025.11.26	01:19:52.919		0.87870			4
2025.11.26	01:19:53.236		0.87871			4
2025.11.26	01:19:54.443	0.87864				2
2025.11.26	01:20:00.606	0.87863				2
2025.11.26	01:20:01.835	0.87864				2
2025.11.26	01:20:05.915	0.87863				2
2025.11.26	01:20:06.398	0.87864				2
2025.11.26	01:20:07.768	0.87863				2
2025.11.26	01:20:08.078	0.87864				2
2025.11.26	01:20:09.977	0.87863				2
2025.11.26	01:20:10.388	0.87864				2
2025.11.26	01:20:10.749	0.87863				2
2025.11.26	01:20:12.856	0.87864				2
2025.11.26	01:20:13.405	0.87863				2
2025.11.26	01:20:15.096	0.87864				2
2025.11.26	01:20:15.413		0.87870			4
2025.11.26	01:20:16.583	0.87863	0.87871			6
2025.11.26	01:20:17.133	0.87861	0.87869			6
2025.11.26	01:20:18.261		0.87870			4
2025.11.26	01:20:26.170		0.87869			4
2025.11.26	01:20:26.471		0.87868			4
2025.11.26	01:20:27.377	0.87860				2
2025.11.26	01:20:30.061	0.87861				2
2025.11.26	01:20:31.235	0.87860				2
2025.11.26	01:20:33.897		0.87867			4
2025.11.26	01:20:36.515	0.87859				2
2025.11.26	01:20:37.224		0.87868			4
2025.11.26	01:20:41.763		0.87867			4
2025.11.26	01:20:43.633		0.87868			4
2025.11.26	01:20:48.127		0.87867			4
2025.11.26	01:20:49.133		0.87868			4
2025.11.26	01:20:51.089	0.87858	0.87867			6
2025.11.26	01:20:51.875		0.87868			4
2025.11.26	01:20:52.762	0.87859				2
2025.11.26	01:20:53.343	0.87860				2
2025.11.26	01:20:54.708		0.87869			4
2025.11.26	01:21:00.202	0.87860				2
2025.11.26	01:21:11.835		0.87870			4
2025.11.26	01:21:13.177		0.87869			4
2025.11.26	01:21:16.114		0.87870			4
2025.11.26	01:21:20.014		0.87869			4
2025.11.26	01:21:22.192		0.87868			4
2025.11.26	01:21:55.651	0.87859	0.87865			6
2025.11.26	01:21:58.510		0.87867			4
2025.11.26	01:22:00.110	0.87859				2
2025.11.26	01:22:02.678	0.87858	0.87866			6
2025.11.26	01:22:02.989		0.87863			4
2025.11.26	01:22:03.305	0.87857	0.87864			6
2025.11.26	01:22:05.033		0.87865			4
2025.11.26	01:22:06.384		0.87864			4
2025.11.26	01:22:08.377		0.87865			4
2025.11.26	01:22:08.680		0.87864			4
2025.11.26	01:22:11.605		0.87863			4
2025.11.26	01:22:15.335	0.87856	0.87864			6
2025.11.26	01:22:19.115	0.87855				2
2025.11.26	01:22:29.314	0.87856	0.87863			6
2025.11.26	01:22:52.397		0.87864			4
2025.11.26	01:22:56.914	0.87858	0.87862			6
2025.11.26	01:22:57.243		0.87863			4
2025.11.26	01:23:00.674	0.87858				2
2025.11.26	01:23:01.280		0.87864			4
2025.11.26	01:23:03.522	0.87857				2
2025.11.26	01:23:04.297	0.87859	0.87863			6
2025.11.26	01:23:07.482	0.87858				2
2025.11.26	01:23:08.767	0.87857				2
2025.11.26	01:23:11.615	0.87858				2
2025.11.26	01:23:12.601	0.87859	0.87864			6
2025.11.26	01:23:13.612	0.87857	0.87865			6
2025.11.26	01:23:14.021		0.87863			4
2025.11.26	01:23:15.382	0.87858	0.87864			6
2025.11.26	01:23:19.158		0.87865			4
2025.11.26	01:23:22.172		0.87864			4
2025.11.26	01:23:27.219		0.87865			4
2025.11.26	01:23:29.013		0.87864			4
2025.11.26	01:23:30.570		0.87863			4
2025.11.26	01:23:33.063		0.87864			4
2025.11.26	01:23:35.748	0.87859				2
2025.11.26	01:23:38.013	0.87858				2
2025.11.26	01:23:39.548		0.87863			4
2025.11.26	01:23:45.723	0.87859	0.87865			6
2025.11.26	01:23:46.231		0.87866			4
2025.11.26	01:23:49.585	0.87858				2
2025.11.26	01:23:52.717	0.87859	0.87865			6
2025.11.26	01:23:55.514	0.87858				2
2025.11.26	01:24:00.026	0.87858				2
2025.11.26	01:24:04.143		0.87864			4
2025.11.26	01:24:05.247	0.87857				2
2025.11.26	01:24:05.560	0.87858				2
2025.11.26	01:24:06.031	0.87857				2
2025.11.26	01:24:09.582	0.87858	0.87863			6
2025.11.26	01:24:10.191	0.87857	0.87862			6
2025.11.26	01:24:11.231		0.87865			4
2025.11.26	01:24:21.386		0.87864			4
2025.11.26	01:24:26.571		0.87863			4
2025.11.26	01:24:31.396		0.87865			4
2025.11.26	01:24:31.792	0.87858				2
2025.11.26	01:24:32.114		0.87864			4
2025.11.26	01:24:32.998		0.87865			4
2025.11.26	01:24:33.416		0.87863			4
2025.11.26	01:24:34.056	0.87857				2
2025.11.26	01:24:36.162	0.87856				2
2025.11.26	01:24:39.944		0.87862			4
2025.11.26	01:24:50.530	0.87857				2
2025.11.26	01:24:51.824	0.87856				2
2025.11.26	01:25:00.591	0.87856				2
2025.11.26	01:25:01.773	0.87857				2
2025.11.26	01:25:02.610	0.87859	0.87867			6
2025.11.26	01:25:03.007	0.87860				2
2025.11.26	01:25:07.795	0.87858	0.87864			6
2025.11.26	01:25:11.682		0.87863			4
2025.11.26	01:25:15.269	0.87859	0.87864			6
2025.11.26	01:25:16.212		0.87863			4
2025.11.26	01:25:17.325		0.87864			4
2025.11.26	01:25:25.607	0.87858				2
2025.11.26	01:25:26.314		0.87863			4
2025.11.26	01:25:26.667	0.87859				2
2025.11.26	01:25:27.702	0.87858				2
2025.11.26	01:25:28.638		0.87864			4
2025.11.26	01:25:28.959	0.87859	0.87863			6
2025.11.26	01:25:29.312	0.87860	0.87867			6
2025.11.26	01:25:31.352		0.87865			4
2025.11.26	01:25:31.991		0.87866			4
2025.11.26	01:25:32.856	0.87858	0.87865			6
2025.11.26	01:25:35.037		0.87863			4
2025.11.26	01:25:37.152		0.87864			4
2025.11.26	01:25:37.493		0.87863			4
2025.11.26	01:25:48.520	0.87857				2
2025.11.26	01:25:51.768	0.87858				2
2025.11.26	01:25:55.572		0.87862			4
2025.11.26	01:25:56.000	0.87857				2
2025.11.26	01:25:58.414	0.87858				2
2025.11.26	01:26:00.521	0.87858				2
2025.11.26	01:26:01.523		0.87864			4
2025.11.26	01:26:01.871		0.87865			4
2025.11.26	01:26:02.205		0.87863			4
2025.11.26	01:26:04.459		0.87864			4
2025.11.26	01:26:05.744		0.87863			4
2025.11.26	01:26:06.153		0.87864			4
2025.11.26	01:26:07.715		0.87863			4
2025.11.26	01:26:08.073		0.87864			4
2025.11.26	01:26:09.200		0.87863			4
2025.11.26	01:26:09.508		0.87864			4
2025.11.26	01:26:11.013	0.87857	0.87863			6
2025.11.26	01:26:16.498		0.87864			4
2025.11.26	01:26:16.946		0.87863			4
2025.11.26	01:26:18.399		0.87864			4
2025.11.26	01:26:19.713		0.87863			4
2025.11.26	01:26:21.544		0.87864			4
2025.11.26	01:26:25.663		0.87863			4
2025.11.26	01:26:26.772		0.87864			4
2025.11.26	01:26:31.619	0.87860	0.87866			6
2025.11.26	01:26:32.656		0.87865			4
2025.11.26	01:26:32.999		0.87866			4
2025.11.26	01:26:35.686		0.87865			4
2025.11.26	01:26:36.042		0.87866			4
2025.11.26	01:26:36.833		0.87865			4
2025.11.26	01:26:37.460		0.87866			4
2025.11.26	01:26:38.828		0.87865			4
2025.11.26	01:26:39.997		0.87866			4
2025.11.26	01:26:42.938		0.87865			4
2025.11.26	01:26:48.187		0.87866			4
2025.11.26	01:26:49.666	0.87858	0.87865			6
2025.11.26	01:26:50.216	0.87857	0.87866			6
2025.11.26	01:26:51.519	0.87858				2
2025.11.26	01:26:52.412		0.87864			4
2025.11.26	01:26:53.523		0.87865			4
2025.11.26	01:26:54.953		0.87864			4
2025.11.26	01:27:00.609	0.87860	0.87868			6
2025.11.26	01:27:01.682	0.87859				2
2025.11.26	01:27:03.223	0.87860				2
2025.11.26	01:27:05.211	0.87856	0.87865			6
2025.11.26	01:27:07.184		0.87864			4
2025.11.26	01:27:08.343		0.87863			4
2025.11.26	01:27:10.831	0.87857				2
2025.11.26	01:27:18.858		0.87864			4
2025.11.26	01:27:39.180		0.87863			4
2025.11.26	01:27:41.643		0.87865			4
2025.11.26	01:27:45.382		0.87863			4
2025.11.26	01:27:51.296		0.87862			4
2025.11.26	01:27:51.866	0.87856	0.87865			6
2025.11.26	01:28:01.769	0.87857	0.87864			6
2025.11.26	01:28:04.652	0.87856				2
2025.11.26	01:28:07.416		0.87863			4
2025.11.26	01:28:07.916	0.87855	0.87862			6
2025.11.26	01:28:08.537	0.87856	0.87864			6
2025.11.26	01:28:09.412		0.87863			4
2025.11.26	01:28:13.981	0.87855				2
2025.11.26	01:28:15.379	0.87857	0.87862			6
2025.11.26	01:28:20.015	0.87856				2
2025.11.26	01:28:36.854		0.87861			4
2025.11.26	01:28:37.273		0.87862			4
2025.11.26	01:28:41.500		0.87863			4
2025.11.26	01:28:42.904		0.87862			4
2025.11.26	01:28:52.001	0.87857				2
2025.11.26	01:28:58.396	0.87856	0.87863			6
2025.11.26	01:29:01.297	0.87856	0.87862			6
2025.11.26	01:29:06.927	0.87857				2
2025.11.26	01:29:08.026		0.87861			4
2025.11.26	01:29:09.704	0.87856				2
2025.11.26	01:29:11.088		0.87862			4
2025.11.26	01:29:25.015	0.87857	0.87861			6
2025.11.26	01:29:28.760	0.87856	0.87862			6
2025.11.26	01:29:29.638		0.87861			4
2025.11.26	01:29:30.167	0.87857				2
2025.11.26	01:30:00.145	0.87857				2
2025.11.26	01:30:00.466	0.87856				2
2025.11.26	01:30:00.779	0.87858	0.87864			6
2025.11.26	01:30:03.261	0.87860	0.87861			6
2025.11.26	01:30:06.822	0.87858	0.87864			6
2025.11.26	01:30:12.814		0.87865			4
2025.11.26	01:30:15.374	0.87860				2
2025.11.26	01:30:28.899	0.87861				2
2025.11.26	01:30:30.478	0.87860				2
2025.11.26	01:30:40.467		0.87866			4
2025.11.26	01:30:42.120	0.87861				2
2025.11.26	01:30:48.959	0.87860				2
2025.11.26	01:31:00.036	0.87860				2
2025.11.26	01:31:00.457	0.87861	0.87867			6
2025.11.26	01:31:06.558	0.87860	0.87866			6
2025.11.26	01:31:09.365	0.87861				2
2025.11.26	01:31:27.695	0.87860				2
2025.11.26	01:31:30.465	0.87861				2
2025.11.26	01:31:34.413	0.87860				2
2025.11.26	01:31:53.093	0.87861				2
2025.11.26	01:32:00.462	0.87860				2
2025.11.26	01:32:04.898	0.87862	0.87868			6
2025.11.26	01:32:05.208		0.87871			4
2025.11.26	01:32:05.715	0.87863	0.87869			6
2025.11.26	01:32:06.347		0.87871			4
2025.11.26	01:32:10.115	0.87862				2
2025.11.26	01:32:10.537	0.87861	0.87866			6
2025.11.26	01:32:12.411	0.87860				2
2025.11.26	01:32:15.857	0.87861				2
2025.11.26	01:32:17.028	0.87860				2
2025.11.26	01:32:19.211	0.87861	0.87867			6
2025.11.26	01:32:21.559		0.87866			4
2025.11.26	01:32:24.976	0.87867	0.87873			6
2025.11.26	01:32:27.180	0.87866				2
2025.11.26	01:32:27.623	0.87867				2
2025.11.26	01:32:33.130	0.87864	0.87870			6
2025.11.26	01:32:35.281	0.87863				2
2025.11.26	01:32:36.160	0.87864				2
2025.11.26	01:32:47.479	0.87863				2
2025.11.26	01:33:00.468	0.87863				2
2025.11.26	01:33:10.144		0.87869			4
2025.11.26	01:33:21.295	0.87864				2
2025.11.26	01:33:22.603	0.87862	0.87868			6
2025.11.26	01:33:22.919	0.87860				2
2025.11.26	01:33:23.628		0.87867			4
2025.11.26	01:33:24.240	0.87862	0.87869			6
2025.11.26	01:33:26.066		0.87870			4
2025.11.26	01:33:28.897	0.87865	0.87872			6
2025.11.26	01:33:29.237	0.87866				2
2025.11.26	01:33:33.622	0.87868	0.87875			6
2025.11.26	01:33:34.352	0.87867	0.87876			6
2025.11.26	01:33:35.405	0.87868	0.87875			6
2025.11.26	01:33:45.113	0.87869				2
2025.11.26	01:34:01.422	0.87869				2
2025.11.26	01:34:03.442		0.87874			4
2025.11.26	01:34:05.926	0.87870				2
2025.11.26	01:34:08.076	0.87869				2
2025.11.26	01:34:10.512	0.87870	0.87875			6
2025.11.26	01:34:14.443	0.87865	0.87871			6
2025.11.26	01:34:15.518	0.87864	0.87872			6
2025.11.26	01:34:16.114	0.87865				2
2025.11.26	01:34:17.012	0.87864	0.87870			6
2025.11.26	01:34:19.838	0.87866	0.87873			6
2025.11.26	01:34:20.142	0.87865	0.87872			6
2025.11.26	01:34:21.436	0.87864	0.87870			6
2025.11.26	01:34:22.345		0.87872			4
2025.11.26	01:34:29.457	0.87863	0.87870			6
2025.11.26	01:34:30.177	0.87864				2
2025.11.26	01:34:31.883	0.87862	0.87869			6
2025.11.26	01:34:32.187	0.87863				2
2025.11.26	01:34:32.876		0.87871			4
2025.11.26	01:34:33.178	0.87862	0.87870			6
2025.11.26	01:34:33.865		0.87869			4
2025.11.26	01:34:35.218		0.87870			4
2025.11.26	01:34:36.301	0.87863				2
2025.11.26	01:34:38.211	0.87862	0.87868			6
2025.11.26	01:34:38.520	0.87863	0.87870			6
2025.11.26	01:34:40.901	0.87864				2
2025.11.26	01:34:41.212	0.87863				2
2025.11.26	01:34:41.521	0.87864				2
2025.11.26	01:34:41.932	0.87865	0.87871			6
2025.11.26	01:34:42.251	0.87866	0.87872			6
2025.11.26	01:34:43.739	0.87865	0.87871			6
2025.11.26	01:34:45.508		0.87870			4
2025.11.26	01:34:45.916		0.87871			4
2025.11.26	01:34:46.219	0.87862	0.87869			6
2025.11.26	01:34:46.528	0.87861	0.87867			6
2025.11.26	01:34:46.836	0.87860				2
2025.11.26	01:34:47.453	0.87859	0.87866			6
2025.11.26	01:34:48.087		0.87867			4
2025.11.26	01:34:49.610	0.87862	0.87868			6
2025.11.26	01:34:49.918	0.87861				2
2025.11.26	01:34:52.128	0.87860	0.87866			6
2025.11.26	01:34:52.439	0.87859				2
2025.11.26	01:34:56.101	0.87860	0.87865			6
2025.11.26	01:34:56.444	0.87859				2
2025.11.26	01:34:57.442	0.87860	0.87864			6
2025.11.26	01:34:57.748		0.87866			4
2025.11.26	01:34:58.859	0.87858	0.87864			6
2025.11.26	01:35:00.147	0.87858				2
2025.11.26	01:35:00.735	0.87856	0.87862			6
2025.11.26	01:35:01.062	0.87854	0.87861			6
2025.11.26	01:35:03.344	0.87856	0.87863			6
2025.11.26	01:35:04.652	0.87857				2
2025.11.26	01:35:04.982	0.87856	0.87862			6
2025.11.26	01:35:05.338		0.87860			4
2025.11.26	01:35:06.178	0.87857	0.87863			6
2025.11.26	01:35:07.862	0.87856	0.87861			6
2025.11.26	01:35:10.352	0.87857	0.87863			6
2025.11.26	01:35:15.346	0.87860	0.87868			6
2025.11.26	01:35:15.673		0.87867			4
2025.11.26	01:35:15.978	0.87863	0.87868			6
2025.11.26	01:35:16.283	0.87864	0.87871			6
2025.11.26	01:35:18.354	0.87865	0.87868			6
2025.11.26	01:35:18.659		0.87872			4
2025.11.26	01:35:18.985	0.87866	0.87871			6
2025.11.26	01:35:19.453		0.87872			4
2025.11.26	01:35:21.566	0.87865				2
2025.11.26	01:35:25.950		0.87871			4
2025.11.26	01:35:29.712	0.87866	0.87873			6
2025.11.26	01:35:30.856		0.87874			4
2025.11.26	01:35:31.963		0.87873			4
2025.11.26	01:35:34.562		0.87874			4
2025.11.26	01:35:42.149		0.87873			4
2025.11.26	01:35:43.248		0.87875			4
2025.11.26	01:35:45.479		0.87874			4
2025.11.26	01:35:46.270		0.87875			4
2025.11.26	01:35:47.337		0.87873			4
2025.11.26	01:36:00.863	0.87866	0.87870			6
2025.11.26	01:36:01.212		0.87873			4
2025.11.26	01:36:01.565		0.87872			4
2025.11.26	01:36:08.502		0.87871			4
2025.11.26	01:36:09.130		0.87870			4
2025.11.26	01:36:11.416	0.87863	0.87867			6
2025.11.26	01:36:15.592	0.87862	0.87870			6
2025.11.26	01:36:15.899	0.87861	0.87866			6
2025.11.26	01:36:17.744		0.87867			4
2025.11.26	01:36:20.360	0.87864	0.87870			6
2025.11.26	01:36:20.765		0.87871			4
2025.11.26	01:36:21.722	0.87866	0.87872			6
2025.11.26	01:36:25.261	0.87865				2
2025.11.26	01:36:26.125	0.87863	0.87867			6
2025.11.26	01:36:27.287		0.87869			4
2025.11.26	01:36:29.222	0.87865	0.87870			6
2025.11.26	01:36:29.539	0.87863				2
2025.11.26	01:36:30.264		0.87869			4
2025.11.26	01:36:31.644	0.87861	0.87868			6
2025.11.26	01:36:32.963	0.87865	0.87871			6
2025.11.26	01:36:37.460	0.87861	0.87868			6
2025.11.26	01:36:38.652	0.87860	0.87866			6
2025.11.26	01:36:39.834		0.87865			4
2025.11.26	01:36:41.942		0.87867			4
2025.11.26	01:36:53.014		0.87868			4
2025.11.26	01:37:02.138	0.87860				2
2025.11.26	01:37:03.709	0.87862	0.87869			6
2025.11.26	01:37:05.052	0.87864				2
2025.11.26	01:37:12.170		0.87868			4
2025.11.26	01:37:15.155	0.87866	0.87869			6
2025.11.26	01:37:15.458	0.87869	0.87874			6
2025.11.26	01:37:21.686	0.87871	0.87873			6
2025.11.26	01:37:26.015		0.87874			4
2025.11.26	01:37:30.012	0.87870	0.87875			6
2025.11.26	01:37:30.677	0.87869				2
2025.11.26	01:37:30.978	0.87870				2
2025.11.26	01:37:37.119	0.87871	0.87873			6
2025.11.26	01:37:38.867	0.87869	0.87874			6
2025.11.26	01:37:39.450	0.87868	0.87873			6
2025.11.26	01:37:48.236	0.87864	0.87867			6
2025.11.26	01:37:48.963	0.87866	0.87869			6
2025.11.26	01:37:50.185	0.87871	0.87874			6
2025.11.26	01:37:50.499	0.87872	0.87875			6
2025.11.26	01:37:52.346	0.87871	0.87874			6
2025.11.26	01:37:56.618		0.87873			4
2025.11.26	01:37:57.978	0.87869				2
2025.11.26	01:37:59.868	0.87872	0.87878			6
2025.11.26	01:38:00.197	0.87872	0.87877			6
2025.11.26	01:38:00.509		0.87876			4
2025.11.26	01:38:01.803	0.87871				2
2025.11.26	01:38:04.166	0.87867	0.87871			6
2025.11.26	01:38:06.398	0.87866				2
2025.11.26	01:38:09.680	0.87865	0.87869			6
2025.11.26	01:38:11.051	0.87866				2
2025.11.26	01:38:12.782		0.87870			4
2025.11.26	01:38:15.367	0.87867	0.87872			6
2025.11.26	01:38:19.696		0.87871			4
2025.11.26	01:38:23.503	0.87868	0.87872			6
2025.11.26	01:38:27.818	0.87867	0.87871			6
2025.11.26	01:38:28.879	0.87868	0.87872			6
2025.11.26	01:38:29.181		0.87873			4
2025.11.26	01:38:32.449	0.87869	0.87874			6
2025.11.26	01:38:35.002	0.87868	0.87872			6
2025.11.26	01:38:38.546	0.87869	0.87874			6
2025.11.26	01:38:39.572	0.87870	0.87875			6
2025.11.26	01:38:54.815	0.87871				2
2025.11.26	01:38:55.366	0.87870				2
2025.11.26	01:38:55.682		0.87873			4
2025.11.26	01:38:57.804		0.87874			4
2025.11.26	01:39:00.459	0.87870				2
2025.11.26	01:39:10.589		0.87875			4
2025.11.26	01:39:15.362	0.87872	0.87876			6
2025.11.26	01:39:18.816	0.87873				2
2025.11.26	01:39:20.546		0.87875			4
2025.11.26	01:39:23.915	0.87872				2
2025.11.26	01:39:38.934	0.87873				2
2025.11.26	01:39:42.314	0.87872	0.87876			6
2025.11.26	01:39:54.286	0.87870	0.87874			6
2025.11.26	01:40:02.921	0.87870				2
2025.11.26	01:40:04.935	0.87871				2
2025.11.26	01:40:11.213	0.87869				2
2025.11.26	01:40:11.527		0.87872			4
2025.11.26	01:40:11.840	0.87870	0.87874			6
2025.11.26	01:40:15.364	0.87871				2
2025.11.26	01:40:17.741	0.87872				2
2025.11.26	01:40:21.825	0.87871				2
2025.11.26	01:40:22.149	0.87870	0.87875			6
2025.11.26	01:40:26.212	0.87871				2
2025.11.26	01:40:35.313	0.87870	0.87874			6
2025.11.26	01:40:38.941	0.87868	0.87872			6
2025.11.26	01:40:39.601	0.87869				2
2025.11.26	01:40:43.998	0.87870				2
2025.11.26	01:40:55.663	0.87869				2
2025.11.26	01:41:00.486	0.87869				2
2025.11.26	01:41:29.256		0.87873			4
2025.11.26	01:41:52.274	0.87867	0.87872			6
2025.11.26	01:42:00.317	0.87867				2
2025.11.26	01:42:01.411	0.87868				2
2025.11.26	01:42:05.445	0.87869				2
2025.11.26	01:42:06.002		0.87873			4
2025.11.26	01:42:13.714		0.87872			4
2025.11.26	01:42:15.358	0.87870	0.87873			6
2025.11.26	01:42:20.015	0.87869				2
2025.11.26	01:42:25.744	0.87870				2
2025.11.26	01:42:28.824	0.87869				2
2025.11.26	01:42:33.800	0.87867	0.87872			6
2025.11.26	01:42:34.138		0.87871			4
2025.11.26	01:42:34.457	0.87866				2
2025.11.26	01:42:35.579	0.87867	0.87870			6
2025.11.26	01:42:38.271	0.87866	0.87871			6
2025.11.26	01:42:38.579		0.87870			4
2025.11.26	01:43:00.384	0.87867	0.87869			6
2025.11.26	01:43:01.769		0.87871			4
2025.11.26	01:43:06.072	0.87868				2
2025.11.26	01:43:18.723	0.87867				2
2025.11.26	01:43:23.210		0.87869			4
2025.11.26	01:43:23.761	0.87866				2
2025.11.26	01:43:24.313	0.87867	0.87870			6
2025.11.26	01:43:24.640	0.87866				2
2025.11.26	01:43:25.063	0.87867				2
2025.11.26	01:43:35.596	0.87866				2
2025.11.26	01:43:35.976	0.87865				2
2025.11.26	01:43:44.976		0.87868			4
2025.11.26	01:43:45.356	0.87866				2
2025.11.26	01:43:47.014	0.87865				2
2025.11.26	01:43:52.204	0.87864				2
2025.11.26	01:43:52.560		0.87867			4
2025.11.26	01:44:00.708	0.87864				2
2025.11.26	01:44:01.083		0.87866			4
2025.11.26	01:44:25.163		0.87865			4
2025.11.26	01:44:25.756		0.87866			4
2025.11.26	01:44:26.290	0.87863				2
2025.11.26	01:44:28.020		0.87864			4
2025.11.26	01:44:28.356	0.87859	0.87863			6
2025.11.26	01:44:32.827		0.87862			4
2025.11.26	01:44:37.159	0.87857	0.87863			6
2025.11.26	01:44:37.536	0.87859				2
2025.11.26	01:44:38.700		0.87862			4
2025.11.26	01:44:41.388		0.87863			4
2025.11.26	01:44:43.389		0.87862			4
2025.11.26	01:44:45.388		0.87863			4
2025.11.26	01:44:47.388		0.87862			4
2025.11.26	01:44:47.822		0.87863			4
2025.11.26	01:44:50.858	0.87862	0.87866			6
2025.11.26	01:44:52.362	0.87861				2
2025.11.26	01:44:53.479	0.87862				2
2025.11.26	01:44:55.515		0.87867			4
2025.11.26	01:44:56.669	0.87863				2
2025.11.26	01:44:57.555	0.87861	0.87866			6
2025.11.26	01:44:58.781	0.87862	0.87867			6
2025.11.26	01:44:59.619		0.87866			4
2025.11.26	01:45:00.453	0.87861				2
2025.11.26	01:45:01.448	0.87862	0.87865			6
2025.11.26	01:45:02.431	0.87859	0.87863			6
2025.11.26	01:45:02.953		0.87864			4
2025.11.26	01:45:04.462	0.87860	0.87866			6
2025.11.26	01:45:08.341	0.87862	0.87867			6
2025.11.26	01:45:09.508	0.87858	0.87863			6
2025.11.26	01:45:09.833		0.87862			4
2025.11.26	01:45:10.958		0.87863			4
2025.11.26	01:45:11.262	0.87859				2
2025.11.26	01:45:12.865	0.87857	0.87862			6
2025.11.26	01:45:14.085	0.87859				2
2025.11.26	01:45:14.962	0.87857				2
2025.11.26	01:45:15.362		0.87861			4
2025.11.26	01:45:16.644	0.87858	0.87862			6
2025.11.26	01:45:17.880	0.87859	0.87863			6
2025.11.26	01:45:18.245		0.87864			4
2025.11.26	01:45:18.776		0.87865			4
2025.11.26	01:45:19.081		0.87863			4
2025.11.26	01:45:19.399	0.87860	0.87864			6
2025.11.26	01:45:19.702		0.87866			4
2025.11.26	01:45:20.150	0.87863	0.87865			6
2025.11.26	01:45:20.458		0.87868			4
2025.11.26	01:45:21.795		0.87867			4
2025.11.26	01:45:23.518		0.87869			4
2025.11.26	01:45:23.917		0.87868			4
2025.11.26	01:45:25.593	0.87864				2
2025.11.26	01:45:26.967	0.87865				2
2025.11.26	01:45:28.012	0.87866	0.87869			6
2025.11.26	01:45:28.738	0.87867	0.87871			6
2025.11.26	01:45:29.463		0.87872			4
2025.11.26	01:45:29.804	0.87869	0.87873			6
2025.11.26	01:45:30.784		0.87874			4
2025.11.26	01:45:31.277	0.87870				2
2025.11.26	01:45:31.600		0.87873			4
2025.11.26	01:45:33.996	0.87869	0.87875			6
2025.11.26	01:45:34.299		0.87874			4
2025.11.26	01:45:35.222		0.87875			4
2025.11.26	01:45:36.011	0.87870	0.87874			6
2025.11.26	01:45:36.323	0.87871	0.87875			6
2025.11.26	01:45:36.896		0.87874			4
2025.11.26	01:45:37.905	0.87872	0.87875			6
2025.11.26	01:45:39.479	0.87871				2
2025.11.26	01:45:39.782	0.87870	0.87873			6
2025.11.26	01:45:42.415	0.87872	0.87875			6
2025.11.26	01:45:42.717	0.87871				2
2025.11.26	01:45:43.025		0.87876			4
2025.11.26	01:45:43.443	0.87872	0.87875			6
2025.11.26	01:45:43.748	0.87871				2
2025.11.26	01:45:45.833		0.87874			4
2025.11.26	01:45:46.141		0.87875			4
2025.11.26	01:45:47.138		0.87878			4
2025.11.26	01:45:47.529	0.87874				2
2025.11.26	01:45:48.842	0.87875				2
2025.11.26	01:45:51.022	0.87874				2
2025.11.26	01:45:51.336	0.87875				2
2025.11.26	01:45:52.199	0.87876	0.87880			6
2025.11.26	01:45:53.014	0.87877	0.87881			6
2025.11.26	01:45:54.445	0.87879	0.87882			6
2025.11.26	01:45:54.759	0.87877				2
2025.11.26	01:45:55.825		0.87881			4
2025.11.26	01:45:56.126	0.87875	0.87880			6
2025.11.26	01:45:56.606	0.87876	0.87881			6
2025.11.26	01:45:57.031	0.87875	0.87880			6
2025.11.26	01:45:57.415		0.87878			4
2025.11.26	01:45:57.727	0.87877	0.87880			6
2025.11.26	01:45:58.081		0.87881			4
2025.11.26	01:46:00.180	0.87877				2
2025.11.26	01:46:01.429	0.87878	0.87882			6
2025.11.26	01:46:01.813	0.87879				2
2025.11.26	01:46:02.497	0.87878				2
2025.11.26	01:46:05.662	0.87879				2
2025.11.26	01:46:06.841	0.87881	0.87885			6
2025.11.26	01:46:08.305	0.87882				2
2025.11.26	01:46:08.611	0.87881	0.87886			6
2025.11.26	01:46:09.605		0.87885			4
2025.11.26	01:46:11.421		0.87884			4
2025.11.26	01:46:14.997		0.87885			4
2025.11.26	01:46:15.302	0.87880				2
2025.11.26	01:46:16.459	0.87881				2
2025.11.26	01:46:17.317	0.87882	0.87886			6
2025.11.26	01:46:17.937	0.87883				2
2025.11.26	01:46:20.065		0.87887			4
2025.11.26	01:46:21.306	0.87882	0.87886			6
2025.11.26	01:46:22.654	0.87884				2
2025.11.26	01:46:23.003	0.87883				2
2025.11.26	01:46:23.342	0.87886	0.87889			6
2025.11.26	01:46:26.239		0.87890			4
2025.11.26	01:46:27.309	0.87885	0.87888			6
2025.11.26	01:46:27.622	0.87884	0.87887			6
2025.11.26	01:46:31.661	0.87885				2
2025.11.26	01:46:32.996	0.87884	0.87886			6
2025.11.26	01:46:33.298	0.87880	0.87884			6
2025.11.26	01:46:33.811		0.87883			4
2025.11.26	01:46:34.236		0.87884			4
2025.11.26	01:46:34.542		0.87885			4
2025.11.26	01:46:35.601		0.87884			4
2025.11.26	01:46:44.672		0.87883			4
2025.11.26	01:46:46.981	0.87878	0.87882			6
2025.11.26	01:46:49.222	0.87879				2
2025.11.26	01:46:50.355	0.87878				2
2025.11.26	01:46:51.249	0.87879				2
2025.11.26	01:46:53.128	0.87880	0.87884			6
2025.11.26	01:46:58.497	0.87881				2
2025.11.26	01:47:00.267	0.87881				2
2025.11.26	01:47:01.387	0.87882	0.87885			6
2025.11.26	01:47:02.973	0.87881	0.87884			6
2025.11.26	01:47:08.225	0.87879	0.87883			6
2025.11.26	01:47:10.262	0.87876	0.87882			6
2025.11.26	01:47:12.097	0.87875				2
2025.11.26	01:47:15.366	0.87878				2
2025.11.26	01:47:24.144	0.87877				2
2025.11.26	01:47:26.623	0.87879				2
2025.11.26	01:47:29.826	0.87878	0.87883			6
2025.11.26	01:47:30.162	0.87876				2
2025.11.26	01:47:31.196	0.87878				2
2025.11.26	01:47:31.702	0.87877				2
2025.11.26	01:47:32.363		0.87884			4
2025.11.26	01:47:32.776	0.87878				2
2025.11.26	01:47:36.256	0.87882	0.87885			6
2025.11.26	01:47:36.559		0.87884			4
2025.11.26	01:47:37.461		0.87885			4
2025.11.26	01:47:38.219	0.87881	0.87884			6
2025.11.26	01:47:39.376	0.87882				2
2025.11.26	01:47:40.394	0.87881	0.87885			6
2025.11.26	01:47:42.070	0.87882	0.87886			6
2025.11.26	01:47:45.088	0.87883				2
2025.11.26	01:47:56.421	0.87882				2
2025.11.26	01:48:00.794	0.87882				2
2025.11.26	01:48:10.384		0.87885			4
2025.11.26	01:48:11.389	0.87879				2
2025.11.26	01:48:19.163	0.87882	0.87884			6
2025.11.26	01:48:21.168		0.87885			4
2025.11.26	01:48:21.587	0.87881				2
2025.11.26	01:48:21.906	0.87882				2
2025.11.26	01:48:44.391	0.87878	0.87883			6
2025.11.26	01:48:45.790	0.87880	0.87884			6
2025.11.26	01:48:46.306	0.87881				2
2025.11.26	01:49:00.410	0.87881				2
2025.11.26	01:49:16.986		0.87886			4
2025.11.26	01:49:18.114		0.87885			4
2025.11.26	01:49:20.361		0.87886			4
2025.11.26	01:49:20.721		0.87885			4
2025.11.26	01:49:21.787	0.87880				2
2025.11.26	01:49:25.662		0.87884			4
2025.11.26	01:49:26.446		0.87885			4
2025.11.26	01:49:26.889		0.87884			4
2025.11.26	01:49:27.898		0.87885			4
2025.11.26	01:49:32.147		0.87884			4
2025.11.26	01:49:35.221	0.87878	0.87883			6
2025.11.26	01:49:35.766	0.87879				2
2025.11.26	01:49:36.111	0.87878	0.87882			6
2025.11.26	01:49:36.421		0.87881			4
2025.11.26	01:49:37.856		0.87882			4
2025.11.26	01:49:44.013	0.87879				2
2025.11.26	01:49:46.862		0.87881			4
2025.11.26	01:49:48.007	0.87878				2
2025.11.26	01:49:58.265		0.87882			4
2025.11.26	01:50:01.736	0.87879				2
2025.11.26	01:50:08.442		0.87883			4
2025.11.26	01:50:09.469		0.87882			4
2025.11.26	01:50:16.212		0.87883			4
2025.11.26	01:50:19.423	0.87880				2
2025.11.26	01:50:19.923	0.87879				2
2025.11.26	01:50:27.377		0.87882			4
2025.11.26	01:50:32.895	0.87878				2
2025.11.26	01:50:45.206	0.87877				2
2025.11.26	01:50:45.591	0.87878				2
2025.11.26	01:51:00.587	0.87878				2
2025.11.26	01:51:01.638	0.87877	0.87881			6
2025.11.26	01:51:06.456	0.87879	0.87882			6
2025.11.26	01:51:11.731	0.87878	0.87881			6
2025.11.26	01:51:14.625		0.87882			4
2025.11.26	01:51:27.579	0.87879				2
2025.11.26	01:51:33.100		0.87883			4
2025.11.26	01:51:39.380	0.87881				2
2025.11.26	01:51:39.705	0.87879				2
2025.11.26	01:51:40.774	0.87880	0.87884			6
2025.11.26	01:51:46.402	0.87878	0.87883			6
2025.11.26	01:52:00.215	0.87878	0.87882			6
2025.11.26	01:52:00.587		0.87881			4
2025.11.26	01:52:01.351	0.87879	0.87882			6
2025.11.26	01:52:13.080	0.87878				2
2025.11.26	01:52:13.736	0.87879				2
2025.11.26	01:52:31.814		0.87883			4
2025.11.26	01:52:36.288		0.87884			4
2025.11.26	01:52:42.954	0.87880	0.87883			6
2025.11.26	01:52:56.526		0.87884			4
2025.11.26	01:52:57.202		0.87885			4
2025.11.26	01:53:01.876	0.87880				2
2025.11.26	01:53:05.486	0.87881	0.87884			6
2025.11.26	01:53:05.916	0.87880	0.87883			6
2025.11.26	01:53:15.380		0.87884			4
2025.11.26	01:53:20.790	0.87881				2
2025.11.26	01:53:21.605	0.87882	0.87885			6
2025.11.26	01:53:21.909	0.87881	0.87884			6
2025.11.26	01:53:24.554	0.87883				2
2025.11.26	01:53:28.061	0.87882	0.87885			6
2025.11.26	01:53:31.104	0.87880				2
2025.11.26	01:53:40.413	0.87879	0.87884			6
2025.11.26	01:53:40.719		0.87882			4
2025.11.26	01:53:41.973		0.87883			4
2025.11.26	01:53:49.509		0.87882			4
2025.11.26	01:53:50.063		0.87883			4
2025.11.26	01:53:52.099	0.87878	0.87882			6
2025.11.26	01:53:52.440	0.87880				2
2025.11.26	01:54:00.247	0.87880				2
2025.11.26	01:54:01.056	0.87878	0.87881			6
2025.11.26	01:54:15.372	0.87879	0.87883			6
2025.11.26	01:54:17.121		0.87882			4
2025.11.26	01:54:17.959		0.87883			4
2025.11.26	01:54:19.555		0.87882			4
2025.11.26	01:54:30.127		0.87883			4
2025.11.26	01:54:31.877		0.87882			4
2025.11.26	01:54:32.863		0.87881			4
2025.11.26	01:54:35.909	0.87878	0.87882			6
2025.11.26	01:54:37.797		0.87881			4
2025.11.26	01:54:43.800		0.87882			4
2025.11.26	01:54:52.798		0.87881			4
2025.11.26	01:54:53.098		0.87882			4
2025.11.26	01:55:00.054	0.87878				2
2025.11.26	01:55:00.925	0.87879	0.87884			6
2025.11.26	01:55:03.207	0.87878				2
2025.11.26	01:55:05.550	0.87879				2
2025.11.26	01:55:10.807		0.87883			4
2025.11.26	01:55:11.862		0.87884			4
2025.11.26	01:55:15.399	0.87880				2
2025.11.26	01:55:17.563	0.87881	0.87885			6
2025.11.26	01:55:17.869		0.87884			4
2025.11.26	01:55:18.763		0.87885			4
2025.11.26	01:55:19.220		0.87886			4
2025.11.26	01:55:23.217		0.87885			4
2025.11.26	01:55:28.542	0.87882	0.87884			6
2025.11.26	01:55:32.403		0.87886			4
2025.11.26	01:55:34.873	0.87881	0.87885			6
2025.11.26	01:55:38.380	0.87884	0.87889			6
2025.11.26	01:55:48.077	0.87885				2
2025.11.26	01:55:59.355		0.87888			4
2025.11.26	01:56:00.498	0.87885				2
2025.11.26	01:56:05.360		0.87889			4
2025.11.26	01:56:05.734		0.87890			4
2025.11.26	01:56:15.379	0.87884	0.87888			6
2025.11.26	01:56:22.296	0.87887	0.87890			6
2025.11.26	01:56:22.673	0.87886				2
2025.11.26	01:56:30.282	0.87884	0.87888			6
2025.11.26	01:56:31.196		0.87889			4
2025.11.26	01:56:32.401		0.87888			4
2025.11.26	01:56:34.046	0.87883	0.87886			6
2025.11.26	01:56:36.128		0.87887			4
2025.11.26	01:56:39.544	0.87884	0.87888			6
2025.11.26	01:56:39.955	0.87883				2
2025.11.26	01:56:43.133	0.87884				2
2025.11.26	01:56:44.190	0.87886	0.87889			6
2025.11.26	01:56:44.496	0.87885				2
2025.11.26	01:56:45.348	0.87886	0.87890			6
2025.11.26	01:56:45.655		0.87889			4
2025.11.26	01:56:46.489		0.87890			4
2025.11.26	01:56:47.319	0.87885				2
2025.11.26	01:56:47.626	0.87886				2
2025.11.26	01:56:48.310	0.87885				2
2025.11.26	01:56:48.618	0.87886				2
2025.11.26	01:56:50.410	0.87885				2
2025.11.26	01:56:50.753	0.87886				2
2025.11.26	01:56:52.040		0.87889			4
2025.11.26	01:56:52.738	0.87885	0.87890			6
2025.11.26	01:56:53.059	0.87886				2
2025.11.26	01:56:54.034		0.87889			4
2025.11.26	01:56:54.825	0.87885	0.87888			6
2025.11.26	01:56:55.129	0.87886	0.87889			6
2025.11.26	01:57:00.377	0.87885	0.87888			6
2025.11.26	01:57:03.203	0.87883	0.87887			6
2025.11.26	01:57:10.069	0.87884				2
2025.11.26	01:57:11.325		0.87888			4
2025.11.26	01:57:11.632	0.87885	0.87887			6
2025.11.26	01:57:13.709		0.87889			4
2025.11.26	01:57:16.325	0.87887	0.87891			6
2025.11.26	01:57:17.593		0.87892			4
2025.11.26	01:57:25.338	0.87885	0.87890			6
2025.11.26	01:57:25.641	0.87884				2
2025.11.26	01:57:25.957		0.87888			4
2025.11.26	01:57:27.181		0.87887			4
2025.11.26	01:57:27.486	0.87883				2
2025.11.26	01:57:27.852	0.87882	0.87888			6
2025.11.26	01:57:28.449	0.87883				2
2025.11.26	01:57:29.854	0.87887	0.87889			6
2025.11.26	01:57:30.274		0.87890			4
2025.11.26	01:57:35.521	0.87888				2
2025.11.26	01:57:35.908	0.87889	0.87893			6
2025.11.26	01:57:36.606		0.87894			4
2025.11.26	01:57:41.133	0.87890	0.87892			6
2025.11.26	01:57:41.439	0.87891	0.87893			6
2025.11.26	01:57:43.363	0.87890	0.87892			6
2025.11.26	01:57:57.835	0.87889	0.87893			6
2025.11.26	01:58:00.623	0.87889	0.87892			6
2025.11.26	01:58:02.551	0.87888	0.87891			6
2025.11.26	01:58:03.650	0.87889				2
2025.11.26	01:58:03.961	0.87888	0.87892			6
2025.11.26	01:58:04.264	0.87887	0.87891			6
2025.11.26	01:58:04.579	0.87889				2
2025.11.26	01:58:08.316		0.87892			4
2025.11.26	01:58:08.636		0.87891			4
2025.11.26	01:58:14.905	0.87885	0.87887			6
2025.11.26	01:58:15.218	0.87884	0.87888			6
2025.11.26	01:58:16.923	0.87886	0.87890			6
2025.11.26	01:58:19.148	0.87885	0.87888			6
2025.11.26	01:58:22.466	0.87886				2
2025.11.26	01:58:25.104		0.87890			4
2025.11.26	01:58:25.593		0.87889			4
2025.11.26	01:58:27.405	0.87887	0.87890			6
2025.11.26	01:58:39.976	0.87886				2
2025.11.26	01:58:43.403		0.87891			4
2025.11.26	01:58:43.950		0.87890			4
2025.11.26	01:58:50.726		0.87889			4
2025.11.26	01:58:51.291		0.87890			4
2025.11.26	01:58:55.293	0.87887				2
2025.11.26	01:58:56.421		0.87889			4
2025.11.26	01:59:00.353	0.87887				2
2025.11.26	01:59:06.155		0.87890			4
2025.11.26	01:59:07.176		0.87889			4
2025.11.26	01:59:07.882	0.87888	0.87891			6
2025.11.26	01:59:08.995		0.87892			4
2025.11.26	01:59:11.976		0.87891			4
2025.11.26	01:59:12.667		0.87890			4
2025.11.26	01:59:13.011		0.87891			4
2025.11.26	01:59:13.715	0.87887	0.87890			6
2025.11.26	01:59:17.782	0.87888	0.87891			6
2025.11.26	01:59:22.539		0.87892			4
2025.11.26	01:59:23.593		0.87891			4
2025.11.26	01:59:24.087	0.87887	0.87890			6
2025.11.26	01:59:25.370	0.87890	0.87892			6
2025.11.26	01:59:25.719	0.87888				2
2025.11.26	01:59:28.544	0.87889	0.87891			6
2025.11.26	01:59:34.434	0.87888				2
2025.11.26	01:59:40.079	0.87889				2
2025.11.26	01:59:40.399	0.87888				2
2025.11.26	01:59:42.075	0.87889	0.87893			6
2025.11.26	01:59:43.806	0.87887	0.87891			6
2025.11.26	01:59:45.213	0.87889	0.87892			6
2025.11.26	01:59:48.369	0.87890	0.87893			6
2025.11.26	01:59:50.376		0.87892			4
2025.11.26	01:59:55.789		0.87891			4
2025.11.26	01:59:58.184	0.87889				2
2025.11.26	01:59:59.830		0.87892			4
2025.11.26	02:00:00.310	0.87889	0.87890			6
2025.11.26	02:00:00.636	0.87890	0.87891			6
2025.11.26	02:00:01.006	0.87891	0.87892			6
2025.11.26	02:00:01.337		0.87894			4
2025.11.26	02:00:03.447	0.87888	0.87889			6
2025.11.26	02:00:03.759	0.87883	0.87885			6
2025.11.26	02:00:04.202	0.87881	0.87886			6
2025.11.26	02:00:04.520		0.87884			4
2025.11.26	02:00:05.177	0.87879				2
2025.11.26	02:00:05.484	0.87880				2
2025.11.26	02:00:06.839	0.87879	0.87883			6
2025.11.26	02:00:09.743	0.87881	0.87885			6
2025.11.26	02:00:10.128	0.87880	0.87884			6
2025.11.26	02:00:11.242		0.87883			4
2025.11.26	02:00:12.011		0.87882			4
2025.11.26	02:00:13.102	0.87879	0.87883			6
2025.11.26	02:00:13.441	0.87880				2
2025.11.26	02:00:13.945		0.87884			4
2025.11.26	02:00:14.322		0.87883			4
2025.11.26	02:00:14.670	0.87881				2
2025.11.26	02:00:15.271		0.87884			4
2025.11.26	02:00:15.579	0.87880	0.87885			6
2025.11.26	02:00:17.343	0.87881				2
2025.11.26	02:00:18.531	0.87886	0.87889			6
2025.11.26	02:00:19.222	0.87883				2
2025.11.26	02:00:19.527	0.87884				2
2025.11.26	02:00:20.536	0.87883	0.87886			6
2025.11.26	02:00:21.847		0.87887			4
2025.11.26	02:00:22.162	0.87882	0.87885			6
2025.11.26	02:00:22.484		0.87884			4
2025.11.26	02:00:22.801	0.87880				2
2025.11.26	02:00:23.232	0.87884	0.87888			6
2025.11.26	02:00:23.539	0.87885				2
2025.11.26	02:00:24.813	0.87884	0.87887			6
2025.11.26	02:00:25.802		0.87888			4
2025.11.26	02:00:26.108	0.87886	0.87890			6
2025.11.26	02:00:28.214		0.87888			4
2025.11.26	02:00:34.026		0.87890			4
2025.11.26	02:00:34.371	0.87885	0.87887			6
2025.11.26	02:00:34.679	0.87884				2
2025.11.26	02:00:40.605	0.87883				2
2025.11.26	02:00:46.329	0.87885				2
2025.11.26	02:00:46.640	0.87884				2
2025.11.26	02:00:46.941	0.87883				2
2025.11.26	02:00:48.042	0.87882	0.87886			6
2025.11.26	02:00:48.358	0.87869	0.87876			6
2025.11.26	02:00:48.684	0.87868	0.87873			6
2025.11.26	02:00:49.022		0.87872			4
2025.11.26	02:00:49.339	0.87862	0.87866			6
2025.11.26	02:00:50.731	0.87864	0.87867			6
2025.11.26	02:00:53.832	0.87862				2
2025.11.26	02:00:54.253		0.87866			4
2025.11.26	02:00:55.303		0.87867			4
2025.11.26	02:00:55.688	0.87863				2
2025.11.26	02:00:56.658		0.87869			4
2025.11.26	02:00:57.206		0.87867			4
2025.11.26	02:00:58.093		0.87869			4
2025.11.26	02:00:58.398		0.87868			4
2025.11.26	02:00:58.713	0.87864				2
2025.11.26	02:01:00.188	0.87864				2
2025.11.26	02:01:01.061	0.87860	0.87864			6
2025.11.26	02:01:02.848	0.87859				2
2025.11.26	02:01:03.159	0.87855	0.87859			6
2025.11.26	02:01:04.898		0.87858			4
2025.11.26	02:01:08.364	0.87854				2
2025.11.26	02:01:09.302	0.87856	0.87860			6
2025.11.26	02:01:12.564	0.87857	0.87861			6
2025.11.26	02:01:12.879	0.87858				2
2025.11.26	02:01:14.856	0.87857				2
2025.11.26	02:01:15.361	0.87860	0.87865			6
2025.11.26	02:01:16.533	0.87859				2
2025.11.26	02:01:18.798		0.87863			4
2025.11.26	02:01:20.101		0.87864			4
2025.11.26	02:01:21.377	0.87860				2
2025.11.26	02:01:25.841	0.87858	0.87862			6
2025.11.26	02:01:26.842	0.87859	0.87865			6
2025.11.26	02:01:27.826		0.87864			4
2025.11.26	02:01:29.338	0.87856	0.87859			6
2025.11.26	02:01:29.684	0.87858	0.87862			6
2025.11.26	02:01:31.876		0.87864			4
2025.11.26	02:01:32.178	0.87860				2
2025.11.26	02:01:32.555	0.87858	0.87865			6
2025.11.26	02:01:34.767	0.87859	0.87863			6
2025.11.26	02:01:35.915	0.87858	0.87861			6
2025.11.26	02:01:37.340	0.87859	0.87863			6
2025.11.26	02:01:44.272	0.87861	0.87864			6
2025.11.26	02:01:44.578	0.87859				2
2025.11.26	02:01:45.312		0.87861			4
2025.11.26	02:01:49.235	0.87861	0.87862			6
2025.11.26	02:01:49.632	0.87860	0.87863			6
2025.11.26	02:01:50.009		0.87862			4
2025.11.26	02:01:50.380		0.87861			4
2025.11.26	02:01:50.697	0.87859				2
2025.11.26	02:01:51.120	0.87858				2
2025.11.26	02:01:53.691	0.87860	0.87862			6
2025.11.26	02:01:54.420	0.87859				2
2025.11.26	02:01:55.412	0.87861	0.87863			6
2025.11.26	02:01:56.356		0.87862			4
2025.11.26	02:02:00.251	0.87863	0.87866			6
2025.11.26	02:02:00.575	0.87862				2
2025.11.26	02:02:01.201	0.87861				2
2025.11.26	02:02:01.763		0.87865			4
2025.11.26	02:02:07.396	0.87864	0.87867			6
2025.11.26	02:02:15.258	0.87865	0.87868			6
2025.11.26	02:02:15.580		0.87869			4
2025.11.26	02:02:16.001		0.87868			4
2025.11.26	02:02:19.573	0.87866	0.87869			6
2025.11.26	02:02:22.202		0.87872			4
2025.11.26	02:02:22.565		0.87873			4
2025.11.26	02:02:22.869		0.87869			4
2025.11.26	02:02:23.185	0.87867				2
2025.11.26	02:02:23.868	0.87866				2
2025.11.26	02:02:24.764	0.87867	0.87870			6
2025.11.26	02:02:26.877	0.87864	0.87866			6
2025.11.26	02:02:27.180	0.87865	0.87867			6
2025.11.26	02:02:28.002	0.87861	0.87866			6
2025.11.26	02:02:28.312	0.87860	0.87865			6
2025.11.26	02:02:29.757		0.87868			4
2025.11.26	02:02:30.266	0.87861	0.87866			6
2025.11.26	02:02:30.686		0.87867			4
2025.11.26	02:02:35.628		0.87866			4
2025.11.26	02:02:39.725	0.87858	0.87861			6
2025.11.26	02:02:41.621	0.87857				2
2025.11.26	02:02:42.363		0.87860			4
2025.11.26	02:02:43.395	0.87855	0.87859			6
2025.11.26	02:02:44.313	0.87854				2
2025.11.26	02:02:45.723	0.87855				2
2025.11.26	02:02:47.628	0.87856				2
2025.11.26	02:02:49.736	0.87855				2
2025.11.26	02:02:58.864	0.87857	0.87860			6
2025.11.26	02:03:00.331	0.87857				2
2025.11.26	02:03:01.726	0.87858	0.87862			6
2025.11.26	02:03:02.134	0.87857	0.87860			6
2025.11.26	02:03:03.783	0.87855	0.87859			6
2025.11.26	02:03:05.482	0.87856	0.87858			6
2025.11.26	02:03:05.790	0.87854	0.87859			6
2025.11.26	02:03:09.768	0.87855				2
2025.11.26	02:03:10.071	0.87856				2
2025.11.26	02:03:10.824	0.87855				2
2025.11.26	02:03:11.855		0.87857			4
2025.11.26	02:03:12.602	0.87856	0.87859			6
2025.11.26	02:03:17.394		0.87860			4
2025.11.26	02:03:17.721		0.87859			4
2025.11.26	02:03:22.348		0.87860			4
2025.11.26	02:03:26.249	0.87857				2
2025.11.26	02:03:29.192	0.87859	0.87861			6
2025.11.26	02:03:31.591	0.87861	0.87863			6
2025.11.26	02:03:33.647		0.87862			4
2025.11.26	02:03:38.682	0.87860				2
2025.11.26	02:03:41.558	0.87863	0.87866			6
2025.11.26	02:03:51.092	0.87862				2
2025.11.26	02:03:55.245	0.87863	0.87868			6
2025.11.26	02:03:57.797		0.87866			4
2025.11.26	02:04:00.318	0.87863				2
2025.11.26	02:04:08.218		0.87867			4
2025.11.26	02:04:09.459	0.87862	0.87865			6
2025.11.26	02:04:12.801	0.87860				2
2025.11.26	02:04:13.108	0.87861				2
2025.11.26	02:04:15.381	0.87863				2
2025.11.26	02:04:17.416	0.87862	0.87866			6
2025.11.26	02:04:17.724	0.87863				2
2025.11.26	02:04:20.869	0.87862				2
2025.11.26	02:04:21.189	0.87861	0.87867			6
2025.11.26	02:04:21.599	0.87862	0.87866			6
2025.11.26	02:04:21.904	0.87860	0.87864			6
2025.11.26	02:04:22.222	0.87861				2
2025.11.26	02:04:24.195		0.87865			4
2025.11.26	02:04:33.276		0.87864			4
2025.11.26	02:04:34.464		0.87865			4
2025.11.26	02:04:37.485		0.87864			4
2025.11.26	02:04:39.390	0.87856	0.87858			6
2025.11.26	02:04:41.367		0.87859			4
2025.11.26	02:04:42.115	0.87857				2
2025.11.26	02:04:44.344		0.87858			4
2025.11.26	02:04:44.655	0.87855				2
2025.11.26	02:04:49.993	0.87856	0.87859			6
2025.11.26	02:04:55.490		0.87858			4
2025.11.26	02:04:56.256	0.87855				2
2025.11.26	02:04:56.885	0.87854	0.87857			6
2025.11.26	02:04:57.450	0.87855	0.87859			6
2025.11.26	02:05:00.353	0.87855				2
2025.11.26	02:05:00.725	0.87852	0.87856			6
2025.11.26	02:05:03.888	0.87853				2
2025.11.26	02:05:04.392	0.87852	0.87855			6
2025.11.26	02:05:06.684		0.87856			4
2025.11.26	02:05:07.519	0.87851				2
2025.11.26	02:05:07.848	0.87852				2
2025.11.26	02:05:08.166	0.87851				2
2025.11.26	02:05:14.757	0.87852	0.87855			6
2025.11.26	02:05:15.362	0.87849	0.87854			6
2025.11.26	02:05:15.729	0.87851				2
2025.11.26	02:05:19.041	0.87848	0.87850			6
2025.11.26	02:05:20.065	0.87849				2
2025.11.26	02:05:20.970	0.87848	0.87849			6
2025.11.26	02:05:21.395	0.87849	0.87850			6
2025.11.26	02:05:23.482	0.87856	0.87859			6
2025.11.26	02:05:25.616	0.87857				2
2025.11.26	02:05:26.074	0.87858	0.87861			6
2025.11.26	02:05:28.263	0.87857	0.87860			6
2025.11.26	02:05:28.580	0.87856				2
2025.11.26	02:05:30.925		0.87861			4
2025.11.26	02:05:31.243	0.87854	0.87857			6
2025.11.26	02:05:33.616		0.87858			4
2025.11.26	02:05:36.161	0.87853				2
2025.11.26	02:05:37.169	0.87854	0.87857			6
2025.11.26	02:05:38.330	0.87853				2
2025.11.26	02:05:38.973	0.87852	0.87856			6
2025.11.26	02:05:39.332	0.87853				2
2025.11.26	02:05:41.491		0.87857			4
2025.11.26	02:05:41.798	0.87852				2
2025.11.26	02:05:42.282	0.87853	0.87856			6
2025.11.26	02:05:47.547		0.87858			4
2025.11.26	02:05:50.181		0.87857			4
2025.11.26	02:06:01.442	0.87851	0.87856			6
2025.11.26	02:06:02.226	0.87852				2
2025.11.26	02:06:12.497		0.87857			4
2025.11.26	02:06:14.601	0.87851	0.87856			6
2025.11.26	02:06:23.730		0.87855			4
2025.11.26	02:06:24.912		0.87857			4
2025.11.26	02:06:27.580		0.87856			4
2025.11.26	02:06:27.902		0.87855			4
2025.11.26	02:06:30.129	0.87850				2
2025.11.26	02:06:30.453	0.87849	0.87854			6
2025.11.26	02:06:30.826	0.87850				2
2025.11.26	02:06:33.045	0.87848	0.87852			6
2025.11.26	02:06:36.032	0.87849				2
2025.11.26	02:06:36.489		0.87855			4
2025.11.26	02:06:39.009	0.87850	0.87854			6
2025.11.26	02:06:40.520	0.87851	0.87855			6
2025.11.26	02:06:40.830		0.87853			4
2025.11.26	02:06:42.000		0.87854			4
2025.11.26	02:06:42.848	0.87850				2
2025.11.26	02:06:43.556	0.87851				2
2025.11.26	02:06:47.597	0.87849	0.87853			6
2025.11.26	02:06:47.908	0.87848				2
2025.11.26	02:06:49.056		0.87852			4
2025.11.26	02:06:56.784	0.87847				2
2025.11.26	02:06:57.310	0.87846	0.87851			6
2025.11.26	02:06:59.886	0.87847				2
2025.11.26	02:07:00.193	0.87847				2
2025.11.26	02:07:14.544	0.87846	0.87849			6
2025.11.26	02:07:19.632	0.87844				2
2025.11.26	02:07:24.766	0.87845				2
2025.11.26	02:07:29.716		0.87848			4
2025.11.26	02:07:30.520	0.87846	0.87850			6
2025.11.26	02:07:36.581	0.87847				2
2025.11.26	02:07:36.927	0.87846				2
2025.11.26	02:07:38.102	0.87844	0.87848			6
2025.11.26	02:07:46.813		0.87847			4
2025.11.26	02:07:52.226	0.87846	0.87850			6
2025.11.26	02:07:52.541	0.87847	0.87851			6
2025.11.26	02:07:55.537	0.87849	0.87853			6
2025.11.26	02:08:00.352	0.87849				2
2025.11.26	02:08:01.712	0.87847	0.87850			6
2025.11.26	02:08:06.742	0.87849	0.87851			6
2025.11.26	02:08:07.059		0.87854			4
2025.11.26	02:08:08.714	0.87847	0.87850			6
2025.11.26	02:08:09.024	0.87848				2
2025.11.26	02:08:12.365		0.87852			4
2025.11.26	02:08:12.668	0.87849				2
2025.11.26	02:08:13.496	0.87848	0.87851			6
2025.11.26	02:08:13.906	0.87849	0.87852			6
2025.11.26	02:08:14.238	0.87848				2
2025.11.26	02:08:14.544	0.87849	0.87854			6
2025.11.26	02:08:17.791		0.87853			4
2025.11.26	02:08:20.821	0.87848				2
2025.11.26	02:08:25.372	0.87849				2
2025.11.26	02:08:29.925		0.87851			4
2025.11.26	02:08:31.604	0.87848	0.87852			6
2025.11.26	02:08:32.345		0.87851			4
2025.11.26	02:08:34.177	0.87847				2
2025.11.26	02:08:41.949	0.87848				2
2025.11.26	02:08:44.078		0.87852			4
2025.11.26	02:08:44.581	0.87849				2
2025.11.26	02:08:47.215	0.87848	0.87851			6
2025.11.26	02:08:49.890	0.87849				2
2025.11.26	02:08:52.572	0.87848				2
2025.11.26	02:08:54.993	0.87849				2
2025.11.26	02:08:57.577	0.87848				2
2025.11.26	02:09:00.490	0.87848				2
2025.11.26	02:09:06.428	0.87847				2
2025.11.26	02:09:12.429	0.87848				2
2025.11.26	02:09:14.193	0.87847				2
2025.11.26	02:09:15.231	0.87846	0.87850			6
2025.11.26	02:09:17.214		0.87849			4
2025.11.26	02:09:17.520		0.87850			4
2025.11.26	02:09:22.940	0.87847				2
2025.11.26	02:09:24.347	0.87846				2
2025.11.26	02:09:32.596	0.87847				2
2025.11.26	02:09:36.230	0.87848				2
2025.11.26	02:09:37.047	0.87847				2
2025.11.26	02:09:37.733	0.87848				2
2025.11.26	02:09:38.756	0.87847				2
2025.11.26	02:09:47.310		0.87849			4
2025.11.26	02:09:51.762	0.87846	0.87848			6
2025.11.26	02:09:52.538		0.87847			4
2025.11.26	02:09:54.471	0.87845				2
2025.11.26	02:09:57.162	0.87846	0.87848			6
2025.11.26	02:10:00.916	0.87845				2
2025.11.26	02:10:02.458	0.87846				2
2025.11.26	02:10:03.637	0.87845				2
2025.11.26	02:10:09.722	0.87846				2
2025.11.26	02:10:25.633		0.87849			4
2025.11.26	02:10:25.940	0.87845				2
2025.11.26	02:10:26.245	0.87846				2
2025.11.26	02:10:26.634	0.87845				2
2025.11.26	02:10:29.953	0.87844				2
2025.11.26	02:10:30.436	0.87845	0.87850			6
2025.11.26	02:10:31.356		0.87851			4
2025.11.26	02:10:34.817		0.87850			4
2025.11.26	02:10:36.130		0.87849			4
2025.11.26	02:10:36.559	0.87846	0.87850			6
2025.11.26	02:10:36.868		0.87851			4
2025.11.26	02:10:40.397		0.87850			4
2025.11.26	02:10:40.996	0.87847				2
2025.11.26	02:10:46.921	0.87851	0.87855			6
2025.11.26	02:10:47.596	0.87850				2
2025.11.26	02:10:50.305	0.87849	0.87854			6
2025.11.26	02:10:54.168	0.87850				2
2025.11.26	02:11:00.433	0.87850				2
2025.11.26	02:11:03.539	0.87849	0.87853			6
2025.11.26	02:11:06.186	0.87850				2
2025.11.26	02:11:06.545	0.87849				2
2025.11.26	02:11:10.253	0.87850				2
2025.11.26	02:11:12.985		0.87854			4
2025.11.26	02:11:15.359	0.87851				2
2025.11.26	02:11:19.785		0.87855			4
2025.11.26	02:11:23.169		0.87854			4
2025.11.26	02:11:34.346		0.87855			4
2025.11.26	02:11:36.166	0.87852				2
2025.11.26	02:11:36.902		0.87857			4
2025.11.26	02:11:42.333		0.87855			4
2025.11.26	02:11:43.313	0.87851				2
2025.11.26	02:11:47.364	0.87855	0.87860			6
2025.11.26	02:11:48.343		0.87859			4
2025.11.26	02:11:49.584	0.87856	0.87860			6
2025.11.26	02:11:49.887	0.87855				2
2025.11.26	02:11:50.633		0.87859			4
2025.11.26	02:11:55.808	0.87856	0.87860			6
2025.11.26	02:12:00.346	0.87857				2
2025.11.26	02:12:01.459	0.87856				2
2025.11.26	02:12:02.877	0.87855				2
2025.11.26	02:12:04.920		0.87859			4
2025.11.26	02:12:11.064	0.87854				2
2025.11.26	02:12:11.875	0.87855				2
2025.11.26	02:12:13.281	0.87854	0.87860			6
2025.11.26	02:12:15.260		0.87859			4
2025.11.26	02:12:17.316	0.87855				2
2025.11.26	02:12:23.179	0.87856				2
2025.11.26	02:12:23.772	0.87855				2
2025.11.26	02:12:24.736	0.87856				2
2025.11.26	02:12:25.851	0.87855				2
2025.11.26	02:12:26.999	0.87856				2
2025.11.26	02:12:28.351	0.87855				2
2025.11.26	02:12:32.739		0.87858			4
2025.11.26	02:12:33.160		0.87859			4
2025.11.26	02:12:36.769	0.87856				2
2025.11.26	02:12:38.251	0.87855				2
2025.11.26	02:12:40.229	0.87856				2
2025.11.26	02:12:41.510	0.87855				2
2025.11.26	02:12:49.548	0.87856				2
2025.11.26	02:12:50.234	0.87855				2
2025.11.26	02:13:00.873	0.87855				2
2025.11.26	02:13:17.472	0.87856	0.87860			6
2025.11.26	02:13:19.413		0.87859			4
2025.11.26	02:13:21.707		0.87860			4
2025.11.26	02:13:22.087		0.87859			4
2025.11.26	02:13:23.209		0.87860			4
2025.11.26	02:13:23.800		0.87861			4
2025.11.26	02:13:24.122	0.87855	0.87860			6
2025.11.26	02:13:24.663		0.87858			4
2025.11.26	02:13:24.979		0.87859			4
2025.11.26	02:13:43.498	0.87854				2
2025.11.26	02:13:46.551		0.87858			4
2025.11.26	02:13:47.166		0.87859			4
2025.11.26	02:13:47.784	0.87853	0.87857			6
2025.11.26	02:13:48.844		0.87858			4
2025.11.26	02:13:50.263		0.87859			4
2025.11.26	02:13:53.657	0.87854	0.87857			6
2025.11.26	02:13:54.031		0.87856			4
2025.11.26	02:13:55.380		0.87855			4
2025.11.26	02:13:58.666		0.87857			4
2025.11.26	02:13:59.048		0.87856			4
2025.11.26	02:13:59.414		0.87857			4
2025.11.26	02:14:00.318	0.87853	0.87856			6
2025.11.26	02:14:00.960	0.87854	0.87858			6
2025.11.26	02:14:01.637	0.87855				2
2025.11.26	02:14:01.992	0.87854	0.87856			6
2025.11.26	02:14:04.121	0.87853	0.87858			6
2025.11.26	02:14:04.761	0.87854				2
2025.11.26	02:14:05.100		0.87857			4
2025.11.26	02:14:09.416		0.87856			4
2025.11.26	02:14:09.817	0.87853				2
2025.11.26	02:14:10.879	0.87854				2
2025.11.26	02:14:11.204		0.87857			4
2025.11.26	02:14:12.580	0.87853				2
2025.11.26	02:14:13.792	0.87852				2
2025.11.26	02:14:14.404	0.87853	0.87856			6
2025.11.26	02:14:18.586		0.87857			4
2025.11.26	02:14:19.198		0.87858			4
2025.11.26	02:14:23.931	0.87854	0.87857			6
2025.11.26	02:14:24.283		0.87856			4
2025.11.26	02:14:25.805	0.87853				2
2025.11.26	02:14:26.569		0.87857			4
2025.11.26	02:14:35.074		0.87856			4
2025.11.26	02:14:40.015		0.87858			4
2025.11.26	02:14:40.497		0.87856			4
2025.11.26	02:14:41.046	0.87852				2
2025.11.26	02:14:41.918		0.87857			4
2025.11.26	02:14:43.004		0.87856			4
2025.11.26	02:14:43.406		0.87857			4
2025.11.26	02:14:43.762	0.87853	0.87858			6
2025.11.26	02:14:45.494	0.87852				2
2025.11.26	02:14:47.533		0.87857			4
2025.11.26	02:14:55.192	0.87853				2
2025.11.26	02:15:00.091	0.87852				2
2025.11.26	02:15:01.660	0.87849	0.87853			6
2025.11.26	02:15:01.964		0.87855			4
2025.11.26	02:15:02.281	0.87850				2
2025.11.26	02:15:04.529	0.87849	0.87854			6
2025.11.26	02:15:09.391		0.87853			4
2025.11.26	02:15:09.699	0.87848				2
2025.11.26	02:15:10.080		0.87852			4
2025.11.26	02:15:11.304		0.87854			4
2025.11.26	02:15:13.953		0.87852			4
2025.11.26	02:15:16.864		0.87851			4
2025.11.26	02:15:20.332		0.87852			4
2025.11.26	02:15:24.323		0.87851			4
2025.11.26	02:15:26.607	0.87847				2
2025.11.26	02:15:29.197	0.87846	0.87850			6
2025.11.26	02:15:29.499	0.87844	0.87849			6
2025.11.26	02:15:29.805	0.87845				2
2025.11.26	02:15:30.465		0.87850			4
2025.11.26	02:15:31.230		0.87849			4
2025.11.26	02:15:34.644	0.87846	0.87850			6
2025.11.26	02:15:36.111	0.87845	0.87849			6
2025.11.26	02:15:39.390	0.87846				2
2025.11.26	02:15:39.699		0.87848			4
2025.11.26	02:15:40.885	0.87845	0.87849			6
2025.11.26	02:15:45.476		0.87850			4
2025.11.26	02:15:47.525		0.87849			4
2025.11.26	02:15:49.600		0.87850			4
2025.11.26	02:15:54.363	0.87846				2
2025.11.26	02:16:00.726	0.87846				2
2025.11.26	02:16:05.777		0.87851			4
2025.11.26	02:16:06.861		0.87850			4
2025.11.26	02:16:07.627		0.87851			4
2025.11.26	02:16:09.217	0.87847				2
2025.11.26	02:16:14.636		0.87852			4
2025.11.26	02:16:18.306	0.87848				2
2025.11.26	02:16:20.653		0.87851			4
2025.11.26	02:16:23.499	0.87847				2
2025.11.26	02:16:26.692	0.87848				2
2025.11.26	02:16:29.837	0.87847				2
2025.11.26	02:16:31.547	0.87848				2
2025.11.26	02:16:32.343		0.87852			4
2025.11.26	02:16:34.927	0.87847				2
2025.11.26	02:16:35.229		0.87850			4
2025.11.26	02:16:35.539	0.87848				2
2025.11.26	02:16:35.881	0.87849	0.87851			6
2025.11.26	02:16:36.341	0.87848				2
2025.11.26	02:16:37.791	0.87849				2
2025.11.26	02:16:39.868		0.87853			4
2025.11.26	02:16:40.337	0.87848				2
2025.11.26	02:16:42.174	0.87849				2
2025.11.26	02:16:42.583	0.87848				2
2025.11.26	02:16:47.975	0.87849				2
2025.11.26	02:16:48.747	0.87848	0.87851			6
2025.11.26	02:16:50.382	0.87847				2
2025.11.26	02:16:55.443		0.87852			4
2025.11.26	02:16:56.930		0.87851			4
2025.11.26	02:17:00.456	0.87847				2
2025.11.26	02:17:08.777		0.87850			4
2025.11.26	02:17:14.406	0.87846	0.87849			6
2025.11.26	02:17:16.246		0.87850			4
2025.11.26	02:17:22.606		0.87849			4
2025.11.26	02:17:22.914	0.87845				2
2025.11.26	02:17:23.662	0.87846				2
2025.11.26	02:17:24.183	0.87845				2
2025.11.26	02:17:24.571	0.87846				2
2025.11.26	02:17:25.721	0.87845				2
2025.11.26	02:17:26.684	0.87846				2
2025.11.26	02:17:26.997	0.87845				2
2025.11.26	02:17:27.735	0.87846				2
2025.11.26	02:17:31.005		0.87850			4
2025.11.26	02:17:32.231	0.87845				2
2025.11.26	02:17:33.376	0.87846				2
2025.11.26	02:17:36.331	0.87845	0.87849			6
2025.11.26	02:17:53.012	0.87846	0.87850			6
2025.11.26	02:18:00.310	0.87846				2
2025.11.26	02:18:00.712	0.87845				2
2025.11.26	02:18:05.990		0.87849			4
2025.11.26	02:18:10.883	0.87846	0.87850			6
2025.11.26	02:18:13.143		0.87849			4
2025.11.26	02:18:13.700		0.87850			4
2025.11.26	02:18:19.421		0.87849			4
2025.11.26	02:18:20.704		0.87850			4
2025.11.26	02:18:22.010	0.87847	0.87851			6
2025.11.26	02:18:23.045		0.87850			4
2025.11.26	02:18:27.137		0.87851			4
2025.11.26	02:18:37.914		0.87850			4
2025.11.26	02:18:44.939	0.87848	0.87852			6
2025.11.26	02:18:45.251		0.87853			4
2025.11.26	02:18:47.991	0.87849				2
2025.11.26	02:18:48.308		0.87852			4
2025.11.26	02:18:48.614		0.87853			4
2025.11.26	02:18:49.515		0.87854			4
2025.11.26	02:18:49.825		0.87853			4
2025.11.26	02:18:56.248		0.87854			4
2025.11.26	02:18:56.928		0.87853			4
2025.11.26	02:19:00.219	0.87849				2
2025.11.26	02:19:16.519		0.87852			4
2025.11.26	02:19:16.941	0.87847	0.87851			6
2025.11.26	02:19:20.662	0.87849	0.87853			6
2025.11.26	02:19:25.114		0.87852			4
2025.11.26	02:19:25.435	0.87848	0.87851			6
2025.11.26	02:19:36.841		0.87853			4
2025.11.26	02:19:37.277		0.87852			4
2025.11.26	02:19:37.739		0.87853			4
2025.11.26	02:19:38.229		0.87852			4
2025.11.26	02:19:40.038		0.87853			4
2025.11.26	02:19:40.375		0.87852			4
2025.11.26	02:19:40.749		0.87851			4
2025.11.26	02:19:41.413		0.87852			4
2025.11.26	02:19:42.463		0.87851			4
2025.11.26	02:19:42.782	0.87847	0.87850			6
2025.11.26	02:19:55.083	0.87846	0.87849			6
2025.11.26	02:19:55.892	0.87845				2
2025.11.26	02:19:59.932	0.87846	0.87850			6
2025.11.26	02:20:00.413	0.87846				2
2025.11.26	02:20:00.844	0.87845	0.87849			6
2025.11.26	02:20:01.268		0.87850			4
2025.11.26	02:20:01.578	0.87846				2
2025.11.26	02:20:03.248		0.87851			4
2025.11.26	02:20:03.675		0.87850			4
2025.11.26	02:20:04.047	0.87847	0.87851			6
2025.11.26	02:20:04.366	0.87846				2
2025.11.26	02:20:08.648		0.87850			4
2025.11.26	02:20:14.046	0.87845				2
2025.11.26	02:20:15.379	0.87848	0.87852			6
2025.11.26	02:20:16.897	0.87847	0.87851			6
2025.11.26	02:20:19.040		0.87853			4
2025.11.26	02:20:19.342		0.87852			4
2025.11.26	02:20:22.292		0.87851			4
2025.11.26	02:20:22.600	0.87848	0.87852			6
2025.11.26	02:20:28.227		0.87853			4
2025.11.26	02:20:31.716		0.87852			4
2025.11.26	02:20:35.712	0.87849				2
2025.11.26	02:20:38.637	0.87848				2
2025.11.26	02:20:50.014		0.87851			4
2025.11.26	02:20:57.942	0.87847	0.87850			6
2025.11.26	02:20:58.962	0.87848	0.87851			6
2025.11.26	02:21:00.471	0.87848				2
2025.11.26	02:21:03.097	0.87846	0.87850			6
2025.11.26	02:21:07.688	0.87847				2
2025.11.26	02:21:09.930	0.87842	0.87846			6
2025.11.26	02:21:10.241	0.87843				2
2025.11.26	02:21:11.404	0.87842	0.87845			6
2025.11.26	02:21:16.100		0.87844			4
2025.11.26	02:21:16.430	0.87843	0.87845			6
2025.11.26	02:21:17.382	0.87842				2
2025.11.26	02:21:21.767		0.87846			4
2025.11.26	02:21:22.090	0.87843				2
2025.11.26	02:21:22.748		0.87845			4
2025.11.26	02:21:28.338	0.87842				2
2025.11.26	02:21:30.416	0.87843				2
2025.11.26	02:21:40.066		0.87846			4
2025.11.26	02:21:43.799	0.87842				2
2025.11.26	02:21:44.270		0.87845			4
2025.11.26	02:21:46.303		0.87844			4
2025.11.26	02:21:48.940		0.87845			4
2025.11.26	02:21:56.545	0.87843				2
2025.11.26	02:21:58.413	0.87842				2
2025.11.26	02:22:00.677	0.87842				2
2025.11.26	02:22:07.519	0.87841	0.87846			6
2025.11.26	02:22:10.313	0.87842	0.87845			6
2025.11.26	02:22:13.990		0.87846			4
2025.11.26	02:22:15.388	0.87841	0.87845			6
2025.11.26	02:22:27.340		0.87844			4
2025.11.26	02:22:28.800		0.87843			4
2025.11.26	02:22:29.525		0.87844			4
2025.11.26	02:22:32.348		0.87846			4
2025.11.26	02:22:35.984	0.87840	0.87843			6
2025.11.26	02:22:38.015	0.87842	0.87844			6
2025.11.26	02:22:38.471		0.87845			4
2025.11.26	02:22:42.790	0.87843				2
2025.11.26	02:22:45.876	0.87842				2
2025.11.26	02:22:48.660		0.87844			4
2025.11.26	02:22:48.998		0.87845			4
2025.11.26	02:22:49.314	0.87843				2
2025.11.26	02:22:51.113		0.87846			4
2025.11.26	02:22:54.810		0.87847			4
2025.11.26	02:23:00.021	0.87843				2
2025.11.26	02:23:00.484	0.87842				2
2025.11.26	02:23:07.473		0.87846			4
2025.11.26	02:23:08.118		0.87847			4
2025.11.26	02:23:08.448		0.87846			4
2025.11.26	02:23:09.265		0.87847			4
2025.11.26	02:23:15.381	0.87843				2
2025.11.26	02:23:20.874	0.87845	0.87846			6
2025.11.26	02:23:21.910	0.87843				2
2025.11.26	02:23:28.116	0.87844				2
2025.11.26	02:23:30.215		0.87847			4
2025.11.26	02:23:31.166	0.87845				2
2025.11.26	02:23:34.205	0.87843	0.87845			6
2025.11.26	02:23:34.531	0.87842				2
2025.11.26	02:23:35.332	0.87845	0.87847			6
2025.11.26	02:23:35.794	0.87846				2
2025.11.26	02:23:36.175	0.87845				2
2025.11.26	02:23:37.942		0.87848			4
2025.11.26	02:23:39.786		0.87849			4
2025.11.26	02:23:41.248		0.87848			4
2025.11.26	02:23:45.542	0.87846				2
2025.11.26	02:23:47.672	0.87838	0.87840			6
2025.11.26	02:23:47.987		0.87841			4
2025.11.26	02:23:48.341	0.87839	0.87842			6
2025.11.26	02:23:51.268	0.87838	0.87843			6
2025.11.26	02:23:51.579	0.87840				2
2025.11.26	02:23:52.899	0.87839	0.87844			6
2025.11.26	02:23:53.242	0.87840	0.87843			6
2025.11.26	02:23:53.977	0.87839				2
2025.11.26	02:23:54.666	0.87837	0.87842			6
2025.11.26	02:23:55.497		0.87841			4
2025.11.26	02:23:55.813	0.87838				2
2025.11.26	02:23:56.573	0.87839	0.87842			6
2025.11.26	02:23:57.551	0.87838				2
2025.11.26	02:23:58.353	0.87839				2
2025.11.26	02:23:59.892	0.87840				2
2025.11.26	02:24:00.351	0.87840				2
2025.11.26	02:24:05.165		0.87841			4
2025.11.26	02:24:05.631		0.87842			4
2025.11.26	02:24:06.248	0.87839				2
2025.11.26	02:24:08.961	0.87840				2
2025.11.26	02:24:11.373	0.87839				2
2025.11.26	02:24:12.328	0.87840	0.87843			6
2025.11.26	02:24:12.668		0.87844			4
2025.11.26	02:24:17.465	0.87841	0.87843			6
2025.11.26	02:24:18.463		0.87844			4
2025.11.26	02:24:18.764		0.87843			4
2025.11.26	02:24:20.879	0.87839	0.87842			6
2025.11.26	02:24:21.672		0.87841			4
2025.11.26	02:24:22.346	0.87840	0.87842			6
2025.11.26	02:24:22.915		0.87841			4
2025.11.26	02:24:25.056		0.87842			4
2025.11.26	02:24:25.439		0.87841			4
2025.11.26	02:24:29.676		0.87842			4
2025.11.26	02:24:29.978		0.87841			4
2025.11.26	02:24:31.013		0.87842			4
2025.11.26	02:24:35.014	0.87839				2
2025.11.26	02:24:39.754	0.87840				2
2025.11.26	02:24:40.348	0.87839				2
2025.11.26	02:24:46.214	0.87840				2
2025.11.26	02:24:49.260		0.87843			4
2025.11.26	02:25:00.463	0.87840				2
2025.11.26	02:25:00.772	0.87841	0.87844			6
2025.11.26	02:25:05.068	0.87842	0.87845			6
2025.11.26	02:25:10.345	0.87841				2
2025.11.26	02:25:17.412		0.87844			4
2025.11.26	02:25:18.453		0.87845			4
2025.11.26	02:25:20.456		0.87844			4
2025.11.26	02:25:24.715		0.87845			4
2025.11.26	02:25:26.062	0.87842	0.87844			6
2025.11.26	02:25:26.476	0.87840	0.87843			6
2025.11.26	02:25:26.790	0.87841	0.87844			6
2025.11.26	02:25:27.457		0.87845			4
2025.11.26	02:25:29.547	0.87842				2
2025.11.26	02:25:41.801	0.87841	0.87844			6
2025.11.26	02:25:46.284	0.87842				2
2025.11.26	02:25:47.664		0.87843			4
2025.11.26	02:25:56.433		0.87844			4
2025.11.26	02:26:00.277	0.87842				2
2025.11.26	02:26:19.177	0.87843	0.87845			6
2025.11.26	02:26:21.760		0.87846			4
2025.11.26	02:26:22.415		0.87845			4
2025.11.26	02:26:28.397	0.87845	0.87848			6
2025.11.26	02:26:31.332	0.87847	0.87849			6
2025.11.26	02:26:31.668	0.87848				2
2025.11.26	02:26:32.283	0.87847				2
2025.11.26	02:26:52.782	0.87846	0.87848			6
2025.11.26	02:26:53.099		0.87849			4
2025.11.26	02:27:00.651	0.87846	0.87848			6
2025.11.26	02:27:08.487	0.87847				2
2025.11.26	02:27:09.377	0.87849	0.87850			6
2025.11.26	02:27:10.350	0.87848				2
2025.11.26	02:27:10.730	0.87849				2
2025.11.26	02:27:11.388	0.87848	0.87851			6
2025.11.26	02:27:14.893	0.87849	0.87852			6
2025.11.26	02:27:18.787	0.87850				2
2025.11.26	02:27:30.980	0.87849	0.87851			6
2025.11.26	02:27:36.092	0.87848				2
2025.11.26	02:27:38.001	0.87850				2
2025.11.26	02:27:38.306	0.87851	0.87852			6
2025.11.26	02:27:39.364	0.87848	0.87850			6
2025.11.26	02:27:44.637	0.87851	0.87853			6
2025.11.26	02:27:53.334	0.87850	0.87852			6
2025.11.26	02:27:54.967	0.87849				2
2025.11.26	02:28:01.841	0.87850				2
2025.11.26	02:28:02.657		0.87851			4
2025.11.26	02:28:06.344	0.87849				2
2025.11.26	02:28:07.015		0.87850			4
2025.11.26	02:28:07.623	0.87850	0.87852			6
2025.11.26	02:28:12.172		0.87851			4
2025.11.26	02:28:12.518	0.87849	0.87850			6
2025.11.26	02:28:32.475	0.87850	0.87851			6
2025.11.26	02:28:32.783	0.87849				2
2025.11.26	02:28:35.323	0.87850				2
2025.11.26	02:28:36.076	0.87849				2
2025.11.26	02:28:36.458	0.87850				2
2025.11.26	02:28:37.193	0.87851	0.87852			6
2025.11.26	02:28:37.498	0.87850				2
2025.11.26	02:28:37.799		0.87851			4
2025.11.26	02:28:42.272		0.87852			4
2025.11.26	02:28:42.978	0.87851				2
2025.11.26	02:28:46.344	0.87850				2
2025.11.26	02:28:51.513		0.87851			4
2025.11.26	02:28:53.473	0.87849	0.87852			6
2025.11.26	02:28:55.893	0.87850				2
2025.11.26	02:29:01.457	0.87850	0.87853			6
2025.11.26	02:29:02.372	0.87851				2
2025.11.26	02:29:06.443	0.87850				2
2025.11.26	02:29:07.142	0.87851				2
2025.11.26	02:29:07.725	0.87850				2
2025.11.26	02:29:08.342	0.87851				2
2025.11.26	02:29:08.824	0.87850				2
2025.11.26	02:29:10.426	0.87851				2
2025.11.26	02:29:12.937	0.87850	0.87851			6
2025.11.26	02:29:13.709	0.87851	0.87852			6
2025.11.26	02:29:16.259	0.87849				2
2025.11.26	02:29:19.821	0.87850				2
2025.11.26	02:29:21.220	0.87851				2
2025.11.26	02:29:21.869		0.87853			4
2025.11.26	02:29:22.184		0.87852			4
2025.11.26	02:29:26.344	0.87852	0.87854			6
2025.11.26	02:29:29.715	0.87851	0.87853			6
2025.11.26	02:29:31.674	0.87850	0.87854			6
2025.11.26	02:29:32.015	0.87851				2
2025.11.26	02:29:34.447	0.87852				2
2025.11.26	02:29:34.757	0.87853				2
2025.11.26	02:29:35.619	0.87851				2
2025.11.26	02:29:36.420	0.87849	0.87852			6
2025.11.26	02:29:36.731	0.87850	0.87851			6
2025.11.26	02:29:40.514		0.87852			4
2025.11.26	02:29:40.851		0.87853			4
2025.11.26	02:29:41.247	0.87851	0.87854			6
2025.11.26	02:29:41.567	0.87849				2
2025.11.26	02:29:42.841	0.87850	0.87851			6
2025.11.26	02:29:43.530	0.87851	0.87852			6
2025.11.26	02:29:44.680	0.87850	0.87851			6
2025.11.26	02:29:45.566	0.87852	0.87854			6
2025.11.26	02:29:46.517	0.87850				2
2025.11.26	02:29:47.468	0.87851				2
2025.11.26	02:29:49.045		0.87855			4
2025.11.26	02:29:49.363	0.87850	0.87852			6
2025.11.26	02:29:52.920	0.87849				2
2025.11.26	02:29:54.324	0.87848	0.87850			6
2025.11.26	02:29:56.355	0.87847				2
2025.11.26	02:29:56.670		0.87851			4
2025.11.26	02:30:00.281	0.87850	0.87852			6
2025.11.26	02:30:00.585	0.87849	0.87850			6
2025.11.26	02:30:00.904	0.87844	0.87849			6
2025.11.26	02:30:01.242	0.87847	0.87848			6
2025.11.26	02:30:02.212	0.87845	0.87849			6
2025.11.26	02:30:02.519	0.87850	0.87855			6
2025.11.26	02:30:03.280	0.87851	0.87854			6
2025.11.26	02:30:03.613	0.87849	0.87855			6
2025.11.26	02:30:03.932	0.87852				2
2025.11.26	02:30:05.081	0.87850	0.87853			6
2025.11.26	02:30:07.427	0.87853	0.87856			6
2025.11.26	02:30:08.120	0.87849	0.87854			6
2025.11.26	02:30:08.762		0.87853			4
2025.11.26	02:30:10.318	0.87850				2
2025.11.26	02:30:10.986	0.87849				2
