<DATE>	<TIME>	<BID>	<ASK>	<LAST>	<VOLUME>	<FLAGS>
2025.09.10	00:03:31.435	0.86532	0.86624			6
2025.09.10	00:04:08.764	0.86532				2
2025.09.10	00:04:31.612		0.86624			4
2025.09.10	00:05:03.395	0.86532	0.86626			6
2025.09.10	00:05:34.418		0.86630			4
2025.09.10	00:06:00.353	0.86532				2
2025.09.10	00:06:34.422		0.86631			4
2025.09.10	00:07:07.024	0.86532				2
2025.09.10	00:07:36.535		0.86631			4
2025.09.10	00:07:37.090		0.86623			4
2025.09.10	00:08:00.134	0.86532				2
2025.09.10	00:08:13.220		0.86630			4
2025.09.10	00:08:15.162	0.86533				2
2025.09.10	00:09:00.383	0.86533				2
2025.09.10	00:09:13.239		0.86630			4
2025.09.10	00:10:00.330	0.86533	0.86615			6
2025.09.10	00:10:00.695		0.86613			4
2025.09.10	00:10:01.559		0.86614			4
2025.09.10	00:10:02.695		0.86617			4
2025.09.10	00:10:11.355	0.86558	0.86623			6
2025.09.10	00:11:00.182	0.86558				2
2025.09.10	00:11:04.730	0.86503	0.86626			6
2025.09.10	00:11:06.168	0.86533	0.86616			6
2025.09.10	00:11:08.219	0.86558	0.86623			6
2025.09.10	00:11:09.178	0.86533	0.86616			6
2025.09.10	00:11:13.169		0.86617			4
2025.09.10	00:11:15.510	0.86558	0.86623			6
2025.09.10	00:11:16.452	0.86533	0.86617			6
2025.09.10	00:11:22.681	0.86558	0.86623			6
2025.09.10	00:11:23.626	0.86533	0.86617			6
2025.09.10	00:11:30.107	0.86558	0.86623			6
2025.09.10	00:11:31.055	0.86533	0.86617			6
2025.09.10	00:11:37.450	0.86558	0.86623			6
2025.09.10	00:11:38.384	0.86533	0.86617			6
2025.09.10	00:12:01.729	0.86533				2
2025.09.10	00:12:03.017		0.86616			4
2025.09.10	00:12:21.902		0.86628			4
2025.09.10	00:12:26.925		0.86627			4
2025.09.10	00:12:27.920		0.86628			4
2025.09.10	00:12:34.817		0.86629			4
2025.09.10	00:12:38.615		0.86628			4
2025.09.10	00:12:42.618		0.86629			4
2025.09.10	00:12:51.611	0.86535				2
2025.09.10	00:12:59.481		0.86630			4
2025.09.10	00:13:01.061	0.86535	0.86629			6
2025.09.10	00:13:09.617		0.86630			4
2025.09.10	00:13:33.613		0.86631			4
2025.09.10	00:13:38.525	0.86533				2
2025.09.10	00:13:39.095	0.86535				2
2025.09.10	00:13:43.905	0.86533				2
2025.09.10	00:13:44.222	0.86535				2
2025.09.10	00:13:50.373	0.86533				2
2025.09.10	00:14:00.749	0.86533				2
2025.09.10	00:14:24.020		0.86632			4
2025.09.10	00:14:39.396		0.86629			4
2025.09.10	00:14:39.928		0.86632			4
2025.09.10	00:15:00.303	0.86535	0.86633			6
2025.09.10	00:15:01.517		0.86632			4
2025.09.10	00:15:02.228	0.86536	0.86630			6
2025.09.10	00:15:02.554	0.86533				2
2025.09.10	00:15:04.242	0.86538				2
2025.09.10	00:15:11.622	0.86533				2
2025.09.10	00:15:12.352	0.86538				2
2025.09.10	00:15:13.270	0.86533				2
2025.09.10	00:15:24.676	0.86535	0.86626			6
2025.09.10	00:15:26.117		0.86628			4
2025.09.10	00:15:26.675	0.86533	0.86630			6
2025.09.10	00:15:36.916		0.86631			4
2025.09.10	00:15:57.332		0.86629			4
2025.09.10	00:16:00.619	0.86533				2
2025.09.10	00:16:06.350		0.86631			4
2025.09.10	00:16:08.377	0.86536	0.86632			6
2025.09.10	00:16:35.116	0.86538	0.86631			6
2025.09.10	00:16:36.884	0.86533	0.86628			6
2025.09.10	00:16:38.257		0.86631			4
2025.09.10	00:16:41.559		0.86630			4
2025.09.10	00:16:44.071		0.86631			4
2025.09.10	00:16:44.374		0.86630			4
2025.09.10	00:16:46.348		0.86629			4
2025.09.10	00:16:47.500		0.86631			4
2025.09.10	00:16:57.290		0.86632			4
2025.09.10	00:17:00.355	0.86533				2
2025.09.10	00:17:27.934	0.86538				2
2025.09.10	00:17:57.608		0.86632			4
2025.09.10	00:18:02.732	0.86538				2
2025.09.10	00:18:10.827	0.86533				2
2025.09.10	00:18:54.945	0.86535				2
2025.09.10	00:18:56.940	0.86533				2
2025.09.10	00:18:58.944		0.86632			4
2025.09.10	00:19:03.840	0.86533				2
2025.09.10	00:19:13.225		0.86633			4
2025.09.10	00:19:48.921	0.86539				2
2025.09.10	00:19:50.750	0.86533				2
2025.09.10	00:19:51.060	0.86535				2
2025.09.10	00:19:52.045	0.86536				2
2025.09.10	00:19:52.944	0.86533				2
2025.09.10	00:19:57.253	0.86536				2
2025.09.10	00:19:58.708	0.86534				2
2025.09.10	00:19:59.910	0.86533				2
2025.09.10	00:20:00.356	0.86533				2
2025.09.10	00:20:12.024	0.86537				2
2025.09.10	00:20:13.737	0.86542	0.86633			6
2025.09.10	00:20:16.986	0.86544				2
2025.09.10	00:20:20.584	0.86543				2
2025.09.10	00:20:22.027	0.86544				2
2025.09.10	00:20:22.330	0.86543				2
2025.09.10	00:20:23.454	0.86544				2
2025.09.10	00:20:27.408		0.86632			4
2025.09.10	00:20:33.070	0.86543	0.86631			6
2025.09.10	00:20:35.353		0.86630			4
2025.09.10	00:20:47.441		0.86629			4
2025.09.10	00:21:00.170	0.86543				2
2025.09.10	00:21:01.434	0.86544				2
2025.09.10	00:21:07.455		0.86628			4
2025.09.10	00:21:11.655	0.86543				2
2025.09.10	00:21:11.961	0.86542				2
2025.09.10	00:21:17.962		0.86627			4
2025.09.10	00:21:20.278		0.86628			4
2025.09.10	00:21:22.039	0.86543				2
2025.09.10	00:21:22.671		0.86627			4
2025.09.10	00:21:24.752		0.86628			4
2025.09.10	00:21:26.662		0.86627			4
2025.09.10	00:21:27.474	0.86542	0.86628			6
2025.09.10	00:21:30.872	0.86543	0.86627			6
2025.09.10	00:21:31.243	0.86537	0.86622			6
2025.09.10	00:21:31.963	0.86543	0.86620			6
2025.09.10	00:21:32.283		0.86619			4
2025.09.10	00:21:33.725	0.86533	0.86616			6
2025.09.10	00:21:39.841		0.86613			4
2025.09.10	00:21:40.682	0.86537	0.86615			6
2025.09.10	00:21:43.179	0.86533	0.86614			6
2025.09.10	00:21:46.284		0.86611			4
2025.09.10	00:21:50.152	0.86537	0.86616			6
2025.09.10	00:21:50.950	0.86539				2
2025.09.10	00:21:53.117		0.86615			4
2025.09.10	00:22:00.181	0.86539				2
2025.09.10	00:22:05.420	0.86540				2
2025.09.10	00:22:19.404	0.86541				2
2025.09.10	00:22:33.214		0.86614			4
2025.09.10	00:22:37.985		0.86616			4
2025.09.10	00:22:38.624		0.86617			4
2025.09.10	00:22:41.614		0.86616			4
2025.09.10	00:22:50.340	0.86538	0.86610			6
2025.09.10	00:22:50.965	0.86541	0.86612			6
2025.09.10	00:23:01.612	0.86541				2
2025.09.10	00:23:05.348		0.86611			4
2025.09.10	00:23:08.826		0.86605			4
2025.09.10	00:23:11.436		0.86606			4
2025.09.10	00:23:17.719		0.86605			4
2025.09.10	00:23:21.971	0.86542				2
2025.09.10	00:23:24.348	0.86540	0.86604			6
2025.09.10	00:23:24.919		0.86605			4
2025.09.10	00:24:01.738	0.86540				2
2025.09.10	00:24:10.216		0.86604			4
2025.09.10	00:24:15.621		0.86605			4
2025.09.10	00:24:16.467		0.86607			4
2025.09.10	00:24:21.796		0.86610			4
2025.09.10	00:24:35.193		0.86609			4
2025.09.10	00:24:38.118		0.86608			4
2025.09.10	00:24:40.384		0.86609			4
2025.09.10	00:24:48.238	0.86541				2
2025.09.10	00:24:52.385	0.86546				2
2025.09.10	00:24:53.223		0.86608			4
2025.09.10	00:24:59.393		0.86609			4
2025.09.10	00:25:00.307	0.86546				2
2025.09.10	00:25:01.221		0.86608			4
2025.09.10	00:25:03.999	0.86547	0.86609			6
2025.09.10	00:25:16.386	0.86536	0.86607			6
2025.09.10	00:25:23.284	0.86544				2
2025.09.10	00:25:25.117		0.86608			4
2025.09.10	00:25:27.014		0.86611			4
2025.09.10	00:25:31.858	0.86539	0.86609			6
2025.09.10	00:25:33.437		0.86610			4
2025.09.10	00:25:33.840	0.86535				2
2025.09.10	00:25:38.750	0.86543				2
2025.09.10	00:25:43.661		0.86609			4
2025.09.10	00:25:53.312		0.86611			4
2025.09.10	00:26:04.349	0.86543				2
2025.09.10	00:26:19.418		0.86610			4
2025.09.10	00:26:38.752	0.86545				2
2025.09.10	00:26:55.217		0.86609			4
2025.09.10	00:27:01.732	0.86545				2
2025.09.10	00:27:07.990	0.86546				2
2025.09.10	00:27:09.316	0.86545	0.86613			6
2025.09.10	00:27:09.630	0.86544	0.86614			6
2025.09.10	00:27:09.964		0.86612			4
2025.09.10	00:27:11.963	0.86545	0.86613			6
2025.09.10	00:27:15.428		0.86614			4
2025.09.10	00:27:23.241		0.86617			4
2025.09.10	00:27:23.545	0.86532				2
2025.09.10	00:27:23.858		0.86618			4
2025.09.10	00:27:24.161		0.86620			4
2025.09.10	00:27:24.478	0.86538	0.86619			6
2025.09.10	00:27:24.815	0.86542	0.86618			6
2025.09.10	00:27:27.011	0.86541				2
2025.09.10	00:27:27.510		0.86619			4
2025.09.10	00:27:30.036		0.86617			4
2025.09.10	00:27:33.929	0.86542				2
2025.09.10	00:27:34.346		0.86618			4
2025.09.10	00:27:35.683		0.86617			4
2025.09.10	00:27:41.227		0.86616			4
2025.09.10	00:27:44.510		0.86618			4
2025.09.10	00:27:46.230		0.86619			4
2025.09.10	00:27:46.571		0.86621			4
2025.09.10	00:28:04.343	0.86542				2
2025.09.10	00:28:08.418		0.86622			4
2025.09.10	00:28:10.516		0.86621			4
2025.09.10	00:28:10.968		0.86619			4
2025.09.10	00:28:14.988		0.86623			4
2025.09.10	00:28:16.603		0.86621			4
2025.09.10	00:28:17.765	0.86546	0.86622			6
2025.09.10	00:28:18.950		0.86625			4
2025.09.10	00:28:19.253		0.86626			4
2025.09.10	00:28:40.186		0.86627			4
2025.09.10	00:28:57.259		0.86628			4
2025.09.10	00:28:59.522		0.86624			4
2025.09.10	00:28:59.964		0.86628			4
2025.09.10	00:29:01.351	0.86546	0.86627			6
2025.09.10	00:29:03.389	0.86539				2
2025.09.10	00:29:05.200	0.86546	0.86626			6
2025.09.10	00:29:07.572		0.86624			4
2025.09.10	00:29:14.836		0.86620			4
2025.09.10	00:29:16.607		0.86619			4
2025.09.10	00:29:26.528		0.86618			4
2025.09.10	00:29:32.247		0.86616			4
2025.09.10	00:29:42.620		0.86617			4
2025.09.10	00:30:00.313	0.86548				2
2025.09.10	00:30:00.732	0.86543	0.86618			6
2025.09.10	00:30:05.358	0.86545				2
2025.09.10	00:30:10.724	0.86543	0.86616			6
2025.09.10	00:30:13.613		0.86617			4
2025.09.10	00:30:20.733	0.86541	0.86616			6
2025.09.10	00:30:29.567	0.86537	0.86613			6
2025.09.10	00:30:29.944		0.86614			4
2025.09.10	00:30:39.247		0.86612			4
2025.09.10	00:30:40.271		0.86613			4
2025.09.10	00:30:40.726	0.86535	0.86611			6
2025.09.10	00:30:41.232		0.86614			4
2025.09.10	00:30:41.963		0.86615			4
2025.09.10	00:30:50.674	0.86531	0.86611			6
2025.09.10	00:30:50.984		0.86612			4
2025.09.10	00:30:51.317		0.86611			4
2025.09.10	00:30:55.724	0.86534	0.86612			6
2025.09.10	00:30:56.035		0.86611			4
2025.09.10	00:31:01.232	0.86534	0.86608			6
2025.09.10	00:31:06.966		0.86607			4
2025.09.10	00:31:10.732	0.86538	0.86609			6
2025.09.10	00:31:12.347		0.86608			4
2025.09.10	00:31:20.789	0.86534				2
2025.09.10	00:31:25.725	0.86537				2
2025.09.10	00:31:26.037	0.86532	0.86606			6
2025.09.10	00:31:26.357	0.86537	0.86607			6
2025.09.10	00:31:26.679		0.86608			4
2025.09.10	00:31:35.754		0.86607			4
2025.09.10	00:31:36.057	0.86538	0.86608			6
2025.09.10	00:31:38.331		0.86610			4
2025.09.10	00:31:39.326		0.86611			4
2025.09.10	00:31:45.443		0.86614			4
2025.09.10	00:31:46.222		0.86615			4
2025.09.10	00:31:50.830		0.86614			4
2025.09.10	00:31:55.188		0.86613			4
2025.09.10	00:31:55.752		0.86611			4
2025.09.10	00:31:56.057		0.86612			4
2025.09.10	00:31:56.678		0.86611			4
2025.09.10	00:32:00.431	0.86538	0.86612			6
2025.09.10	00:32:05.959	0.86535	0.86611			6
2025.09.10	00:32:06.316		0.86612			4
2025.09.10	00:32:06.962		0.86613			4
2025.09.10	00:32:08.846	0.86539				2
2025.09.10	00:32:09.422	0.86537				2
2025.09.10	00:32:09.846	0.86540				2
2025.09.10	00:32:27.945		0.86612			4
2025.09.10	00:32:30.297		0.86613			4
2025.09.10	00:32:40.210		0.86612			4
2025.09.10	00:32:46.344		0.86614			4
2025.09.10	00:32:52.347		0.86615			4
2025.09.10	00:32:55.750		0.86614			4
2025.09.10	00:33:01.460	0.86540				2
2025.09.10	00:33:06.014		0.86613			4
2025.09.10	00:33:12.156		0.86612			4
2025.09.10	00:33:12.586		0.86613			4
2025.09.10	00:33:15.374		0.86614			4
2025.09.10	00:33:46.458		0.86615			4
2025.09.10	00:33:50.932	0.86536				2
2025.09.10	00:33:55.730	0.86539				2
2025.09.10	00:33:58.664		0.86616			4
2025.09.10	00:34:00.358	0.86539				2
2025.09.10	00:34:01.713		0.86615			4
2025.09.10	00:34:06.082		0.86613			4
2025.09.10	00:34:09.119		0.86612			4
2025.09.10	00:34:09.855	0.86535	0.86611			6
2025.09.10	00:34:10.725	0.86538	0.86610			6
2025.09.10	00:34:18.269		0.86611			4
2025.09.10	00:34:18.603	0.86531				2
2025.09.10	00:34:20.190	0.86538				2
2025.09.10	00:34:31.031		0.86612			4
2025.09.10	00:34:32.976		0.86613			4
2025.09.10	00:34:35.801		0.86612			4
2025.09.10	00:34:36.117		0.86611			4
2025.09.10	00:34:37.589		0.86612			4
2025.09.10	00:34:38.498	0.86531				2
2025.09.10	00:34:39.686	0.86538	0.86611			6
2025.09.10	00:34:40.751		0.86610			4
2025.09.10	00:35:00.379	0.86538	0.86612			6
2025.09.10	00:35:01.344		0.86613			4
2025.09.10	00:35:05.818		0.86612			4
2025.09.10	00:35:10.751		0.86611			4
2025.09.10	00:35:11.242		0.86610			4
2025.09.10	00:35:21.016	0.86536				2
2025.09.10	00:35:23.810		0.86611			4
2025.09.10	00:35:25.726	0.86539				2
2025.09.10	00:35:36.419		0.86610			4
2025.09.10	00:35:37.579		0.86615			4
2025.09.10	00:35:37.965		0.86619			4
2025.09.10	00:35:38.781		0.86617			4
2025.09.10	00:35:39.148		0.86618			4
2025.09.10	00:35:40.202		0.86619			4
2025.09.10	00:36:00.618	0.86539				2
2025.09.10	00:36:11.417		0.86618			4
2025.09.10	00:36:24.017		0.86617			4
2025.09.10	00:36:24.960		0.86615			4
2025.09.10	00:36:26.117		0.86614			4
2025.09.10	00:36:35.093		0.86615			4
2025.09.10	00:36:36.863		0.86616			4
2025.09.10	00:36:40.523		0.86615			4
2025.09.10	00:36:42.921		0.86616			4
2025.09.10	00:36:43.307		0.86615			4
2025.09.10	00:36:45.917		0.86618			4
2025.09.10	00:36:47.201		0.86611			4
2025.09.10	00:36:48.962		0.86609			4
2025.09.10	00:36:52.252		0.86610			4
2025.09.10	00:36:53.014		0.86613			4
2025.09.10	00:36:53.566		0.86612			4
2025.09.10	00:36:53.969		0.86613			4
2025.09.10	00:36:58.218		0.86612			4
2025.09.10	00:37:01.219	0.86539				2
2025.09.10	00:37:03.617		0.86613			4
2025.09.10	00:37:05.210		0.86612			4
2025.09.10	00:37:05.884		0.86611			4
2025.09.10	00:37:07.793		0.86610			4
2025.09.10	00:37:09.875		0.86611			4
2025.09.10	00:37:10.940		0.86612			4
2025.09.10	00:37:11.964		0.86611			4
2025.09.10	00:37:13.208	0.86540	0.86612			6
2025.09.10	00:37:14.347		0.86611			4
2025.09.10	00:37:15.339		0.86612			4
2025.09.10	00:37:16.217	0.86536	0.86609			6
2025.09.10	00:37:16.568		0.86608			4
2025.09.10	00:37:17.318	0.86534				2
2025.09.10	00:37:17.962		0.86607			4
2025.09.10	00:37:18.482		0.86608			4
2025.09.10	00:37:19.005	0.86530	0.86603			6
2025.09.10	00:37:19.485		0.86602			4
2025.09.10	00:37:20.263	0.86528	0.86604			6
2025.09.10	00:37:21.249		0.86605			4
2025.09.10	00:37:23.119		0.86604			4
2025.09.10	00:37:24.020		0.86605			4
2025.09.10	00:37:28.916		0.86603			4
2025.09.10	00:37:29.228		0.86602			4
2025.09.10	00:37:29.648		0.86601			4
2025.09.10	00:37:30.350	0.86529	0.86600			6
2025.09.10	00:37:30.682	0.86528	0.86601			6
2025.09.10	00:37:31.264	0.86529				2
2025.09.10	00:37:31.614		0.86603			4
2025.09.10	00:37:31.918		0.86600			4
2025.09.10	00:37:34.276		0.86599			4
2025.09.10	00:37:35.915	0.86528	0.86600			6
2025.09.10	00:37:38.740		0.86601			4
2025.09.10	00:37:39.134	0.86530	0.86599			6
2025.09.10	00:37:40.233	0.86528	0.86600			6
2025.09.10	00:37:41.202		0.86601			4
2025.09.10	00:37:51.235	0.86529				2
2025.09.10	00:37:55.553	0.86528	0.86599			6
2025.09.10	00:37:55.859	0.86529	0.86600			6
2025.09.10	00:37:56.776		0.86599			4
2025.09.10	00:37:57.079		0.86600			4
2025.09.10	00:37:57.860		0.86601			4
2025.09.10	00:38:00.356	0.86529				2
2025.09.10	00:38:01.196	0.86528	0.86600			6
2025.09.10	00:38:01.501		0.86601			4
2025.09.10	00:38:02.011		0.86600			4
2025.09.10	00:38:02.527		0.86599			4
2025.09.10	00:38:06.344		0.86600			4
2025.09.10	00:38:07.216		0.86599			4
2025.09.10	00:38:07.957		0.86600			4
2025.09.10	00:38:09.149	0.86529				2
2025.09.10	00:38:10.453		0.86599			4
2025.09.10	00:38:11.243	0.86527				2
2025.09.10	00:38:13.132	0.86528				2
2025.09.10	00:38:13.908	0.86524	0.86598			6
2025.09.10	00:38:14.353	0.86528	0.86600			6
2025.09.10	00:38:14.657		0.86599			4
2025.09.10	00:38:15.422	0.86525				2
2025.09.10	00:38:16.309	0.86527				2
2025.09.10	00:38:17.139		0.86598			4
2025.09.10	00:38:18.142		0.86597			4
2025.09.10	00:38:21.273		0.86598			4
2025.09.10	00:38:21.938		0.86597			4
2025.09.10	00:38:22.446	0.86525				2
2025.09.10	00:38:22.751		0.86595			4
2025.09.10	00:38:23.191		0.86596			4
2025.09.10	00:38:26.352		0.86595			4
2025.09.10	00:38:28.567		0.86594			4
2025.09.10	00:38:30.923		0.86596			4
2025.09.10	00:38:31.613	0.86523				2
2025.09.10	00:38:36.020		0.86597			4
2025.09.10	00:38:36.823	0.86525				2
2025.09.10	00:38:37.308	0.86523				2
2025.09.10	00:38:39.318		0.86596			4
2025.09.10	00:38:40.732	0.86525				2
2025.09.10	00:38:43.610	0.86527	0.86599			6
2025.09.10	00:38:44.355		0.86598			4
2025.09.10	00:38:44.677		0.86599			4
2025.09.10	00:38:45.090	0.86529				2
2025.09.10	00:38:46.402	0.86520				2
2025.09.10	00:38:46.725	0.86529	0.86598			6
2025.09.10	00:38:47.317		0.86599			4
2025.09.10	00:38:48.491		0.86600			4
2025.09.10	00:38:49.485		0.86599			4
2025.09.10	00:38:49.827	0.86520	0.86598			6
2025.09.10	00:38:54.353	0.86528				2
2025.09.10	00:38:54.769		0.86599			4
2025.09.10	00:38:55.262	0.86529	0.86600			6
2025.09.10	00:38:55.801		0.86601			4
2025.09.10	00:38:57.404	0.86520	0.86600			6
2025.09.10	00:38:57.718		0.86601			4
2025.09.10	00:38:58.020		0.86602			4
2025.09.10	00:38:58.411	0.86529	0.86601			6
2025.09.10	00:39:00.082	0.86529				2
2025.09.10	00:39:03.618		0.86602			4
2025.09.10	00:39:05.420		0.86601			4
2025.09.10	00:39:13.037		0.86602			4
2025.09.10	00:39:14.819		0.86600			4
2025.09.10	00:39:18.917		0.86601			4
2025.09.10	00:39:25.736		0.86600			4
2025.09.10	00:39:29.417		0.86601			4
2025.09.10	00:39:31.262		0.86600			4
2025.09.10	00:39:31.567		0.86601			4
2025.09.10	00:39:34.664	0.86528	0.86600			6
2025.09.10	00:39:34.970	0.86523				2
2025.09.10	00:39:36.062	0.86529				2
2025.09.10	00:39:45.319		0.86601			4
2025.09.10	00:39:48.317		0.86600			4
2025.09.10	00:39:50.145	0.86528				2
2025.09.10	00:39:50.448	0.86529				2
2025.09.10	00:39:50.876	0.86523				2
2025.09.10	00:39:52.753	0.86528				2
2025.09.10	00:39:54.320		0.86601			4
2025.09.10	00:40:00.450	0.86535	0.86604			6
2025.09.10	00:40:03.526	0.86532				2
2025.09.10	00:40:06.279	0.86534	0.86607			6
2025.09.10	00:40:09.329	0.86537	0.86608			6
2025.09.10	00:40:11.698		0.86609			4
2025.09.10	00:40:13.843		0.86608			4
2025.09.10	00:40:15.310		0.86607			4
2025.09.10	00:40:16.497		0.86608			4
2025.09.10	00:40:19.823		0.86609			4
2025.09.10	00:40:21.197		0.86608			4
2025.09.10	00:40:21.529	0.86540	0.86609			6
2025.09.10	00:40:22.320	0.86537	0.86608			6
2025.09.10	00:40:25.734	0.86535				2
2025.09.10	00:40:28.429		0.86609			4
2025.09.10	00:40:35.338		0.86608			4
2025.09.10	00:40:36.194	0.86537				2
2025.09.10	00:40:37.314		0.86609			4
2025.09.10	00:40:42.344	0.86544	0.86610			6
2025.09.10	00:40:43.446		0.86609			4
2025.09.10	00:40:46.516	0.86539				2
2025.09.10	00:40:50.085		0.86610			4
2025.09.10	00:40:51.296	0.86536	0.86608			6
2025.09.10	00:40:59.530	0.86533				2
2025.09.10	00:41:01.162	0.86533				2
2025.09.10	00:41:06.192	0.86537				2
2025.09.10	00:41:10.217	0.86538				2
2025.09.10	00:41:16.347	0.86535	0.86607			6
2025.09.10	00:41:16.651	0.86539	0.86610			6
2025.09.10	00:41:16.959	0.86538	0.86608			6
2025.09.10	00:41:17.271	0.86536				2
2025.09.10	00:41:19.770		0.86609			4
2025.09.10	00:41:20.081		0.86610			4
2025.09.10	00:41:20.755		0.86609			4
2025.09.10	00:41:21.234	0.86548	0.86610			6
2025.09.10	00:41:23.921	0.86540	0.86609			6
2025.09.10	00:41:24.578		0.86608			4
2025.09.10	00:41:25.171	0.86541	0.86609			6
2025.09.10	00:41:25.730	0.86538				2
2025.09.10	00:41:26.152		0.86607			4
2025.09.10	00:41:26.978		0.86608			4
2025.09.10	00:41:28.685		0.86607			4
2025.09.10	00:41:30.558	0.86535	0.86608			6
2025.09.10	00:41:32.570		0.86609			4
2025.09.10	00:41:35.669	0.86539				2
2025.09.10	00:41:37.023	0.86540				2
2025.09.10	00:41:38.958	0.86536				2
2025.09.10	00:41:40.816		0.86608			4
2025.09.10	00:41:46.828	0.86535				2
2025.09.10	00:41:47.785	0.86538	0.86610			6
2025.09.10	00:41:57.919		0.86609			4
2025.09.10	00:42:04.821	0.86538				2
2025.09.10	00:42:07.926	0.86544	0.86610			6
2025.09.10	00:42:10.590	0.86546				2
2025.09.10	00:42:13.112		0.86612			4
2025.09.10	00:42:21.003	0.86552				2
2025.09.10	00:42:25.744	0.86540				2
2025.09.10	00:42:26.088	0.86542				2
2025.09.10	00:42:35.820	0.86546				2
2025.09.10	00:42:40.523	0.86549				2
2025.09.10	00:42:43.404	0.86548				2
2025.09.10	00:42:44.171	0.86546				2
2025.09.10	00:42:45.579	0.86547				2
2025.09.10	00:42:45.883	0.86548				2
2025.09.10	00:42:48.171	0.86546				2
2025.09.10	00:42:48.477	0.86533				2
2025.09.10	00:42:48.797	0.86551				2
2025.09.10	00:42:49.542	0.86550				2
2025.09.10	00:42:50.089	0.86552				2
2025.09.10	00:42:53.019	0.86548				2
2025.09.10	00:42:57.379	0.86545				2
2025.09.10	00:43:00.362	0.86545				2
2025.09.10	00:43:01.494	0.86546				2
2025.09.10	00:43:01.893	0.86548				2
2025.09.10	00:43:02.216	0.86551				2
2025.09.10	00:43:05.680	0.86547				2
2025.09.10	00:43:05.980	0.86548				2
2025.09.10	00:43:06.294	0.86547				2
2025.09.10	00:43:10.910	0.86548				2
2025.09.10	00:43:13.307		0.86612			4
2025.09.10	00:43:14.197	0.86551				2
2025.09.10	00:43:14.754	0.86542				2
2025.09.10	00:43:15.456	0.86551				2
2025.09.10	00:43:18.917	0.86547				2
2025.09.10	00:43:21.927	0.86546				2
2025.09.10	00:43:33.809	0.86538				2
2025.09.10	00:43:36.224	0.86549				2
2025.09.10	00:43:37.007	0.86548				2
2025.09.10	00:43:47.161	0.86549				2
2025.09.10	00:43:48.460	0.86548				2
2025.09.10	00:43:50.972	0.86549				2
2025.09.10	00:43:53.517	0.86548				2
2025.09.10	00:43:55.389	0.86541				2
2025.09.10	00:43:56.656	0.86548				2
2025.09.10	00:44:00.790	0.86548				2
2025.09.10	00:44:01.929	0.86547				2
2025.09.10	00:44:05.443	0.86548				2
2025.09.10	00:44:05.777	0.86550				2
2025.09.10	00:44:06.082	0.86549				2
2025.09.10	00:44:06.693	0.86552				2
2025.09.10	00:44:13.027	0.86540				2
2025.09.10	00:44:13.338		0.86612			4
2025.09.10	00:44:14.470	0.86541				2
2025.09.10	00:44:22.720	0.86540				2
2025.09.10	00:44:28.090		0.86609			4
2025.09.10	00:44:35.186	0.86539				2
2025.09.10	00:44:42.379	0.86543				2
2025.09.10	00:44:44.644	0.86541				2
2025.09.10	00:44:52.638	0.86539				2
2025.09.10	00:45:00.239	0.86539				2
2025.09.10	00:45:03.325	0.86548	0.86605			6
2025.09.10	00:45:04.539	0.86547	0.86604			6
2025.09.10	00:45:06.811	0.86539	0.86609			6
2025.09.10	00:45:10.276	0.86551	0.86597			6
2025.09.10	00:45:24.775	0.86554				2
2025.09.10	00:45:31.518		0.86594			4
2025.09.10	00:45:38.019	0.86555	0.86593			6
2025.09.10	00:45:50.931	0.86554	0.86596			6
2025.09.10	00:45:51.239		0.86595			4
2025.09.10	00:45:51.541		0.86596			4
2025.09.10	00:45:51.859		0.86595			4
2025.09.10	00:45:52.907		0.86597			4
2025.09.10	00:46:01.303	0.86555	0.86596			6
2025.09.10	00:46:02.920	0.86552				2
2025.09.10	00:46:03.226	0.86553	0.86595			6
2025.09.10	00:46:04.572		0.86596			4
2025.09.10	00:46:06.572		0.86595			4
2025.09.10	00:46:11.737		0.86594			4
2025.09.10	00:46:12.252	0.86552	0.86593			6
2025.09.10	00:46:15.190		0.86595			4
2025.09.10	00:46:16.661		0.86594			4
2025.09.10	00:46:17.136	0.86556	0.86597			6
2025.09.10	00:46:19.250		0.86596			4
2025.09.10	00:46:21.581		0.86597			4
2025.09.10	00:46:49.074	0.86549				2
2025.09.10	00:46:50.606	0.86556				2
2025.09.10	00:46:50.941	0.86553				2
2025.09.10	00:46:52.965		0.86596			4
2025.09.10	00:46:54.653	0.86554				2
2025.09.10	00:46:56.436		0.86597			4
2025.09.10	00:47:01.619	0.86554				2
2025.09.10	00:47:03.299	0.86560	0.86593			6
2025.09.10	00:47:04.525	0.86561	0.86594			6
2025.09.10	00:47:04.828	0.86560	0.86593			6
2025.09.10	00:47:06.037	0.86559	0.86592			6
2025.09.10	00:47:06.339	0.86560	0.86593			6
2025.09.10	00:47:06.946	0.86557	0.86600			6
2025.09.10	00:47:07.265	0.86549				2
2025.09.10	00:47:08.201	0.86557				2
2025.09.10	00:47:08.785	0.86560	0.86599			6
2025.09.10	00:47:11.773		0.86600			4
2025.09.10	00:47:15.417		0.86599			4
2025.09.10	00:47:16.477	0.86556	0.86598			6
2025.09.10	00:47:16.781		0.86599			4
2025.09.10	00:47:20.130		0.86598			4
2025.09.10	00:47:21.164		0.86600			4
2025.09.10	00:47:24.643		0.86599			4
2025.09.10	00:47:31.217		0.86597			4
2025.09.10	00:47:32.356	0.86550				2
2025.09.10	00:47:33.360	0.86545	0.86598			6
2025.09.10	00:47:36.229	0.86550	0.86600			6
2025.09.10	00:47:37.449	0.86556				2
2025.09.10	00:47:46.351		0.86598			4
2025.09.10	00:47:47.689		0.86597			4
2025.09.10	00:47:48.076		0.86599			4
2025.09.10	00:47:51.303		0.86598			4
2025.09.10	00:47:52.361		0.86595			4
2025.09.10	00:47:53.196		0.86596			4
2025.09.10	00:47:58.532		0.86597			4
2025.09.10	00:47:59.719		0.86598			4
2025.09.10	00:48:06.345	0.86556	0.86599			6
2025.09.10	00:48:11.369		0.86598			4
2025.09.10	00:48:11.911		0.86599			4
2025.09.10	00:48:14.646		0.86598			4
2025.09.10	00:48:21.223	0.86555	0.86597			6
2025.09.10	00:48:26.596		0.86598			4
2025.09.10	00:48:28.519		0.86599			4
2025.09.10	00:48:29.330	0.86553	0.86597			6
2025.09.10	00:48:29.659	0.86551				2
2025.09.10	00:48:30.358		0.86595			4
2025.09.10	00:48:31.970		0.86594			4
2025.09.10	00:48:35.271		0.86595			4
2025.09.10	00:48:36.166	0.86554	0.86598			6
2025.09.10	00:48:45.093		0.86599			4
2025.09.10	00:48:48.621		0.86600			4
2025.09.10	00:48:51.018	0.86557				2
2025.09.10	00:48:51.344		0.86601			4
2025.09.10	00:48:51.966		0.86600			4
2025.09.10	00:48:53.096		0.86601			4
2025.09.10	00:48:56.109	0.86560				2
2025.09.10	00:49:01.186	0.86557				2
2025.09.10	00:49:02.328		0.86600			4
2025.09.10	00:49:06.318		0.86602			4
2025.09.10	00:49:09.512		0.86601			4
2025.09.10	00:49:09.865	0.86560	0.86602			6
2025.09.10	00:49:10.985		0.86599			4
2025.09.10	00:49:11.343		0.86601			4
2025.09.10	00:49:11.656		0.86602			4
2025.09.10	00:49:11.961		0.86603			4
2025.09.10	00:49:14.377	0.86555				2
2025.09.10	00:49:14.680		0.86602			4
2025.09.10	00:49:17.235		0.86601			4
2025.09.10	00:49:18.197		0.86602			4
2025.09.10	00:49:21.928	0.86556	0.86601			6
2025.09.10	00:49:24.997	0.86560				2
2025.09.10	00:49:26.341		0.86600			4
2025.09.10	00:49:29.641	0.86557				2
2025.09.10	00:49:31.286		0.86601			4
2025.09.10	00:49:31.624		0.86602			4
2025.09.10	00:49:39.810	0.86561	0.86600			6
2025.09.10	00:49:40.817		0.86601			4
2025.09.10	00:49:44.358	0.86558				2
2025.09.10	00:49:47.322		0.86600			4
2025.09.10	00:49:47.685		0.86599			4
2025.09.10	00:49:49.284		0.86598			4
2025.09.10	00:49:50.350		0.86599			4
2025.09.10	00:49:50.998		0.86598			4
2025.09.10	00:49:52.320		0.86599			4
2025.09.10	00:49:55.025	0.86562				2
2025.09.10	00:50:00.353	0.86562				2
2025.09.10	00:50:01.225	0.86561				2
2025.09.10	00:50:01.776		0.86601			4
2025.09.10	00:50:02.852	0.86569	0.86607			6
2025.09.10	00:50:03.161	0.86566	0.86609			6
2025.09.10	00:50:03.478	0.86556				2
2025.09.10	00:50:03.800	0.86558				2
2025.09.10	00:50:04.120	0.86560				2
2025.09.10	00:50:04.763	0.86556				2
2025.09.10	00:50:05.742	0.86557				2
2025.09.10	00:50:06.451	0.86560				2
2025.09.10	00:50:07.945	0.86559				2
2025.09.10	00:50:10.091	0.86560				2
2025.09.10	00:50:10.708	0.86563				2
2025.09.10	00:50:12.570	0.86564				2
2025.09.10	00:50:15.008	0.86565				2
2025.09.10	00:50:16.239	0.86566				2
2025.09.10	00:50:16.645	0.86570				2
2025.09.10	00:50:26.397	0.86568				2
2025.09.10	00:50:27.576	0.86569				2
2025.09.10	00:50:29.467	0.86568				2
2025.09.10	00:50:37.866	0.86566				2
2025.09.10	00:50:44.500	0.86567				2
2025.09.10	00:50:49.300	0.86556				2
2025.09.10	00:50:59.344	0.86568				2
2025.09.10	00:51:00.292	0.86568				2
2025.09.10	00:51:03.378		0.86607			4
2025.09.10	00:51:14.296	0.86571				2
2025.09.10	00:51:19.235	0.86556				2
2025.09.10	00:51:23.290	0.86555				2
2025.09.10	00:51:29.513	0.86566				2
2025.09.10	00:51:30.326	0.86570				2
2025.09.10	00:51:51.111	0.86571				2
2025.09.10	00:51:59.790	0.86572				2
2025.09.10	00:52:00.183	0.86572				2
2025.09.10	00:52:00.712	0.86570				2
2025.09.10	00:52:03.699		0.86607			4
2025.09.10	00:52:04.295	0.86555				2
2025.09.10	00:52:10.538	0.86556				2
2025.09.10	00:52:11.236	0.86555				2
2025.09.10	00:52:14.120	0.86569				2
2025.09.10	00:52:18.774	0.86564				2
2025.09.10	00:52:19.306	0.86557				2
2025.09.10	00:52:25.946	0.86562				2
2025.09.10	00:52:29.575	0.86568				2
2025.09.10	00:52:44.344	0.86571				2
2025.09.10	00:52:45.183	0.86567				2
2025.09.10	00:53:00.353	0.86567				2
2025.09.10	00:53:03.641		0.86609			4
2025.09.10	00:53:05.291		0.86607			4
2025.09.10	00:53:05.655		0.86608			4
2025.09.10	00:53:06.313		0.86607			4
2025.09.10	00:53:06.958	0.86566	0.86613			6
2025.09.10	00:53:07.278		0.86612			4
2025.09.10	00:53:07.964		0.86611			4
2025.09.10	00:53:08.850	0.86567				2
2025.09.10	00:53:10.418		0.86610			4
2025.09.10	00:53:10.795		0.86613			4
2025.09.10	00:53:11.134		0.86612			4
2025.09.10	00:53:11.503		0.86613			4
2025.09.10	00:53:12.169		0.86611			4
2025.09.10	00:53:12.477		0.86613			4
2025.09.10	00:53:16.221		0.86612			4
2025.09.10	00:53:18.122		0.86610			4
2025.09.10	00:53:19.203	0.86560				2
2025.09.10	00:53:24.377	0.86561	0.86609			6
2025.09.10	00:53:29.578	0.86559				2
2025.09.10	00:53:31.964		0.86610			4
2025.09.10	00:53:33.193		0.86609			4
2025.09.10	00:53:34.020	0.86564	0.86608			6
2025.09.10	00:53:34.658	0.86557				2
2025.09.10	00:53:34.982		0.86607			4
2025.09.10	00:53:35.314	0.86559	0.86608			6
2025.09.10	00:53:35.629	0.86551	0.86607			6
2025.09.10	00:53:35.938	0.86558	0.86608			6
2025.09.10	00:53:37.225	0.86559	0.86607			6
2025.09.10	00:53:37.553	0.86556				2
2025.09.10	00:53:38.034		0.86606			4
2025.09.10	00:53:39.353		0.86607			4
2025.09.10	00:53:40.000	0.86557	0.86606			6
2025.09.10	00:53:48.197	0.86561	0.86607			6
2025.09.10	00:53:50.695		0.86608			4
2025.09.10	00:54:00.449	0.86561	0.86609			6
2025.09.10	00:54:03.189	0.86569				2
2025.09.10	00:54:03.629		0.86608			4
2025.09.10	00:54:11.231		0.86609			4
2025.09.10	00:54:11.549		0.86608			4
2025.09.10	00:54:13.266	0.86566	0.86609			6
2025.09.10	00:54:15.050		0.86610			4
2025.09.10	00:54:18.186	0.86569	0.86609			6
2025.09.10	00:54:22.395	0.86556	0.86607			6
2025.09.10	00:54:25.611	0.86557				2
2025.09.10	00:54:28.484	0.86554				2
2025.09.10	00:54:30.543		0.86608			4
2025.09.10	00:54:30.920		0.86606			4
2025.09.10	00:54:32.071		0.86608			4
2025.09.10	00:54:32.484	0.86566				2
2025.09.10	00:54:39.616		0.86609			4
2025.09.10	00:54:55.603		0.86608			4
2025.09.10	00:54:56.796		0.86609			4
2025.09.10	00:54:58.733	0.86565				2
2025.09.10	00:54:59.354	0.86566				2
2025.09.10	00:55:00.320	0.86556	0.86608			6
2025.09.10	00:55:01.090		0.86607			4
2025.09.10	00:55:03.190		0.86605			4
2025.09.10	00:55:03.510		0.86602			4
2025.09.10	00:55:04.349		0.86601			4
2025.09.10	00:55:04.725	0.86561	0.86600			6
2025.09.10	00:55:06.800		0.86601			4
2025.09.10	00:55:10.241	0.86560				2
2025.09.10	00:55:10.568		0.86600			4
2025.09.10	00:55:11.155		0.86601			4
2025.09.10	00:55:11.900		0.86600			4
2025.09.10	00:55:12.347		0.86601			4
2025.09.10	00:55:14.182		0.86600			4
2025.09.10	00:55:14.498		0.86601			4
2025.09.10	00:55:15.419		0.86602			4
2025.09.10	00:55:16.059	0.86559	0.86600			6
2025.09.10	00:55:16.998		0.86601			4
2025.09.10	00:55:17.460	0.86558				2
2025.09.10	00:55:17.782	0.86560				2
2025.09.10	00:55:20.141		0.86603			4
2025.09.10	00:55:20.458		0.86604			4
2025.09.10	00:55:20.779		0.86605			4
2025.09.10	00:55:21.094	0.86557	0.86604			6
2025.09.10	00:55:21.707	0.86556				2
2025.09.10	00:55:22.818	0.86553	0.86603			6
2025.09.10	00:55:23.120	0.86551	0.86605			6
2025.09.10	00:55:24.038	0.86550	0.86600			6
2025.09.10	00:55:24.338	0.86551	0.86599			6
2025.09.10	00:55:24.640		0.86598			4
2025.09.10	00:55:24.957		0.86599			4
2025.09.10	00:55:25.579	0.86552	0.86598			6
2025.09.10	00:55:26.200	0.86550	0.86600			6
2025.09.10	00:55:26.507	0.86549	0.86601			6
2025.09.10	00:55:27.888	0.86550	0.86600			6
2025.09.10	00:55:28.265	0.86551	0.86599			6
2025.09.10	00:55:28.792	0.86550	0.86600			6
2025.09.10	00:55:31.963	0.86551				2
2025.09.10	00:55:38.149	0.86552	0.86599			6
2025.09.10	00:55:43.001	0.86551	0.86600			6
2025.09.10	00:55:52.965	0.86546				2
2025.09.10	00:55:54.061		0.86599			4
2025.09.10	00:55:59.173		0.86600			4
2025.09.10	00:55:59.727	0.86545				2
2025.09.10	00:56:00.467	0.86545				2
2025.09.10	00:56:02.573	0.86550	0.86601			6
2025.09.10	00:56:03.568		0.86602			4
2025.09.10	00:56:08.896	0.86549	0.86604			6
2025.09.10	00:56:10.355	0.86550				2
2025.09.10	00:56:10.658	0.86549	0.86603			6
2025.09.10	00:56:10.961	0.86550	0.86602			6
2025.09.10	00:56:13.007		0.86601			4
2025.09.10	00:56:13.726		0.86600			4
2025.09.10	00:56:14.392		0.86602			4
2025.09.10	00:56:14.788		0.86601			4
2025.09.10	00:56:16.604		0.86602			4
2025.09.10	00:56:21.348		0.86601			4
2025.09.10	00:56:22.394	0.86547	0.86600			6
2025.09.10	00:56:27.560	0.86550	0.86599			6
2025.09.10	00:56:28.004	0.86552	0.86598			6
2025.09.10	00:56:30.202	0.86553				2
2025.09.10	00:56:32.605	0.86557	0.86601			6
2025.09.10	00:56:33.802	0.86560				2
2025.09.10	00:56:36.917	0.86559	0.86604			6
2025.09.10	00:56:38.146	0.86558	0.86601			6
2025.09.10	00:56:39.963		0.86602			4
2025.09.10	00:56:41.955		0.86603			4
2025.09.10	00:56:42.894		0.86604			4
2025.09.10	00:56:43.421	0.86559	0.86603			6
2025.09.10	00:56:46.141	0.86558	0.86607			6
2025.09.10	00:56:46.455		0.86612			4
2025.09.10	00:56:49.433		0.86610			4
2025.09.10	00:56:49.739		0.86612			4
2025.09.10	00:56:50.053	0.86559				2
2025.09.10	00:56:50.356		0.86611			4
2025.09.10	00:56:51.622		0.86610			4
2025.09.10	00:56:52.472		0.86609			4
2025.09.10	00:56:56.453	0.86558	0.86608			6
2025.09.10	00:56:56.758		0.86609			4
2025.09.10	00:56:57.557	0.86553				2
2025.09.10	00:56:57.859	0.86558				2
2025.09.10	00:56:58.479	0.86557	0.86608			6
2025.09.10	00:56:58.781	0.86558	0.86609			6
2025.09.10	00:56:59.402		0.86608			4
2025.09.10	00:57:00.355	0.86558				2
2025.09.10	00:57:01.304		0.86609			4
2025.09.10	00:57:02.639	0.86563				2
2025.09.10	00:57:04.343	0.86561				2
2025.09.10	00:57:04.658	0.86562	0.86608			6
2025.09.10	00:57:05.094	0.86561	0.86609			6
2025.09.10	00:57:06.147	0.86562				2
2025.09.10	00:57:07.394	0.86557				2
2025.09.10	00:57:07.699	0.86554	0.86608			6
2025.09.10	00:57:08.008	0.86552				2
2025.09.10	00:57:09.407	0.86561	0.86609			6
2025.09.10	00:57:09.906	0.86557	0.86608			6
2025.09.10	00:57:10.351	0.86556				2
2025.09.10	00:57:10.687	0.86557				2
2025.09.10	00:57:11.167		0.86609			4
2025.09.10	00:57:11.657	0.86558				2
2025.09.10	00:57:17.709	0.86559				2
2025.09.10	00:57:19.452		0.86608			4
2025.09.10	00:57:21.078	0.86558	0.86607			6
2025.09.10	00:57:22.089	0.86562	0.86608			6
2025.09.10	00:57:22.395	0.86563				2
2025.09.10	00:57:31.222	0.86562	0.86607			6
2025.09.10	00:57:31.735		0.86608			4
2025.09.10	00:57:32.422	0.86554	0.86609			6
2025.09.10	00:57:36.750	0.86553				2
2025.09.10	00:57:37.070	0.86554				2
2025.09.10	00:57:39.052		0.86610			4
2025.09.10	00:57:39.407		0.86609			4
2025.09.10	00:57:39.720	0.86561				2
2025.09.10	00:57:40.163	0.86564	0.86607			6
2025.09.10	00:57:40.477	0.86561	0.86609			6
2025.09.10	00:57:40.817	0.86557	0.86608			6
2025.09.10	00:57:43.832		0.86609			4
2025.09.10	00:57:44.663	0.86560				2
2025.09.10	00:57:44.977	0.86555				2
2025.09.10	00:57:45.673	0.86556				2
2025.09.10	00:57:46.061		0.86607			4
2025.09.10	00:57:47.474		0.86608			4
2025.09.10	00:57:49.473	0.86561	0.86609			6
2025.09.10	00:57:50.412	0.86562				2
2025.09.10	00:57:52.392	0.86561	0.86608			6
2025.09.10	00:57:54.391	0.86559				2
2025.09.10	00:57:54.706		0.86609			4
2025.09.10	00:58:01.682	0.86559	0.86608			6
2025.09.10	00:58:04.692		0.86609			4
2025.09.10	00:58:05.003	0.86561	0.86608			6
2025.09.10	00:58:05.962	0.86560				2
2025.09.10	00:58:06.326		0.86609			4
2025.09.10	00:58:08.385	0.86559				2
2025.09.10	00:58:08.697	0.86560				2
2025.09.10	00:58:11.238	0.86559	0.86608			6
2025.09.10	00:58:13.844		0.86609			4
2025.09.10	00:58:14.258	0.86560	0.86612			6
2025.09.10	00:58:14.963		0.86610			4
2025.09.10	00:58:19.680	0.86564	0.86611			6
2025.09.10	00:58:20.865		0.86612			4
2025.09.10	00:58:22.421	0.86561	0.86610			6
2025.09.10	00:58:25.427	0.86559	0.86608			6
2025.09.10	00:58:28.218		0.86609			4
2025.09.10	00:58:29.378		0.86611			4
2025.09.10	00:58:32.714	0.86563	0.86613			6
2025.09.10	00:58:33.920		0.86614			4
2025.09.10	00:58:35.416	0.86564	0.86613			6
2025.09.10	00:58:37.393	0.86553	0.86610			6
2025.09.10	00:58:41.718	0.86551	0.86609			6
2025.09.10	00:58:44.570		0.86610			4
2025.09.10	00:58:47.528	0.86560	0.86612			6
2025.09.10	00:58:48.016		0.86611			4
2025.09.10	00:58:49.185		0.86612			4
2025.09.10	00:58:50.600		0.86611			4
2025.09.10	00:58:51.266		0.86610			4
2025.09.10	00:58:51.969		0.86611			4
2025.09.10	00:58:52.397	0.86561				2
2025.09.10	00:58:55.123	0.86560	0.86612			6
2025.09.10	00:58:56.367	0.86559	0.86613			6
2025.09.10	00:58:59.235		0.86614			4
2025.09.10	00:58:59.877		0.86613			4
2025.09.10	00:59:00.221	0.86559				2
2025.09.10	00:59:05.419		0.86614			4
2025.09.10	00:59:06.016	0.86562	0.86612			6
2025.09.10	00:59:07.392	0.86554	0.86610			6
2025.09.10	00:59:17.557	0.86563	0.86611			6
2025.09.10	00:59:22.393	0.86558				2
2025.09.10	00:59:32.773	0.86561	0.86612			6
2025.09.10	00:59:33.848	0.86564				2
2025.09.10	00:59:42.392	0.86563	0.86613			6
2025.09.10	00:59:47.588		0.86617			4
2025.09.10	00:59:52.398		0.86614			4
2025.09.10	01:00:00.308	0.86540	0.86619			6
2025.09.10	01:00:00.622	0.86560	0.86618			6
2025.09.10	01:00:00.939	0.86557				2
2025.09.10	01:00:01.390	0.86564	0.86615			6
2025.09.10	01:00:02.009	0.86557	0.86610			6
2025.09.10	01:00:02.324	0.86562	0.86611			6
2025.09.10	01:00:02.748	0.86561	0.86612			6
2025.09.10	01:00:03.053		0.86611			4
2025.09.10	01:00:03.385	0.86557	0.86612			6
2025.09.10	01:00:03.688	0.86554	0.86603			6
2025.09.10	01:00:04.293	0.86557				2
2025.09.10	01:00:04.597	0.86554				2
2025.09.10	01:00:05.202	0.86535	0.86624			6
2025.09.10	01:00:05.537		0.86627			4
2025.09.10	01:00:05.839	0.86558	0.86604			6
2025.09.10	01:00:06.140		0.86603			4
2025.09.10	01:00:06.446	0.86549	0.86627			6
2025.09.10	01:00:06.747	0.86558	0.86606			6
2025.09.10	01:00:07.051	0.86560	0.86607			6
2025.09.10	01:00:07.352	0.86558	0.86604			6
2025.09.10	01:00:07.656	0.86566	0.86599			6
2025.09.10	01:00:08.363	0.86564				2
2025.09.10	01:00:09.048	0.86563				2
2025.09.10	01:00:09.846	0.86565				2
2025.09.10	01:00:14.455	0.86566				2
2025.09.10	01:00:14.952	0.86570	0.86587			6
2025.09.10	01:00:16.348	0.86569	0.86589			6
2025.09.10	01:00:17.813	0.86568	0.86588			6
2025.09.10	01:00:18.116	0.86569				2
2025.09.10	01:00:19.212		0.86589			4
2025.09.10	01:00:19.705		0.86588			4
2025.09.10	01:00:24.918	0.86567	0.86587			6
2025.09.10	01:00:26.282	0.86571	0.86586			6
2025.09.10	01:00:29.416	0.86570	0.86585			6
2025.09.10	01:00:29.736		0.86584			4
2025.09.10	01:00:31.222	0.86569				2
2025.09.10	01:00:34.767	0.86570	0.86585			6
2025.09.10	01:00:36.348	0.86571				2
2025.09.10	01:00:40.351		0.86584			4
2025.09.10	01:00:40.685	0.86573	0.86586			6
2025.09.10	01:00:45.312	0.86574	0.86587			6
2025.09.10	01:00:46.296	0.86575	0.86588			6
2025.09.10	01:00:49.347	0.86576	0.86599			6
2025.09.10	01:00:50.083	0.86579	0.86594			6
2025.09.10	01:00:55.080	0.86578	0.86593			6
2025.09.10	01:00:56.251	0.86570	0.86599			6
2025.09.10	01:00:56.664	0.86579	0.86594			6
2025.09.10	01:00:56.976	0.86580	0.86595			6
2025.09.10	01:00:59.222	0.86575	0.86603			6
2025.09.10	01:01:00.303	0.86574				2
2025.09.10	01:01:01.294	0.86576				2
2025.09.10	01:01:03.318	0.86575				2
2025.09.10	01:01:04.517	0.86576				2
2025.09.10	01:01:04.881		0.86590			4
2025.09.10	01:01:06.346		0.86591			4
2025.09.10	01:01:08.942	0.86579	0.86593			6
2025.09.10	01:01:09.707	0.86578				2
2025.09.10	01:01:13.817	0.86576	0.86591			6
2025.09.10	01:01:16.182	0.86577				2
2025.09.10	01:01:17.075	0.86578				2
2025.09.10	01:01:19.333		0.86592			4
2025.09.10	01:01:25.064		0.86591			4
2025.09.10	01:01:27.629		0.86592			4
2025.09.10	01:01:34.101		0.86591			4
2025.09.10	01:01:36.751	0.86577				2
2025.09.10	01:01:44.343		0.86590			4
2025.09.10	01:01:52.182	0.86579	0.86593			6
2025.09.10	01:01:57.032	0.86580				2
2025.09.10	01:01:58.396	0.86584	0.86596			6
2025.09.10	01:02:00.354	0.86584	0.86597			6
2025.09.10	01:02:01.612	0.86583	0.86595			6
2025.09.10	01:02:01.918	0.86585	0.86596			6
2025.09.10	01:02:02.225	0.86587	0.86600			6
2025.09.10	01:02:03.827	0.86588	0.86601			6
2025.09.10	01:02:07.301	0.86581	0.86595			6
2025.09.10	01:02:07.621		0.86594			4
2025.09.10	01:02:08.351		0.86596			4
2025.09.10	01:02:08.873	0.86582	0.86595			6
2025.09.10	01:02:09.549	0.86581	0.86596			6
2025.09.10	01:02:11.612	0.86582	0.86595			6
2025.09.10	01:02:12.547		0.86596			4
2025.09.10	01:02:18.348	0.86583	0.86594			6
2025.09.10	01:02:31.612	0.86582				2
2025.09.10	01:02:37.733	0.86581				2
2025.09.10	01:02:48.935	0.86582				2
2025.09.10	01:02:49.461	0.86583				2
2025.09.10	01:02:58.827		0.86595			4
2025.09.10	01:03:00.318	0.86583				2
2025.09.10	01:03:03.457	0.86581	0.86594			6
2025.09.10	01:03:04.834	0.86580				2
2025.09.10	01:03:05.709	0.86581				2
2025.09.10	01:03:14.112		0.86593			4
2025.09.10	01:03:18.929	0.86582	0.86591			6
2025.09.10	01:03:19.306	0.86580				2
2025.09.10	01:03:25.338	0.86586	0.86597			6
2025.09.10	01:03:43.279	0.86584	0.86595			6
2025.09.10	01:03:52.306	0.86583				2
2025.09.10	01:03:56.161	0.86582				2
2025.09.10	01:04:00.043	0.86586	0.86596			6
2025.09.10	01:04:06.567	0.86584				2
2025.09.10	01:04:08.194	0.86588	0.86598			6
2025.09.10	01:04:08.498	0.86590	0.86599			6
2025.09.10	01:04:09.044	0.86588				2
2025.09.10	01:04:12.299	0.86590				2
2025.09.10	01:04:16.154	0.86587				2
2025.09.10	01:04:16.911	0.86588	0.86600			6
2025.09.10	01:04:18.349		0.86598			4
2025.09.10	01:04:22.763		0.86600			4
2025.09.10	01:04:25.063		0.86599			4
2025.09.10	01:04:26.336		0.86598			4
2025.09.10	01:04:32.901	0.86587	0.86599			6
2025.09.10	01:04:35.483	0.86588				2
2025.09.10	01:04:48.221	0.86589				2
2025.09.10	01:04:50.679	0.86587				2
2025.09.10	01:04:51.017	0.86588				2
2025.09.10	01:04:53.501	0.86587				2
2025.09.10	01:04:54.447	0.86588				2
2025.09.10	01:04:56.802	0.86583	0.86594			6
2025.09.10	01:04:57.119	0.86585	0.86597			6
2025.09.10	01:05:00.009	0.86585				2
2025.09.10	01:05:00.429	0.86588	0.86602			6
2025.09.10	01:05:00.888	0.86589				2
2025.09.10	01:05:02.346	0.86590				2
2025.09.10	01:05:03.735	0.86591				2
2025.09.10	01:05:04.329	0.86590				2
2025.09.10	01:05:07.268	0.86587	0.86598			6
2025.09.10	01:05:08.004	0.86588	0.86597			6
2025.09.10	01:05:21.913	0.86589	0.86596			6
2025.09.10	01:05:22.223	0.86588				2
2025.09.10	01:05:27.919		0.86595			4
2025.09.10	01:05:28.556	0.86587				2
2025.09.10	01:05:30.020	0.86588				2
2025.09.10	01:05:32.122	0.86587				2
2025.09.10	01:05:34.346		0.86594			4
2025.09.10	01:05:38.421	0.86588				2
2025.09.10	01:05:39.389	0.86586				2
2025.09.10	01:05:41.232	0.86587				2
2025.09.10	01:05:43.973		0.86597			4
2025.09.10	01:05:47.627	0.86583	0.86593			6
2025.09.10	01:05:57.321	0.86582				2
2025.09.10	01:05:58.862	0.86584				2
2025.09.10	01:06:00.315	0.86584				2
2025.09.10	01:06:01.055	0.86585				2
2025.09.10	01:06:01.588	0.86584				2
2025.09.10	01:06:08.117	0.86585				2
2025.09.10	01:06:22.991	0.86584				2
2025.09.10	01:06:24.074		0.86590			4
2025.09.10	01:06:24.873		0.86591			4
2025.09.10	01:07:00.426	0.86584				2
2025.09.10	01:07:02.301		0.86592			4
2025.09.10	01:07:11.418	0.86583				2
2025.09.10	01:07:19.162	0.86584				2
2025.09.10	01:07:23.407	0.86582				2
2025.09.10	01:07:25.518	0.86583				2
2025.09.10	01:07:50.418	0.86582				2
2025.09.10	01:07:58.219	0.86583				2
2025.09.10	01:08:02.804	0.86583	0.86592			6
2025.09.10	01:08:40.700		0.86591			4
2025.09.10	01:09:01.933	0.86580	0.86589			6
2025.09.10	01:09:05.637	0.86581	0.86588			6
2025.09.10	01:09:15.043	0.86582				2
2025.09.10	01:09:38.606	0.86581				2
2025.09.10	01:09:43.485		0.86587			4
2025.09.10	01:09:44.838		0.86586			4
2025.09.10	01:09:46.086		0.86587			4
2025.09.10	01:09:57.317	0.86582				2
2025.09.10	01:10:01.235	0.86582				2
2025.09.10	01:10:03.468	0.86581				2
2025.09.10	01:10:05.545		0.86586			4
2025.09.10	01:10:14.121		0.86587			4
2025.09.10	01:10:17.421		0.86586			4
2025.09.10	01:10:19.861	0.86579	0.86584			6
2025.09.10	01:10:20.251		0.86585			4
2025.09.10	01:10:22.023	0.86578				2
2025.09.10	01:10:35.639		0.86584			4
2025.09.10	01:10:37.671	0.86577	0.86583			6
2025.09.10	01:10:42.743		0.86584			4
2025.09.10	01:10:43.086	0.86578				2
2025.09.10	01:10:58.176		0.86583			4
2025.09.10	01:11:00.333	0.86574	0.86578			6
2025.09.10	01:11:00.864	0.86573	0.86580			6
2025.09.10	01:11:04.257	0.86574				2
2025.09.10	01:11:04.559		0.86579			4
2025.09.10	01:11:06.527	0.86573	0.86580			6
2025.09.10	01:11:07.685	0.86572	0.86579			6
2025.09.10	01:11:08.002	0.86571	0.86578			6
2025.09.10	01:11:09.305	0.86574	0.86579			6
2025.09.10	01:11:09.938	0.86573	0.86578			6
2025.09.10	01:11:10.331		0.86580			4
2025.09.10	01:11:11.423		0.86579			4
2025.09.10	01:12:01.541	0.86573				2
2025.09.10	01:12:05.938	0.86572				2
2025.09.10	01:12:12.022	0.86573	0.86579			6
2025.09.10	01:12:14.924		0.86578			4
2025.09.10	01:12:23.717	0.86572				2
2025.09.10	01:12:26.510	0.86573				2
2025.09.10	01:12:28.360	0.86572				2
2025.09.10	01:12:31.217	0.86573	0.86579			6
2025.09.10	01:12:34.972		0.86578			4
2025.09.10	01:12:43.824		0.86579			4
2025.09.10	01:12:47.416		0.86578			4
2025.09.10	01:12:51.020		0.86579			4
2025.09.10	01:12:53.519	0.86572				2
2025.09.10	01:12:56.718	0.86573				2
2025.09.10	01:13:01.408	0.86573	0.86578			6
2025.09.10	01:13:02.591	0.86572	0.86579			6
2025.09.10	01:13:14.008	0.86571	0.86580			6
2025.09.10	01:13:21.428		0.86578			4
2025.09.10	01:13:22.590		0.86577			4
2025.09.10	01:13:22.902	0.86570	0.86576			6
2025.09.10	01:13:23.973	0.86569				2
2025.09.10	01:13:33.760		0.86577			4
2025.09.10	01:14:01.413	0.86569				2
2025.09.10	01:14:08.170	0.86571	0.86578			6
2025.09.10	01:14:09.232		0.86579			4
2025.09.10	01:14:11.117		0.86578			4
2025.09.10	01:14:17.117	0.86572				2
2025.09.10	01:14:23.718	0.86571				2
2025.09.10	01:14:26.447	0.86572				2
2025.09.10	01:14:29.291	0.86570				2
2025.09.10	01:14:31.004	0.86569				2
2025.09.10	01:14:31.443	0.86570				2
2025.09.10	01:14:34.518		0.86579			4
2025.09.10	01:14:38.111	0.86571				2
2025.09.10	01:15:00.368	0.86571	0.86578			6
2025.09.10	01:15:01.762	0.86569	0.86576			6
2025.09.10	01:15:35.859	0.86568				2
2025.09.10	01:15:49.604		0.86577			4
2025.09.10	01:16:00.870	0.86568				2
2025.09.10	01:16:49.703		0.86577			4
2025.09.10	01:17:02.410	0.86568				2
2025.09.10	01:17:21.575		0.86578			4
2025.09.10	01:17:21.878	0.86570				2
2025.09.10	01:17:35.297		0.86577			4
2025.09.10	01:17:38.717		0.86578			4
2025.09.10	01:17:50.362	0.86569				2
2025.09.10	01:17:52.847		0.86577			4
2025.09.10	01:17:54.594		0.86576			4
2025.09.10	01:17:58.239	0.86570				2
2025.09.10	01:18:00.269	0.86569				2
2025.09.10	01:18:05.362	0.86570				2
2025.09.10	01:18:06.917	0.86569				2
2025.09.10	01:18:08.249		0.86577			4
2025.09.10	01:18:20.365	0.86570				2
2025.09.10	01:18:20.955		0.86576			4
2025.09.10	01:18:22.815		0.86577			4
2025.09.10	01:18:25.300		0.86576			4
2025.09.10	01:18:28.286	0.86569	0.86577			6
2025.09.10	01:18:49.849		0.86576			4
2025.09.10	01:18:52.362	0.86570				2
2025.09.10	01:18:55.418		0.86577			4
2025.09.10	01:19:02.116	0.86570	0.86576			6
2025.09.10	01:19:05.392	0.86569	0.86577			6
2025.09.10	01:19:07.819		0.86576			4
2025.09.10	01:19:24.024		0.86577			4
2025.09.10	01:19:26.375	0.86568				2
2025.09.10	01:19:30.018	0.86569				2
2025.09.10	01:19:33.618	0.86568	0.86576			6
2025.09.10	01:19:36.316	0.86569				2
2025.09.10	01:19:41.228		0.86575			4
2025.09.10	01:19:41.538	0.86570	0.86576			6
2025.09.10	01:19:44.295		0.86575			4
2025.09.10	01:19:47.842	0.86566	0.86574			6
2025.09.10	01:19:48.356	0.86565				2
2025.09.10	01:19:49.819		0.86573			4
2025.09.10	01:19:51.613	0.86562	0.86569			6
2025.09.10	01:19:51.918	0.86564	0.86572			6
2025.09.10	01:19:52.345	0.86563				2
2025.09.10	01:19:52.780	0.86564				2
2025.09.10	01:19:53.108	0.86566	0.86575			6
2025.09.10	01:19:56.771	0.86567	0.86576			6
2025.09.10	01:19:58.337	0.86568				2
2025.09.10	01:19:59.260	0.86567	0.86575			6
2025.09.10	01:20:00.210	0.86567				2
2025.09.10	01:20:03.325	0.86562	0.86572			6
2025.09.10	01:20:03.650	0.86563				2
2025.09.10	01:20:04.830	0.86562				2
2025.09.10	01:20:05.924	0.86563				2
2025.09.10	01:20:07.791	0.86562				2
2025.09.10	01:20:10.914		0.86571			4
2025.09.10	01:20:13.120		0.86570			4
2025.09.10	01:20:15.168	0.86566	0.86573			6
2025.09.10	01:20:16.797	0.86568				2
2025.09.10	01:20:18.648	0.86567	0.86574			6
2025.09.10	01:20:36.563		0.86573			4
2025.09.10	01:20:39.919		0.86574			4
2025.09.10	01:21:00.453	0.86567				2
2025.09.10	01:21:04.516	0.86568				2
2025.09.10	01:21:07.517		0.86573			4
2025.09.10	01:21:12.916		0.86574			4
2025.09.10	01:21:16.216	0.86567				2
2025.09.10	01:21:19.690		0.86573			4
2025.09.10	01:21:20.977		0.86574			4
2025.09.10	01:21:23.717	0.86568				2
2025.09.10	01:21:30.918	0.86567				2
2025.09.10	01:21:53.117	0.86568	0.86573			6
2025.09.10	01:22:00.502	0.86568				2
2025.09.10	01:22:05.795		0.86574			4
2025.09.10	01:22:08.817	0.86567				2
2025.09.10	01:22:10.655	0.86568				2
2025.09.10	01:22:11.952		0.86573			4
2025.09.10	01:22:20.112		0.86574			4
2025.09.10	01:22:24.810	0.86564	0.86571			6
2025.09.10	01:22:26.908		0.86570			4
2025.09.10	01:22:29.600		0.86569			4
2025.09.10	01:22:41.231		0.86570			4
2025.09.10	01:22:44.162		0.86569			4
2025.09.10	01:22:47.424		0.86570			4
2025.09.10	01:22:48.856		0.86569			4
2025.09.10	01:22:49.162	0.86563	0.86568			6
2025.09.10	01:23:02.328	0.86563				2
2025.09.10	01:23:04.368	0.86561				2
2025.09.10	01:23:05.361	0.86563	0.86570			6
2025.09.10	01:23:11.116	0.86564				2
2025.09.10	01:23:31.230		0.86571			4
2025.09.10	01:23:34.909		0.86570			4
2025.09.10	01:23:39.316		0.86571			4
2025.09.10	01:23:41.231		0.86570			4
2025.09.10	01:23:53.717		0.86571			4
2025.09.10	01:24:00.315	0.86564				2
2025.09.10	01:24:02.156		0.86570			4
2025.09.10	01:24:02.780		0.86568			4
2025.09.10	01:24:06.922	0.86563	0.86569			6
2025.09.10	01:24:07.514		0.86571			4
2025.09.10	01:24:11.014	0.86564	0.86570			6
2025.09.10	01:24:16.022		0.86569			4
2025.09.10	01:24:16.374	0.86562				2
2025.09.10	01:24:16.677	0.86563	0.86570			6
2025.09.10	01:24:19.108	0.86564	0.86569			6
2025.09.10	01:24:27.077	0.86563	0.86568			6
2025.09.10	01:24:31.089		0.86569			4
2025.09.10	01:24:33.235		0.86568			4
2025.09.10	01:24:41.221		0.86569			4
2025.09.10	01:24:53.359	0.86562	0.86568			6
2025.09.10	01:24:54.485		0.86569			4
2025.09.10	01:24:56.417		0.86568			4
2025.09.10	01:24:58.016	0.86563				2
2025.09.10	01:25:01.228	0.86563				2
2025.09.10	01:25:13.282	0.86562				2
2025.09.10	01:25:14.516		0.86567			4
2025.09.10	01:25:17.720	0.86561	0.86568			6
2025.09.10	01:25:18.460		0.86569			4
2025.09.10	01:25:20.117		0.86568			4
2025.09.10	01:25:24.618	0.86562	0.86569			6
2025.09.10	01:25:27.918	0.86561				2
2025.09.10	01:25:31.273	0.86562				2
2025.09.10	01:25:34.522	0.86561				2
2025.09.10	01:25:38.162	0.86563				2
2025.09.10	01:25:39.541	0.86562	0.86570			6
2025.09.10	01:25:39.877		0.86568			4
2025.09.10	01:25:40.240	0.86561				2
2025.09.10	01:26:00.499	0.86562	0.86567			6
2025.09.10	01:26:03.145		0.86568			4
2025.09.10	01:26:09.622		0.86567			4
2025.09.10	01:26:13.218		0.86568			4
2025.09.10	01:26:16.621		0.86567			4
2025.09.10	01:26:21.227		0.86568			4
2025.09.10	01:26:25.064		0.86567			4
2025.09.10	01:26:27.317		0.86568			4
2025.09.10	01:26:36.917	0.86561				2
2025.09.10	01:26:41.844		0.86567			4
2025.09.10	01:26:44.566	0.86560				2
2025.09.10	01:26:53.717		0.86566			4
2025.09.10	01:26:57.019		0.86567			4
2025.09.10	01:27:00.920	0.86560	0.86566			6
2025.09.10	01:27:11.025		0.86565			4
2025.09.10	01:27:15.018	0.86559				2
2025.09.10	01:27:26.021	0.86557	0.86563			6
2025.09.10	01:27:33.539		0.86562			4
2025.09.10	01:28:03.460	0.86557				2
2025.09.10	01:28:06.198	0.86556				2
2025.09.10	01:28:16.149	0.86555				2
2025.09.10	01:28:19.818	0.86556				2
2025.09.10	01:28:32.257	0.86557				2
2025.09.10	01:28:32.827	0.86556				2
2025.09.10	01:28:36.563		0.86562			4
2025.09.10	01:28:36.917	0.86557				2
2025.09.10	01:28:54.917	0.86556				2
2025.09.10	01:29:00.742	0.86556				2
2025.09.10	01:29:31.817	0.86558	0.86565			6
2025.09.10	01:29:32.119	0.86560				2
2025.09.10	01:29:51.725	0.86558				2
2025.09.10	01:29:55.216		0.86564			4
2025.09.10	01:29:56.719		0.86565			4
2025.09.10	01:30:00.481	0.86558				2
2025.09.10	01:30:03.353	0.86560	0.86561			6
2025.09.10	01:30:05.189	0.86561	0.86562			6
2025.09.10	01:30:05.495	0.86560	0.86561			6
2025.09.10	01:30:07.008	0.86558	0.86564			6
2025.09.10	01:30:21.139		0.86563			4
2025.09.10	01:30:41.613		0.86564			4
2025.09.10	01:30:44.418		0.86563			4
2025.09.10	01:30:47.552	0.86557	0.86562			6
2025.09.10	01:31:00.321	0.86557				2
2025.09.10	01:31:05.682	0.86556				2
2025.09.10	01:31:09.167	0.86557				2
2025.09.10	01:31:14.719	0.86556				2
2025.09.10	01:31:18.954	0.86557				2
2025.09.10	01:31:40.593	0.86555	0.86561			6
2025.09.10	01:31:49.796		0.86560			4
2025.09.10	01:31:54.231	0.86556				2
2025.09.10	01:31:55.385	0.86558	0.86564			6
2025.09.10	01:32:00.374	0.86558	0.86563			6
2025.09.10	01:32:02.108	0.86557				2
2025.09.10	01:32:11.116		0.86562			4
2025.09.10	01:32:17.384		0.86563			4
2025.09.10	01:32:20.102	0.86558				2
2025.09.10	01:32:46.519	0.86559				2
2025.09.10	01:32:57.137	0.86558				2
2025.09.10	01:33:01.216	0.86559				2
2025.09.10	01:33:12.317	0.86558				2
2025.09.10	01:33:21.730		0.86563			4
2025.09.10	01:33:28.219	0.86559				2
2025.09.10	01:33:47.128		0.86564			4
2025.09.10	01:33:47.902	0.86560	0.86565			6
2025.09.10	01:33:53.404	0.86559	0.86564			6
2025.09.10	01:33:55.712	0.86560	0.86566			6
2025.09.10	01:33:56.086		0.86565			4
2025.09.10	01:34:00.415	0.86560				2
2025.09.10	01:34:03.084	0.86562	0.86567			6
2025.09.10	01:34:03.835		0.86568			4
2025.09.10	01:34:04.718	0.86561				2
2025.09.10	01:34:05.953	0.86563				2
2025.09.10	01:34:09.318		0.86567			4
2025.09.10	01:34:19.051	0.86564	0.86568			6
2025.09.10	01:34:21.316	0.86563	0.86567			6
2025.09.10	01:34:26.716		0.86568			4
2025.09.10	01:34:32.008		0.86567			4
2025.09.10	01:34:37.219		0.86568			4
2025.09.10	01:34:41.968	0.86562	0.86567			6
2025.09.10	01:34:46.216	0.86563				2
2025.09.10	01:34:54.018		0.86568			4
2025.09.10	01:34:55.732		0.86569			4
2025.09.10	01:34:57.016		0.86568			4
2025.09.10	01:35:00.394	0.86563				2
2025.09.10	01:35:02.788	0.86562	0.86567			6
2025.09.10	01:35:29.857	0.86561				2
2025.09.10	01:35:32.023	0.86563				2
2025.09.10	01:35:36.921	0.86562	0.86568			6
2025.09.10	01:35:55.217	0.86563				2
2025.09.10	01:36:00.685	0.86563				2
2025.09.10	01:36:01.218		0.86567			4
2025.09.10	01:36:01.710	0.86560				2
2025.09.10	01:36:02.037	0.86563	0.86568			6
2025.09.10	01:36:13.673	0.86562				2
2025.09.10	01:36:18.271		0.86567			4
2025.09.10	01:36:23.223	0.86563				2
2025.09.10	01:36:49.681		0.86568			4
2025.09.10	01:37:03.813	0.86563				2
2025.09.10	01:37:24.317		0.86567			4
2025.09.10	01:37:25.018	0.86562				2
2025.09.10	01:37:26.787	0.86561	0.86566			6
2025.09.10	01:37:46.584	0.86562				2
2025.09.10	01:37:51.420	0.86563	0.86567			6
2025.09.10	01:37:55.162		0.86569			4
2025.09.10	01:37:56.985	0.86564				2
2025.09.10	01:38:00.677	0.86563				2
2025.09.10	01:38:03.463	0.86562				2
2025.09.10	01:38:04.999	0.86563				2
2025.09.10	01:38:12.317	0.86562				2
2025.09.10	01:38:40.940	0.86563				2
2025.09.10	01:38:48.316	0.86562				2
2025.09.10	01:38:56.417		0.86569			4
2025.09.10	01:39:00.720	0.86562				2
2025.09.10	01:39:25.885	0.86563				2
2025.09.10	01:39:27.095	0.86565	0.86571			6
2025.09.10	01:39:34.832	0.86564				2
2025.09.10	01:39:41.089	0.86565				2
2025.09.10	01:39:53.383		0.86572			4
2025.09.10	01:40:00.016	0.86566				2
2025.09.10	01:40:03.821	0.86567				2
2025.09.10	01:40:15.136	0.86566				2
2025.09.10	01:40:17.880	0.86567				2
2025.09.10	01:40:24.395	0.86566				2
2025.09.10	01:40:28.054	0.86567				2
2025.09.10	01:40:30.413	0.86566				2
2025.09.10	01:40:32.684	0.86567				2
2025.09.10	01:40:36.068	0.86566	0.86571			6
2025.09.10	01:40:38.699	0.86565				2
2025.09.10	01:40:40.237	0.86564				2
2025.09.10	01:40:40.667	0.86566				2
2025.09.10	01:40:47.719		0.86572			4
2025.09.10	01:40:53.069	0.86565	0.86571			6
2025.09.10	01:40:57.918	0.86566				2
2025.09.10	01:41:02.709	0.86566				2
2025.09.10	01:41:16.924	0.86567				2
2025.09.10	01:41:21.612	0.86568	0.86572			6
2025.09.10	01:41:39.017	0.86569				2
2025.09.10	01:41:46.375	0.86568				2
2025.09.10	01:42:02.796	0.86568				2
2025.09.10	01:42:03.846	0.86567				2
2025.09.10	01:42:19.821	0.86568				2
2025.09.10	01:42:23.842		0.86572			4
2025.09.10	01:43:01.242	0.86568				2
2025.09.10	01:43:05.613	0.86564	0.86570			6
2025.09.10	01:43:05.917	0.86567	0.86572			6
2025.09.10	01:43:37.217	0.86568				2
2025.09.10	01:44:00.965	0.86568				2
2025.09.10	01:44:07.216		0.86572			4
2025.09.10	01:44:22.217		0.86573			4
2025.09.10	01:44:32.556	0.86567	0.86572			6
2025.09.10	01:44:34.736		0.86573			4
2025.09.10	01:44:44.223	0.86568				2
2025.09.10	01:45:00.508	0.86568				2
2025.09.10	01:45:17.418		0.86574			4
2025.09.10	01:45:30.401		0.86573			4
2025.09.10	01:45:45.372		0.86574			4
2025.09.10	01:45:45.893	0.86569				2
2025.09.10	01:46:01.223	0.86569	0.86575			6
2025.09.10	01:46:03.943	0.86573	0.86578			6
2025.09.10	01:46:05.106	0.86572	0.86579			6
2025.09.10	01:46:07.628	0.86573				2
2025.09.10	01:46:09.433	0.86572				2
2025.09.10	01:46:17.416	0.86573				2
2025.09.10	01:46:32.199	0.86570	0.86576			6
2025.09.10	01:46:32.513	0.86568	0.86575			6
2025.09.10	01:46:36.045	0.86570	0.86574			6
2025.09.10	01:46:36.604	0.86569				2
2025.09.10	01:46:45.017		0.86573			4
2025.09.10	01:47:00.294	0.86569				2
2025.09.10	01:47:45.262		0.86573			4
2025.09.10	01:48:03.618	0.86569				2
2025.09.10	01:48:34.775	0.86570	0.86577			6
2025.09.10	01:48:35.195	0.86571				2
2025.09.10	01:48:35.972	0.86570				2
2025.09.10	01:48:36.728	0.86571				2
2025.09.10	01:48:45.382		0.86578			4
2025.09.10	01:48:45.892	0.86572				2
2025.09.10	01:48:48.108	0.86571	0.86577			6
2025.09.10	01:49:01.612	0.86571				2
2025.09.10	01:49:28.654		0.86578			4
2025.09.10	01:49:30.318		0.86577			4
2025.09.10	01:49:40.089		0.86578			4
2025.09.10	01:49:43.814		0.86577			4
2025.09.10	01:49:47.608		0.86578			4
2025.09.10	01:49:50.612		0.86577			4
2025.09.10	01:50:00.804	0.86571				2
2025.09.10	01:50:26.297	0.86567	0.86572			6
2025.09.10	01:50:30.319	0.86564	0.86571			6
2025.09.10	01:50:31.832	0.86563	0.86569			6
2025.09.10	01:50:32.669	0.86562				2
2025.09.10	01:50:44.196	0.86563				2
2025.09.10	01:50:48.611	0.86562				2
2025.09.10	01:51:00.488	0.86563				2
2025.09.10	01:51:01.771	0.86562	0.86568			6
2025.09.10	01:51:15.085	0.86561				2
2025.09.10	01:51:16.181		0.86567			4
2025.09.10	01:51:17.475	0.86563	0.86568			6
2025.09.10	01:51:17.787	0.86562				2
2025.09.10	01:51:33.167	0.86561	0.86567			6
2025.09.10	01:51:36.979		0.86568			4
2025.09.10	01:51:37.513	0.86562	0.86569			6
2025.09.10	01:51:45.255	0.86560	0.86566			6
2025.09.10	01:51:46.345		0.86565			4
2025.09.10	01:51:51.029	0.86559				2
2025.09.10	01:51:54.075	0.86558	0.86564			6
2025.09.10	01:51:55.169		0.86563			4
2025.09.10	01:51:59.852	0.86557				2
2025.09.10	01:52:00.288	0.86557				2
2025.09.10	01:52:02.020	0.86559	0.86564			6
2025.09.10	01:52:02.437		0.86563			4
2025.09.10	01:52:03.417	0.86558				2
2025.09.10	01:52:06.410		0.86565			4
2025.09.10	01:52:06.926	0.86559				2
2025.09.10	01:52:07.427	0.86558				2
2025.09.10	01:52:08.654	0.86560				2
2025.09.10	01:52:18.317	0.86559				2
2025.09.10	01:52:19.756	0.86560				2
2025.09.10	01:52:44.109	0.86559				2
2025.09.10	01:52:44.554	0.86560				2
2025.09.10	01:52:45.948	0.86559				2
2025.09.10	01:52:46.854	0.86560				2
2025.09.10	01:52:49.886	0.86561				2
2025.09.10	01:52:52.328	0.86562	0.86566			6
2025.09.10	01:53:00.380	0.86562				2
2025.09.10	01:53:05.760	0.86565	0.86569			6
2025.09.10	01:53:14.118		0.86568			4
2025.09.10	01:53:18.128		0.86569			4
2025.09.10	01:53:21.176	0.86564	0.86568			6
2025.09.10	01:53:23.177	0.86565	0.86569			6
2025.09.10	01:53:23.847		0.86568			4
2025.09.10	01:53:44.740		0.86569			4
2025.09.10	01:54:00.383	0.86565	0.86568			6
2025.09.10	01:54:00.700		0.86569			4
2025.09.10	01:54:20.533	0.86563	0.86567			6
2025.09.10	01:54:43.795	0.86564				2
2025.09.10	01:54:47.136	0.86563				2
2025.09.10	01:54:54.058	0.86561	0.86566			6
2025.09.10	01:54:54.379	0.86562	0.86565			6
2025.09.10	01:54:57.476	0.86560				2
2025.09.10	01:54:58.093	0.86562				2
2025.09.10	01:54:59.128	0.86563	0.86566			6
2025.09.10	01:55:00.027	0.86563				2
2025.09.10	01:55:00.768	0.86561	0.86565			6
2025.09.10	01:55:10.217	0.86560				2
2025.09.10	01:55:20.318		0.86566			4
2025.09.10	01:55:32.193	0.86561	0.86565			6
2025.09.10	01:55:43.238	0.86560	0.86566			6
2025.09.10	01:55:51.727		0.86565			4
2025.09.10	01:55:52.370		0.86563			4
2025.09.10	01:56:02.372	0.86560				2
2025.09.10	01:56:05.215	0.86556	0.86560			6
2025.09.10	01:56:06.378	0.86555				2
2025.09.10	01:56:12.731	0.86556	0.86559			6
2025.09.10	01:56:22.488	0.86555				2
2025.09.10	01:56:27.593	0.86556				2
2025.09.10	01:56:34.740	0.86555	0.86558			6
2025.09.10	01:56:38.930	0.86556	0.86559			6
2025.09.10	01:57:01.612	0.86556				2
2025.09.10	01:57:03.654	0.86553	0.86556			6
2025.09.10	01:57:04.374	0.86554	0.86557			6
2025.09.10	01:57:11.906	0.86555	0.86559			6
2025.09.10	01:57:12.961		0.86557			4
2025.09.10	01:57:17.466	0.86554				2
2025.09.10	01:57:19.347	0.86555				2
2025.09.10	01:57:24.318	0.86561	0.86563			6
2025.09.10	01:57:24.900		0.86564			4
2025.09.10	01:57:28.252	0.86562				2
2025.09.10	01:57:38.116	0.86563				2
2025.09.10	01:57:45.663		0.86565			4
2025.09.10	01:58:02.374	0.86563				2
2025.09.10	01:58:16.178	0.86561	0.86566			6
2025.09.10	01:58:16.572	0.86563	0.86565			6
2025.09.10	01:58:34.895	0.86564	0.86566			6
2025.09.10	01:58:40.218	0.86565	0.86567			6
2025.09.10	01:58:42.668	0.86563				2
2025.09.10	01:58:45.051	0.86562				2
2025.09.10	01:58:45.381	0.86563				2
2025.09.10	01:58:54.647	0.86564				2
2025.09.10	01:58:54.977	0.86563				2
2025.09.10	01:58:58.437	0.86565				2
2025.09.10	01:59:01.516	0.86565				2
2025.09.10	01:59:25.220	0.86564				2
2025.09.10	01:59:26.718	0.86565				2
2025.09.10	01:59:32.591	0.86564				2
2025.09.10	01:59:37.407	0.86563	0.86566			6
2025.09.10	01:59:39.855	0.86559	0.86564			6
2025.09.10	01:59:40.697	0.86561	0.86565			6
2025.09.10	01:59:42.080	0.86562	0.86563			6
2025.09.10	01:59:42.432		0.86564			4
2025.09.10	01:59:46.884	0.86561	0.86563			6
2025.09.10	01:59:47.760	0.86562	0.86564			6
2025.09.10	01:59:56.198		0.86563			4
2025.09.10	01:59:56.736	0.86561	0.86565			6
2025.09.10	01:59:59.877		0.86564			4
2025.09.10	02:00:00.362	0.86562	0.86565			6
2025.09.10	02:00:00.691	0.86561	0.86563			6
2025.09.10	02:00:03.358	0.86560				2
2025.09.10	02:00:06.366	0.86559	0.86561			6
2025.09.10	02:00:07.253	0.86558				2
2025.09.10	02:00:07.964	0.86559				2
2025.09.10	02:00:22.139		0.86562			4
2025.09.10	02:00:24.028	0.86558	0.86561			6
2025.09.10	02:00:32.391		0.86562			4
2025.09.10	02:00:32.699	0.86562	0.86563			6
2025.09.10	02:00:36.390	0.86560				2
2025.09.10	02:00:37.772		0.86564			4
2025.09.10	02:00:42.102		0.86563			4
2025.09.10	02:00:42.566	0.86561				2
2025.09.10	02:00:42.958	0.86560				2
2025.09.10	02:00:45.492	0.86561				2
2025.09.10	02:00:46.028	0.86562	0.86564			6
2025.09.10	02:00:46.672	0.86563	0.86565			6
2025.09.10	02:00:46.997	0.86562	0.86564			6
2025.09.10	02:00:47.318	0.86557	0.86560			6
2025.09.10	02:00:48.310	0.86556				2
2025.09.10	02:00:49.818	0.86559	0.86562			6
2025.09.10	02:00:50.503	0.86558				2
2025.09.10	02:00:55.369	0.86557	0.86560			6
2025.09.10	02:00:56.772	0.86558				2
2025.09.10	02:00:57.279	0.86557				2
2025.09.10	02:00:59.162		0.86559			4
2025.09.10	02:01:00.272	0.86557				2
2025.09.10	02:01:01.136		0.86560			4
2025.09.10	02:01:01.449		0.86559			4
2025.09.10	02:01:01.752	0.86556	0.86560			6
2025.09.10	02:01:03.210		0.86559			4
2025.09.10	02:01:15.853	0.86557				2
2025.09.10	02:01:21.129	0.86556	0.86558			6
2025.09.10	02:01:26.292	0.86555	0.86557			6
2025.09.10	02:01:27.831	0.86554				2
2025.09.10	02:01:28.192	0.86555				2
2025.09.10	02:01:28.494	0.86554	0.86556			6
2025.09.10	02:01:29.766	0.86552	0.86555			6
2025.09.10	02:01:31.308	0.86554	0.86556			6
2025.09.10	02:01:35.674	0.86555				2
2025.09.10	02:01:41.977		0.86557			4
2025.09.10	02:01:49.273	0.86556	0.86559			6
2025.09.10	02:01:49.580	0.86555				2
2025.09.10	02:02:00.352	0.86555				2
2025.09.10	02:02:02.472	0.86556	0.86558			6
2025.09.10	02:02:03.177	0.86555	0.86557			6
2025.09.10	02:02:06.792	0.86553	0.86555			6
2025.09.10	02:02:21.169		0.86556			4
2025.09.10	02:02:27.721		0.86555			4
2025.09.10	02:02:29.934		0.86554			4
2025.09.10	02:02:33.604	0.86552	0.86555			6
2025.09.10	02:02:35.684	0.86553				2
2025.09.10	02:02:44.344		0.86556			4
2025.09.10	02:02:45.170	0.86555	0.86558			6
2025.09.10	02:02:46.382	0.86556	0.86557			6
2025.09.10	02:02:51.036	0.86554				2
2025.09.10	02:02:51.991	0.86553				2
2025.09.10	02:03:00.453	0.86553				2
2025.09.10	02:03:01.224	0.86554				2
2025.09.10	02:03:08.920	0.86552	0.86555			6
2025.09.10	02:03:13.219		0.86554			4
2025.09.10	02:03:58.501	0.86554	0.86556			6
2025.09.10	02:04:00.389	0.86554				2
2025.09.10	02:04:12.825	0.86555				2
2025.09.10	02:04:14.062		0.86557			4
2025.09.10	02:04:14.374	0.86556	0.86559			6
2025.09.10	02:04:31.225		0.86558			4
2025.09.10	02:04:36.270	0.86557	0.86561			6
2025.09.10	02:04:40.217	0.86558				2
2025.09.10	02:04:45.248	0.86560	0.86562			6
2025.09.10	02:04:48.226		0.86561			4
2025.09.10	02:04:58.285	0.86559				2
2025.09.10	02:05:00.364	0.86559				2
2025.09.10	02:05:12.524	0.86560				2
2025.09.10	02:05:16.219	0.86559				2
2025.09.10	02:05:19.702		0.86562			4
2025.09.10	02:05:22.874		0.86561			4
2025.09.10	02:05:27.637	0.86557	0.86559			6
2025.09.10	02:05:31.122	0.86558	0.86560			6
2025.09.10	02:05:35.144	0.86557	0.86559			6
2025.09.10	02:05:36.234		0.86558			4
2025.09.10	02:05:37.163	0.86556				2
2025.09.10	02:05:47.871	0.86557	0.86559			6
2025.09.10	02:05:52.693		0.86558			4
2025.09.10	02:06:00.431	0.86556				2
2025.09.10	02:06:20.352		0.86557			4
2025.09.10	02:06:20.910		0.86558			4
2025.09.10	02:06:23.119		0.86559			4
2025.09.10	02:06:52.527		0.86558			4
2025.09.10	02:06:54.121	0.86555	0.86557			6
2025.09.10	02:07:00.822	0.86555				2
2025.09.10	02:07:43.218	0.86556	0.86558			6
2025.09.10	02:07:45.661		0.86560			4
2025.09.10	02:07:55.448	0.86555				2
2025.09.10	02:08:11.613	0.86555				2
2025.09.10	02:08:15.465	0.86557				2
2025.09.10	02:08:18.459	0.86558				2
2025.09.10	02:08:24.078	0.86557				2
2025.09.10	02:08:39.962	0.86558				2
2025.09.10	02:08:41.189	0.86556				2
2025.09.10	02:08:41.880		0.86559			4
2025.09.10	02:08:50.363	0.86558	0.86561			6
2025.09.10	02:08:52.227		0.86560			4
2025.09.10	02:09:04.350	0.86558				2
2025.09.10	02:09:09.910	0.86557				2
2025.09.10	02:09:12.689	0.86558				2
2025.09.10	02:09:17.301	0.86557	0.86562			6
2025.09.10	02:09:20.030	0.86558	0.86560			6
2025.09.10	02:09:30.751		0.86561			4
2025.09.10	02:09:37.220	0.86559				2
2025.09.10	02:09:40.977	0.86560	0.86562			6
2025.09.10	02:10:01.613	0.86560				2
2025.09.10	02:10:02.487	0.86558				2
2025.09.10	02:10:02.888	0.86559				2
2025.09.10	02:10:30.829	0.86558				2
2025.09.10	02:10:36.864		0.86563			4
2025.09.10	02:10:38.695	0.86559				2
2025.09.10	02:11:01.226	0.86559				2
2025.09.10	02:11:12.357	0.86556	0.86558			6
2025.09.10	02:11:24.072		0.86559			4
2025.09.10	02:11:26.432		0.86558			4
2025.09.10	02:11:47.110		0.86559			4
2025.09.10	02:11:47.568		0.86558			4
2025.09.10	02:11:52.014	0.86555	0.86557			6
2025.09.10	02:12:00.052	0.86555	0.86558			6
2025.09.10	02:12:16.218	0.86556				2
2025.09.10	02:12:16.588	0.86555	0.86556			6
2025.09.10	02:12:21.487	0.86554				2
2025.09.10	02:12:23.422	0.86552	0.86555			6
2025.09.10	02:12:23.740	0.86554	0.86556			6
2025.09.10	02:12:24.772	0.86552				2
2025.09.10	02:12:26.468	0.86553				2
2025.09.10	02:12:31.830	0.86554				2
2025.09.10	02:12:44.283	0.86553	0.86555			6
2025.09.10	02:12:45.400	0.86552				2
2025.09.10	02:12:48.367	0.86554	0.86557			6
2025.09.10	02:12:49.426	0.86553	0.86555			6
2025.09.10	02:12:53.386		0.86556			4
2025.09.10	02:12:59.653		0.86558			4
2025.09.10	02:12:59.987	0.86554	0.86557			6
2025.09.10	02:13:00.322	0.86554				2
2025.09.10	02:13:02.916		0.86556			4
2025.09.10	02:13:10.640	0.86553	0.86557			6
2025.09.10	02:13:16.810	0.86552				2
2025.09.10	02:13:19.069		0.86558			4
2025.09.10	02:13:19.402	0.86550	0.86555			6
2025.09.10	02:13:21.956	0.86549				2
2025.09.10	02:13:24.036	0.86550				2
2025.09.10	02:13:24.882		0.86556			4
2025.09.10	02:13:25.748	0.86549				2
2025.09.10	02:13:26.838		0.86555			4
2025.09.10	02:13:30.316		0.86556			4
2025.09.10	02:13:31.167	0.86554				2
2025.09.10	02:13:39.603		0.86557			4
2025.09.10	02:13:43.352	0.86555	0.86558			6
2025.09.10	02:13:46.063	0.86557	0.86559			6
2025.09.10	02:13:47.650	0.86556				2
2025.09.10	02:13:52.840	0.86550				2
2025.09.10	02:14:00.425	0.86550				2
2025.09.10	02:14:00.988		0.86558			4
2025.09.10	02:14:08.431	0.86551				2
2025.09.10	02:14:27.307	0.86550				2
2025.09.10	02:14:46.294	0.86551				2
2025.09.10	02:14:54.036	0.86552	0.86559			6
2025.09.10	02:14:56.352	0.86551				2
2025.09.10	02:15:00.308	0.86552				2
2025.09.10	02:15:04.217		0.86558			4
2025.09.10	02:15:42.441		0.86559			4
2025.09.10	02:15:50.220		0.86558			4
2025.09.10	02:16:00.683	0.86552				2
2025.09.10	02:16:08.576	0.86551				2
2025.09.10	02:16:51.148	0.86552	0.86558			6
2025.09.10	02:16:53.653	0.86550	0.86557			6
2025.09.10	02:16:53.972	0.86551				2
2025.09.10	02:16:54.803	0.86552	0.86558			6
2025.09.10	02:16:56.428	0.86551				2
2025.09.10	02:17:00.436	0.86551				2
2025.09.10	02:17:01.039	0.86552	0.86555			6
2025.09.10	02:17:02.497	0.86550	0.86556			6
2025.09.10	02:17:03.406	0.86548	0.86554			6
2025.09.10	02:17:04.153	0.86550	0.86556			6
2025.09.10	02:17:04.512	0.86551				2
2025.09.10	02:17:06.845	0.86550				2
2025.09.10	02:17:09.282	0.86549	0.86555			6
2025.09.10	02:17:19.521	0.86548				2
2025.09.10	02:17:22.446	0.86546	0.86552			6
2025.09.10	02:17:23.698	0.86545	0.86551			6
2025.09.10	02:17:24.003	0.86544				2
2025.09.10	02:17:24.658		0.86550			4
2025.09.10	02:17:26.346	0.86541	0.86547			6
2025.09.10	02:17:26.705	0.86545	0.86551			6
2025.09.10	02:17:27.730	0.86543				2
2025.09.10	02:17:28.346	0.86547	0.86553			6
2025.09.10	02:17:29.517	0.86546	0.86552			6
2025.09.10	02:17:31.396	0.86547	0.86553			6
2025.09.10	02:17:32.656		0.86552			4
2025.09.10	02:17:32.959		0.86553			4
2025.09.10	02:17:33.992		0.86552			4
2025.09.10	02:17:36.093		0.86553			4
2025.09.10	02:17:36.998	0.86546				2
2025.09.10	02:17:38.273		0.86552			4
2025.09.10	02:17:40.607	0.86547	0.86553			6
2025.09.10	02:17:41.729		0.86552			4
2025.09.10	02:17:42.951	0.86545	0.86550			6
2025.09.10	02:17:43.785	0.86546	0.86551			6
2025.09.10	02:17:49.715	0.86547	0.86552			6
2025.09.10	02:17:51.728		0.86553			4
2025.09.10	02:17:52.152	0.86546	0.86551			6
2025.09.10	02:17:56.346	0.86545	0.86550			6
2025.09.10	02:18:00.319	0.86545				2
2025.09.10	02:18:03.382		0.86551			4
2025.09.10	02:18:05.608	0.86546				2
2025.09.10	02:18:10.699	0.86545	0.86550			6
2025.09.10	02:18:17.571	0.86546				2
2025.09.10	02:18:17.879		0.86551			4
2025.09.10	02:18:30.549	0.86547				2
2025.09.10	02:18:32.767	0.86545				2
2025.09.10	02:18:33.078	0.86546				2
2025.09.10	02:18:45.702	0.86545				2
2025.09.10	02:18:50.243	0.86547				2
2025.09.10	02:18:50.550	0.86545	0.86550			6
2025.09.10	02:18:51.581	0.86543	0.86549			6
2025.09.10	02:18:53.396		0.86550			4
2025.09.10	02:18:53.923	0.86544				2
2025.09.10	02:18:54.324		0.86551			4
2025.09.10	02:18:57.848	0.86545				2
2025.09.10	02:19:00.826	0.86543	0.86549			6
2025.09.10	02:19:01.134	0.86542	0.86548			6
2025.09.10	02:19:01.444		0.86550			4
2025.09.10	02:19:03.382	0.86543	0.86551			6
2025.09.10	02:19:12.451		0.86550			4
2025.09.10	02:19:13.262	0.86545				2
2025.09.10	02:19:13.579		0.86551			4
2025.09.10	02:19:14.230	0.86547				2
2025.09.10	02:19:19.217	0.86548				2
2025.09.10	02:19:20.317	0.86547				2
2025.09.10	02:19:21.228	0.86545				2
2025.09.10	02:19:30.548	0.86543	0.86549			6
2025.09.10	02:19:31.565	0.86541	0.86546			6
2025.09.10	02:19:32.251	0.86542	0.86547			6
2025.09.10	02:19:32.557		0.86546			4
2025.09.10	02:19:33.627	0.86541				2
2025.09.10	02:19:35.274		0.86545			4
2025.09.10	02:19:37.379	0.86539	0.86544			6
2025.09.10	02:19:44.888	0.86541	0.86545			6
2025.09.10	02:20:00.985	0.86541				2
2025.09.10	02:20:02.271		0.86544			4
2025.09.10	02:20:07.467	0.86542	0.86546			6
2025.09.10	02:20:09.395	0.86541	0.86545			6
2025.09.10	02:20:09.703	0.86539	0.86544			6
2025.09.10	02:20:12.180	0.86540	0.86545			6
2025.09.10	02:20:15.930	0.86539	0.86544			6
2025.09.10	02:20:24.735	0.86540				2
2025.09.10	02:20:32.528		0.86545			4
2025.09.10	02:20:33.234		0.86544			4
2025.09.10	02:20:41.655	0.86539	0.86543			6
2025.09.10	02:20:46.667		0.86542			4
2025.09.10	02:20:47.879		0.86543			4
2025.09.10	02:20:48.192		0.86542			4
2025.09.10	02:20:48.571	0.86540	0.86543			6
2025.09.10	02:20:50.272	0.86541	0.86545			6
2025.09.10	02:21:00.165	0.86541				2
2025.09.10	02:21:16.700		0.86542			4
2025.09.10	02:21:17.058		0.86545			4
2025.09.10	02:21:25.091	0.86539	0.86543			6
2025.09.10	02:21:25.400	0.86545	0.86549			6
2025.09.10	02:21:30.445		0.86550			4
2025.09.10	02:21:42.059		0.86549			4
2025.09.10	02:21:44.315		0.86550			4
2025.09.10	02:21:55.622	0.86546				2
2025.09.10	02:21:56.156		0.86551			4
2025.09.10	02:22:01.508	0.86548				2
2025.09.10	02:22:03.338	0.86547	0.86550			6
2025.09.10	02:22:14.747		0.86551			4
2025.09.10	02:22:16.391	0.86544	0.86549			6
2025.09.10	02:22:23.943	0.86543	0.86548			6
2025.09.10	02:22:26.150	0.86544	0.86547			6
2025.09.10	02:22:26.458		0.86548			4
2025.09.10	02:22:27.451	0.86545	0.86549			6
2025.09.10	02:22:28.660		0.86548			4
2025.09.10	02:22:29.440		0.86549			4
2025.09.10	02:22:30.688	0.86540	0.86544			6
2025.09.10	02:22:36.904	0.86539	0.86543			6
2025.09.10	02:22:39.405	0.86541	0.86545			6
2025.09.10	02:22:41.237	0.86538	0.86542			6
2025.09.10	02:22:41.539	0.86539	0.86543			6
2025.09.10	02:22:43.157	0.86538				2
2025.09.10	02:22:43.458	0.86539	0.86542			6
2025.09.10	02:22:45.761		0.86543			4
2025.09.10	02:22:46.399	0.86541				2
2025.09.10	02:22:48.505		0.86544			4
2025.09.10	02:22:50.934	0.86538	0.86542			6
2025.09.10	02:22:52.613		0.86541			4
2025.09.10	02:22:54.931	0.86536	0.86540			6
2025.09.10	02:22:55.241	0.86537	0.86539			6
2025.09.10	02:22:55.557		0.86538			4
2025.09.10	02:23:00.741	0.86537				2
2025.09.10	02:23:03.813	0.86535				2
2025.09.10	02:23:05.182	0.86536				2
2025.09.10	02:23:06.294	0.86535				2
2025.09.10	02:23:06.999	0.86539	0.86541			6
2025.09.10	02:23:07.324	0.86536	0.86540			6
2025.09.10	02:23:08.951	0.86533	0.86537			6
2025.09.10	02:23:09.278	0.86532	0.86536			6
2025.09.10	02:23:09.586		0.86534			4
2025.09.10	02:23:11.774	0.86533	0.86536			6
2025.09.10	02:23:12.113	0.86532	0.86535			6
2025.09.10	02:23:12.443		0.86533			4
2025.09.10	02:23:12.760	0.86533	0.86535			6
2025.09.10	02:23:13.083	0.86532				2
2025.09.10	02:23:13.690	0.86534	0.86537			6
2025.09.10	02:23:14.356	0.86536	0.86538			6
2025.09.10	02:23:14.664	0.86537	0.86540			6
2025.09.10	02:23:15.237		0.86541			4
2025.09.10	02:23:17.400	0.86538				2
2025.09.10	02:23:17.888	0.86537				2
2025.09.10	02:23:20.618	0.86539	0.86542			6
2025.09.10	02:23:26.947	0.86540	0.86543			6
2025.09.10	02:23:27.258	0.86542	0.86544			6
2025.09.10	02:23:27.591	0.86543	0.86545			6
2025.09.10	02:23:28.218		0.86546			4
2025.09.10	02:23:29.699	0.86546	0.86548			6
2025.09.10	02:23:30.420		0.86549			4
2025.09.10	02:23:33.032	0.86551	0.86553			6
2025.09.10	02:23:33.711		0.86554			4
2025.09.10	02:23:34.087		0.86553			4
2025.09.10	02:23:34.417	0.86548	0.86551			6
2025.09.10	02:23:36.276	0.86545	0.86549			6
2025.09.10	02:23:37.973	0.86546				2
2025.09.10	02:23:41.980	0.86549	0.86550			6
2025.09.10	02:23:43.874	0.86550	0.86551			6
2025.09.10	02:23:45.103	0.86551	0.86552			6
2025.09.10	02:23:50.590	0.86550	0.86551			6
2025.09.10	02:23:53.439	0.86551	0.86552			6
2025.09.10	02:24:00.281	0.86550	0.86553			6
2025.09.10	02:24:04.757		0.86551			4
2025.09.10	02:24:05.877		0.86552			4
2025.09.10	02:24:07.213	0.86551				2
2025.09.10	02:24:07.841	0.86548	0.86549			6
2025.09.10	02:24:08.162		0.86550			4
2025.09.10	02:24:08.813	0.86549				2
2025.09.10	02:24:10.452	0.86546	0.86548			6
2025.09.10	02:24:11.191		0.86547			4
2025.09.10	02:24:12.811		0.86548			4
2025.09.10	02:24:13.546		0.86547			4
2025.09.10	02:24:13.872	0.86547	0.86548			6
2025.09.10	02:24:14.616		0.86549			4
2025.09.10	02:24:14.921	0.86545	0.86547			6
2025.09.10	02:24:16.124	0.86544	0.86546			6
2025.09.10	02:24:18.836	0.86543				2
2025.09.10	02:24:19.194	0.86544				2
2025.09.10	02:24:21.738	0.86543				2
2025.09.10	02:24:24.697	0.86544				2
2025.09.10	02:24:25.130		0.86545			4
2025.09.10	02:24:26.009	0.86543				2
2025.09.10	02:24:28.263	0.86540	0.86542			6
2025.09.10	02:24:28.665		0.86541			4
2025.09.10	02:24:29.541	0.86541	0.86543			6
2025.09.10	02:24:30.880	0.86540				2
2025.09.10	02:24:31.199	0.86544	0.86547			6
2025.09.10	02:24:31.612	0.86546				2
2025.09.10	02:24:31.921		0.86548			4
2025.09.10	02:24:32.240	0.86547	0.86549			6
2025.09.10	02:24:32.553		0.86548			4
2025.09.10	02:24:32.907	0.86548	0.86549			6
2025.09.10	02:24:33.734	0.86546	0.86547			6
2025.09.10	02:24:34.659	0.86543	0.86545			6
2025.09.10	02:24:35.442	0.86544				2
2025.09.10	02:24:36.169		0.86546			4
2025.09.10	02:24:36.490	0.86546	0.86548			6
2025.09.10	02:24:37.283	0.86548	0.86551			6
2025.09.10	02:24:37.584	0.86549				2
2025.09.10	02:24:37.903	0.86550				2
2025.09.10	02:24:39.478	0.86549				2
2025.09.10	02:24:39.833	0.86550	0.86552			6
2025.09.10	02:24:43.327	0.86551	0.86553			6
2025.09.10	02:24:43.627	0.86553	0.86554			6
2025.09.10	02:24:45.379	0.86550	0.86552			6
2025.09.10	02:24:46.568	0.86551				2
2025.09.10	02:24:47.334	0.86552	0.86554			6
2025.09.10	02:24:47.638	0.86553				2
2025.09.10	02:24:48.369	0.86554	0.86555			6
2025.09.10	02:24:50.495	0.86557	0.86559			6
2025.09.10	02:24:50.798		0.86558			4
2025.09.10	02:24:57.406	0.86556	0.86557			6
2025.09.10	02:24:58.506	0.86557	0.86558			6
2025.09.10	02:25:00.141	0.86557				2
2025.09.10	02:25:00.656	0.86555	0.86557			6
2025.09.10	02:25:01.384	0.86554				2
2025.09.10	02:25:02.134	0.86553	0.86555			6
2025.09.10	02:25:02.961	0.86554				2
2025.09.10	02:25:03.406		0.86556			4
2025.09.10	02:25:04.910	0.86553	0.86554			6
2025.09.10	02:25:08.820	0.86552	0.86553			6
2025.09.10	02:25:09.737	0.86553	0.86554			6
2025.09.10	02:25:10.666	0.86552	0.86553			6
2025.09.10	02:25:19.628	0.86551	0.86552			6
2025.09.10	02:25:20.012		0.86553			4
2025.09.10	02:25:21.052	0.86552				2
2025.09.10	02:25:21.860	0.86549	0.86551			6
2025.09.10	02:25:25.183		0.86552			4
2025.09.10	02:25:26.496	0.86550				2
2025.09.10	02:25:38.614	0.86549	0.86551			6
2025.09.10	02:25:39.571	0.86551	0.86553			6
2025.09.10	02:25:40.779	0.86552				2
2025.09.10	02:25:45.783		0.86554			4
2025.09.10	02:25:53.353	0.86549	0.86551			6
2025.09.10	02:26:00.634	0.86549				2
2025.09.10	02:26:03.505		0.86552			4
2025.09.10	02:26:04.339	0.86550				2
2025.09.10	02:26:06.849	0.86549	0.86551			6
2025.09.10	02:26:18.677	0.86550				2
2025.09.10	02:26:19.187	0.86549				2
2025.09.10	02:26:35.021	0.86553	0.86554			6
2025.09.10	02:27:02.344	0.86551	0.86553			6
2025.09.10	02:27:09.588	0.86552				2
2025.09.10	02:27:10.405	0.86551				2
2025.09.10	02:27:11.508	0.86552				2
2025.09.10	02:27:12.584	0.86549	0.86551			6
2025.09.10	02:27:13.793	0.86550				2
2025.09.10	02:27:18.883		0.86552			4
2025.09.10	02:27:21.916	0.86549	0.86551			6
2025.09.10	02:27:22.250	0.86548				2
2025.09.10	02:27:22.926		0.86550			4
2025.09.10	02:27:55.442	0.86547				2
2025.09.10	02:28:00.317	0.86547				2
2025.09.10	02:28:02.874	0.86548				2
2025.09.10	02:28:07.085	0.86547				2
2025.09.10	02:28:08.494	0.86548				2
2025.09.10	02:28:09.923	0.86547				2
2025.09.10	02:28:22.074	0.86546	0.86548			6
2025.09.10	02:28:34.020	0.86545				2
2025.09.10	02:28:34.772	0.86546				2
2025.09.10	02:28:35.137	0.86544	0.86546			6
2025.09.10	02:28:36.116	0.86543	0.86545			6
2025.09.10	02:28:39.890	0.86542	0.86543			6
2025.09.10	02:28:42.042	0.86543	0.86546			6
2025.09.10	02:28:42.871		0.86545			4
2025.09.10	02:28:43.194		0.86546			4
2025.09.10	02:28:45.471	0.86542	0.86544			6
2025.09.10	02:28:46.348	0.86543	0.86545			6
2025.09.10	02:28:46.731	0.86542	0.86543			6
2025.09.10	02:28:47.038	0.86539	0.86540			6
2025.09.10	02:28:47.446		0.86541			4
2025.09.10	02:28:48.445		0.86542			4
2025.09.10	02:28:49.421	0.86540	0.86543			6
2025.09.10	02:28:49.721	0.86541	0.86544			6
2025.09.10	02:28:51.253	0.86538	0.86540			6
2025.09.10	02:28:55.961	0.86540	0.86543			6
2025.09.10	02:28:56.352		0.86542			4
2025.09.10	02:28:58.106	0.86539				2
2025.09.10	02:28:58.938	0.86541				2
2025.09.10	02:28:59.239	0.86542	0.86544			6
2025.09.10	02:29:00.318	0.86542				2
2025.09.10	02:29:00.641	0.86543	0.86545			6
2025.09.10	02:29:05.611		0.86546			4
2025.09.10	02:29:07.100	0.86542	0.86543			6
2025.09.10	02:29:13.578	0.86543	0.86545			6
2025.09.10	02:29:15.300		0.86546			4
2025.09.10	02:29:22.871		0.86544			4
2025.09.10	02:29:23.489	0.86542	0.86543			6
2025.09.10	02:29:24.808	0.86543	0.86544			6
2025.09.10	02:29:33.700		0.86545			4
2025.09.10	02:30:00.237	0.86544	0.86547			6
2025.09.10	02:30:00.592		0.86546			4
2025.09.10	02:30:01.421	0.86545				2
2025.09.10	02:30:02.984	0.86543	0.86545			6
2025.09.10	02:30:05.492		0.86544			4
2025.09.10	02:30:06.876		0.86545			4
2025.09.10	02:30:07.959	0.86544				2
2025.09.10	02:30:18.911		0.86546			4
2025.09.10	02:30:33.803	0.86543				2
2025.09.10	02:30:34.925	0.86544				2
2025.09.10	02:30:40.137		0.86545			4
2025.09.10	02:30:41.086		0.86546			4
2025.09.10	02:31:00.376	0.86544				2
2025.09.10	02:31:19.048	0.86545				2
2025.09.10	02:31:27.184	0.86544	0.86545			6
2025.09.10	02:31:29.377	0.86543	0.86544			6
2025.09.10	02:31:39.775	0.86540	0.86541			6
2025.09.10	02:31:41.786	0.86541	0.86542			6
2025.09.10	02:31:45.247	0.86542	0.86543			6
2025.09.10	02:31:46.032	0.86541	0.86542			6
2025.09.10	02:32:00.382	0.86541				2
2025.09.10	02:32:02.542	0.86540	0.86541			6
2025.09.10	02:32:04.456	0.86539				2
2025.09.10	02:32:04.962	0.86540				2
2025.09.10	02:32:17.619		0.86542			4
2025.09.10	02:32:19.031	0.86537	0.86538			6
2025.09.10	02:32:19.646	0.86538	0.86539			6
2025.09.10	02:32:28.460	0.86537				2
2025.09.10	02:32:29.203		0.86538			4
2025.09.10	02:32:30.346	0.86535	0.86536			6
2025.09.10	02:32:30.962	0.86536	0.86537			6
2025.09.10	02:32:31.382	0.86534	0.86535			6
2025.09.10	02:32:34.471	0.86533	0.86536			6
2025.09.10	02:32:34.809	0.86534	0.86535			6
2025.09.10	02:32:36.312	0.86535	0.86536			6
2025.09.10	02:32:36.728	0.86534	0.86535			6
2025.09.10	02:32:37.822	0.86535	0.86536			6
2025.09.10	02:32:43.133		0.86537			4
2025.09.10	02:32:43.438	0.86537	0.86538			6
2025.09.10	02:32:49.823	0.86538	0.86539			6
2025.09.10	02:32:55.825	0.86537	0.86538			6
2025.09.10	02:32:56.232	0.86538	0.86539			6
2025.09.10	02:33:00.675	0.86537	0.86538			6
2025.09.10	02:33:07.270	0.86538	0.86539			6
2025.09.10	02:33:07.605	0.86539	0.86540			6
2025.09.10	02:33:13.510	0.86538				2
2025.09.10	02:33:13.826	0.86539				2
2025.09.10	02:33:14.145	0.86540	0.86541			6
2025.09.10	02:33:14.709	0.86539	0.86540			6
2025.09.10	02:33:15.371	0.86540	0.86541			6
2025.09.10	02:33:15.884	0.86539	0.86540			6
2025.09.10	02:33:16.473	0.86540	0.86541			6
2025.09.10	02:33:21.284	0.86539	0.86540			6
2025.09.10	02:33:27.235	0.86540	0.86541			6
2025.09.10	02:33:35.114	0.86539	0.86540			6
2025.09.10	02:33:39.638	0.86538	0.86539			6
2025.09.10	02:33:40.704	0.86537	0.86538			6
2025.09.10	02:33:41.008	0.86536	0.86537			6
2025.09.10	02:33:55.502	0.86534	0.86535			6
2025.09.10	02:33:58.501	0.86535	0.86536			6
2025.09.10	02:34:00.305	0.86534	0.86535			6
2025.09.10	02:34:00.672	0.86535	0.86536			6
2025.09.10	02:34:01.752	0.86534	0.86535			6
2025.09.10	02:34:04.758	0.86535	0.86538			6
2025.09.10	02:34:05.061		0.86537			4
2025.09.10	02:34:05.669	0.86536				2
2025.09.10	02:34:06.404	0.86535				2
2025.09.10	02:34:10.131	0.86536	0.86538			6
2025.09.10	02:34:10.440	0.86537	0.86539			6
2025.09.10	02:34:12.424	0.86535	0.86536			6
2025.09.10	02:34:21.511	0.86536	0.86537			6
2025.09.10	02:34:21.868	0.86535	0.86536			6
2025.09.10	02:34:25.828	0.86534				2
2025.09.10	02:34:26.947	0.86535				2
2025.09.10	02:34:36.345	0.86534				2
2025.09.10	02:34:36.650	0.86535				2
2025.09.10	02:34:49.306	0.86534	0.86537			6
2025.09.10	02:34:49.619		0.86536			4
2025.09.10	02:34:50.057	0.86535				2
2025.09.10	02:34:50.572	0.86534				2
2025.09.10	02:34:51.231		0.86535			4
2025.09.10	02:34:52.622	0.86535	0.86536			6
2025.09.10	02:35:01.376	0.86535				2
2025.09.10	02:35:10.315	0.86536	0.86537			6
2025.09.10	02:35:13.484	0.86535	0.86536			6
2025.09.10	02:35:19.928	0.86536	0.86537			6
2025.09.10	02:35:27.064	0.86535	0.86536			6
2025.09.10	02:35:28.089	0.86534	0.86535			6
2025.09.10	02:35:31.217	0.86535	0.86536			6
2025.09.10	02:35:40.897	0.86532	0.86533			6
2025.09.10	02:35:41.561	0.86531	0.86532			6
2025.09.10	02:35:41.983	0.86529	0.86530			6
2025.09.10	02:35:42.375	0.86530	0.86531			6
2025.09.10	02:35:42.688	0.86524	0.86525			6
2025.09.10	02:35:43.454	0.86525	0.86526			6
2025.09.10	02:35:43.758	0.86526	0.86527			6
2025.09.10	02:35:46.197	0.86527	0.86528			6
2025.09.10	02:35:48.964	0.86528	0.86529			6
2025.09.10	02:36:00.315	0.86528				2
2025.09.10	02:36:13.995	0.86527	0.86528			6
2025.09.10	02:36:14.300	0.86528	0.86529			6
2025.09.10	02:36:15.577	0.86529	0.86530			6
2025.09.10	02:36:26.318	0.86528	0.86529			6
2025.09.10	02:36:28.366	0.86529	0.86530			6
2025.09.10	02:36:34.508	0.86531	0.86532			6
2025.09.10	02:36:35.497	0.86532	0.86533			6
2025.09.10	02:36:39.906	0.86531	0.86532			6
2025.09.10	02:36:42.074	0.86530	0.86531			6
2025.09.10	02:36:44.661	0.86531	0.86532			6
2025.09.10	02:36:47.303	0.86530	0.86531			6
2025.09.10	02:36:50.590	0.86531	0.86532			6
2025.09.10	02:37:00.909	0.86531				2
2025.09.10	02:37:08.081	0.86530	0.86531			6
2025.09.10	02:37:12.577	0.86531	0.86532			6
2025.09.10	02:37:14.370	0.86530	0.86531			6
2025.09.10	02:37:33.277	0.86529	0.86530			6
2025.09.10	02:37:36.177	0.86530	0.86531			6
2025.09.10	02:37:36.687	0.86529	0.86530			6
2025.09.10	02:37:38.562	0.86530	0.86531			6
2025.09.10	02:37:41.368	0.86531	0.86532			6
2025.09.10	02:37:41.703	0.86530	0.86531			6
2025.09.10	02:37:47.390	0.86531	0.86532			6
2025.09.10	02:37:52.219	0.86532	0.86533			6
2025.09.10	02:38:00.598	0.86532				2
2025.09.10	02:38:05.946	0.86531	0.86532			6
2025.09.10	02:38:19.556	0.86532	0.86533			6
2025.09.10	02:38:27.780	0.86530	0.86531			6
2025.09.10	02:38:30.155		0.86532			4
2025.09.10	02:38:31.200	0.86531				2
2025.09.10	02:38:31.502	0.86532	0.86533			6
2025.09.10	02:38:41.001	0.86530	0.86531			6
2025.09.10	02:38:41.836	0.86529	0.86530			6
2025.09.10	02:39:00.457	0.86528	0.86529			6
2025.09.10	02:39:30.139	0.86529	0.86530			6
2025.09.10	02:39:35.857	0.86527	0.86528			6
2025.09.10	02:39:36.163	0.86526	0.86527			6
2025.09.10	02:39:36.539	0.86527	0.86528			6
2025.09.10	02:39:38.662	0.86528	0.86529			6
2025.09.10	02:39:42.271	0.86529	0.86530			6
2025.09.10	02:39:55.281	0.86528	0.86529			6
2025.09.10	02:40:00.320	0.86529	0.86530			6
2025.09.10	02:40:34.217	0.86530	0.86531			6
2025.09.10	02:40:52.040	0.86529	0.86530			6
2025.09.10	02:41:01.860	0.86529				2
2025.09.10	02:41:29.503	0.86527	0.86528			6
2025.09.10	02:41:29.807	0.86528	0.86529			6
2025.09.10	02:41:30.742	0.86529	0.86530			6
2025.09.10	02:41:33.929	0.86528	0.86529			6
2025.09.10	02:41:38.920	0.86529	0.86530			6
2025.09.10	02:41:56.086	0.86530	0.86531			6
2025.09.10	02:42:01.454	0.86530				2
2025.09.10	02:42:05.791	0.86531	0.86532			6
2025.09.10	02:42:22.885	0.86534	0.86535			6
2025.09.10	02:42:32.327	0.86533				2
2025.09.10	02:42:37.768		0.86534			4
2025.09.10	02:42:38.613	0.86534	0.86535			6
2025.09.10	02:42:39.572	0.86533	0.86534			6
2025.09.10	02:43:01.832	0.86533				2
2025.09.10	02:43:04.205		0.86535			4
2025.09.10	02:43:05.086	0.86534				2
2025.09.10	02:43:07.372	0.86533				2
2025.09.10	02:43:17.511	0.86534				2
2025.09.10	02:43:20.556	0.86533				2
2025.09.10	02:43:21.572	0.86534				2
2025.09.10	02:43:27.654	0.86533				2
2025.09.10	02:43:28.664	0.86534				2
2025.09.10	02:43:37.855	0.86535	0.86536			6
2025.09.10	02:43:38.301	0.86534	0.86535			6
2025.09.10	02:43:40.642	0.86535	0.86536			6
2025.09.10	02:43:41.407	0.86533	0.86535			6
2025.09.10	02:43:42.156	0.86534				2
2025.09.10	02:43:57.483	0.86535	0.86536			6
2025.09.10	02:44:00.665	0.86535				2
2025.09.10	02:44:15.445	0.86533	0.86535			6
2025.09.10	02:44:16.788	0.86534				2
2025.09.10	02:44:18.292	0.86535	0.86536			6
2025.09.10	02:44:18.637		0.86537			4
2025.09.10	02:44:19.113	0.86536				2
2025.09.10	02:44:44.116		0.86538			4
2025.09.10	02:44:44.762	0.86537				2
2025.09.10	02:44:55.751	0.86536	0.86537			6
2025.09.10	02:44:56.347	0.86535				2
2025.09.10	02:44:59.215	0.86536				2
2025.09.10	02:45:01.568	0.86534	0.86535			6
2025.09.10	02:45:19.950	0.86535	0.86536			6
2025.09.10	02:45:22.186	0.86534	0.86535			6
2025.09.10	02:45:27.688	0.86535	0.86536			6
2025.09.10	02:45:52.441	0.86537	0.86539			6
2025.09.10	02:45:52.824	0.86538				2
2025.09.10	02:45:56.108	0.86537				2
2025.09.10	02:45:57.179	0.86538				2
2025.09.10	02:46:00.457	0.86537	0.86538			6
2025.09.10	02:46:01.193	0.86538	0.86539			6
2025.09.10	02:46:20.548	0.86537	0.86538			6
2025.09.10	02:46:22.337	0.86538	0.86539			6
2025.09.10	02:46:34.437	0.86539	0.86540			6
2025.09.10	02:46:53.069	0.86540	0.86541			6
2025.09.10	02:47:00.114	0.86540				2
2025.09.10	02:47:04.197	0.86539	0.86540			6
2025.09.10	02:47:45.866	0.86540	0.86541			6
2025.09.10	02:47:47.120	0.86539	0.86540			6
2025.09.10	02:47:48.266	0.86540	0.86541			6
2025.09.10	02:47:52.966	0.86539	0.86540			6
2025.09.10	02:48:00.793	0.86539				2
2025.09.10	02:48:35.352	0.86541	0.86542			6
2025.09.10	02:48:37.989	0.86540	0.86541			6
2025.09.10	02:48:48.773	0.86539	0.86540			6
2025.09.10	02:48:52.356	0.86540	0.86541			6
2025.09.10	02:48:53.662	0.86539	0.86540			6
2025.09.10	02:48:55.296	0.86540	0.86541			6
2025.09.10	02:48:55.785	0.86539	0.86540			6
2025.09.10	02:49:00.320	0.86539				2
2025.09.10	02:49:04.350	0.86540	0.86541			6
2025.09.10	02:49:07.576	0.86539	0.86540			6
2025.09.10	02:49:13.546	0.86540	0.86541			6
2025.09.10	02:49:14.307	0.86539	0.86540			6
2025.09.10	02:49:23.504	0.86538	0.86539			6
2025.09.10	02:49:27.076	0.86539	0.86540			6
2025.09.10	02:49:27.391	0.86541	0.86542			6
2025.09.10	02:49:28.073	0.86542	0.86543			6
2025.09.10	02:49:30.860	0.86545	0.86546			6
2025.09.10	02:49:31.791		0.86547			4
2025.09.10	02:49:48.829		0.86546			4
2025.09.10	02:49:50.487	0.86544				2
2025.09.10	02:50:00.653	0.86544				2
2025.09.10	02:50:08.481	0.86545				2
2025.09.10	02:50:11.076		0.86547			4
2025.09.10	02:50:16.320		0.86546			4
2025.09.10	02:50:16.776	0.86543				2
2025.09.10	02:50:17.079	0.86544	0.86545			6
2025.09.10	02:50:17.390	0.86545	0.86546			6
2025.09.10	02:50:35.377	0.86544	0.86545			6
2025.09.10	02:50:35.892	0.86545	0.86547			6
2025.09.10	02:51:01.612	0.86545				2
2025.09.10	02:51:23.085		0.86548			4
2025.09.10	02:51:33.000	0.86546				2
2025.09.10	02:52:00.906	0.86546				2
2025.09.10	02:52:05.531		0.86547			4
2025.09.10	02:52:07.319	0.86541	0.86542			6
2025.09.10	02:52:07.695	0.86540	0.86541			6
2025.09.10	02:52:08.021	0.86543	0.86544			6
2025.09.10	02:52:08.353	0.86542	0.86543			6
2025.09.10	02:52:17.917	0.86543	0.86544			6
2025.09.10	02:52:21.949	0.86542	0.86543			6
2025.09.10	02:52:23.727		0.86544			4
2025.09.10	02:52:26.681		0.86543			4
2025.09.10	02:52:32.303	0.86541	0.86542			6
2025.09.10	02:52:42.205	0.86543	0.86544			6
2025.09.10	02:52:43.933	0.86545	0.86546			6
2025.09.10	02:52:44.571	0.86544				2
2025.09.10	02:52:54.405		0.86545			4
2025.09.10	02:53:03.554	0.86544				2
2025.09.10	02:53:32.872		0.86546			4
2025.09.10	02:53:37.260	0.86545				2
2025.09.10	02:53:37.738	0.86544				2
2025.09.10	02:53:45.416	0.86545				2
2025.09.10	02:53:47.066	0.86544				2
2025.09.10	02:53:50.465		0.86545			4
2025.09.10	02:54:00.651	0.86544				2
2025.09.10	02:54:12.427	0.86543	0.86544			6
2025.09.10	02:54:14.441	0.86544	0.86545			6
2025.09.10	02:54:28.683	0.86543	0.86544			6
2025.09.10	02:54:33.944	0.86544	0.86545			6
2025.09.10	02:54:34.604	0.86543	0.86544			6
2025.09.10	02:54:38.441	0.86544	0.86545			6
2025.09.10	02:54:50.697	0.86543	0.86544			6
2025.09.10	02:54:56.953	0.86542	0.86543			6
2025.09.10	02:54:57.258	0.86543	0.86544			6
2025.09.10	02:55:04.346	0.86543				2
2025.09.10	02:55:06.004	0.86545	0.86546			6
2025.09.10	02:55:16.671	0.86546	0.86547			6
2025.09.10	02:55:30.028	0.86544	0.86546			6
2025.09.10	02:55:30.336	0.86545				2
2025.09.10	02:55:33.291	0.86544				2
2025.09.10	02:55:36.753	0.86545	0.86547			6
2025.09.10	02:55:37.179	0.86548	0.86550			6
2025.09.10	02:55:38.315	0.86549				2
2025.09.10	02:55:40.676	0.86551	0.86552			6
2025.09.10	02:55:42.647		0.86553			4
2025.09.10	02:55:44.508	0.86550	0.86552			6
2025.09.10	02:55:57.118	0.86551				2
2025.09.10	02:55:57.965	0.86550				2
2025.09.10	02:56:00.744	0.86550				2
2025.09.10	02:56:05.907	0.86549	0.86551			6
2025.09.10	02:56:08.374	0.86550				2
2025.09.10	02:56:09.837	0.86549				2
2025.09.10	02:56:10.217		0.86550			4
2025.09.10	02:56:10.715	0.86550	0.86551			6
2025.09.10	02:56:13.480	0.86549	0.86550			6
2025.09.10	02:56:17.621	0.86550	0.86551			6
2025.09.10	02:56:18.549	0.86549	0.86550			6
2025.09.10	02:56:19.465	0.86550	0.86551			6
2025.09.10	02:56:19.809	0.86551	0.86552			6
2025.09.10	02:56:25.190	0.86550				2
2025.09.10	02:56:26.031	0.86549				2
2025.09.10	02:56:27.432	0.86550				2
2025.09.10	02:56:34.137	0.86548	0.86550			6
2025.09.10	02:56:35.189		0.86551			4
2025.09.10	02:56:35.629		0.86550			4
2025.09.10	02:56:42.861	0.86549				2
2025.09.10	02:56:45.421		0.86551			4
2025.09.10	02:56:57.963	0.86548				2
2025.09.10	02:57:00.316	0.86548				2
2025.09.10	02:57:01.218		0.86550			4
2025.09.10	02:57:09.530	0.86549				2
2025.09.10	02:57:12.715	0.86548				2
2025.09.10	02:57:20.372	0.86549	0.86551			6
2025.09.10	02:57:27.818		0.86552			4
2025.09.10	02:57:30.153	0.86548	0.86551			6
2025.09.10	02:57:30.462		0.86550			4
2025.09.10	02:57:31.459		0.86551			4
2025.09.10	02:57:34.003	0.86549				2
2025.09.10	02:57:35.883		0.86550			4
2025.09.10	02:57:36.885	0.86548				2
2025.09.10	02:57:42.785		0.86551			4
2025.09.10	02:57:43.143	0.86550	0.86552			6
2025.09.10	02:57:45.261	0.86549				2
2025.09.10	02:57:48.396	0.86550				2
2025.09.10	02:57:51.095	0.86549				2
2025.09.10	02:57:51.418	0.86550				2
2025.09.10	02:58:00.353	0.86550				2
2025.09.10	02:58:23.878		0.86553			4
2025.09.10	02:58:24.223	0.86551				2
2025.09.10	02:58:25.693	0.86552				2
2025.09.10	02:58:30.550	0.86550	0.86552			6
2025.09.10	02:58:30.878	0.86551				2
2025.09.10	02:58:31.692	0.86550				2
2025.09.10	02:58:33.171		0.86553			4
2025.09.10	02:58:40.502	0.86551				2
2025.09.10	02:58:51.286	0.86552	0.86554			6
2025.09.10	02:58:51.675	0.86551	0.86553			6
2025.09.10	02:58:54.378	0.86553	0.86554			6
2025.09.10	02:58:54.700	0.86552				2
2025.09.10	02:58:55.666	0.86551	0.86553			6
2025.09.10	02:58:56.349	0.86550				2
2025.09.10	02:58:56.652	0.86551				2
2025.09.10	02:58:57.121	0.86550				2
2025.09.10	02:58:58.944		0.86552			4
2025.09.10	02:59:00.381	0.86550	0.86553			6
2025.09.10	02:59:16.273	0.86551	0.86554			6
2025.09.10	02:59:16.578	0.86550	0.86553			6
2025.09.10	02:59:19.894	0.86551	0.86554			6
2025.09.10	02:59:20.198	0.86553	0.86555			6
2025.09.10	02:59:20.521		0.86554			4
2025.09.10	02:59:21.239	0.86551				2
2025.09.10	02:59:22.370		0.86553			4
2025.09.10	02:59:29.089	0.86550				2
2025.09.10	02:59:30.225	0.86551				2
2025.09.10	02:59:33.171	0.86552	0.86554			6
2025.09.10	02:59:36.052		0.86555			4
2025.09.10	02:59:36.416	0.86553	0.86554			6
2025.09.10	02:59:39.628	0.86552				2
2025.09.10	02:59:40.038	0.86553				2
2025.09.10	02:59:40.832	0.86552				2
2025.09.10	02:59:41.189	0.86553				2
2025.09.10	02:59:44.013	0.86552				2
2025.09.10	02:59:46.509	0.86553				2
2025.09.10	02:59:46.849	0.86552				2
2025.09.10	02:59:49.378	0.86553	0.86555			6
2025.09.10	02:59:54.350	0.86554				2
2025.09.10	02:59:54.661	0.86555	0.86557			6
2025.09.10	02:59:55.488	0.86551	0.86553			6
2025.09.10	02:59:55.797	0.86552				2
2025.09.10	02:59:57.206	0.86551	0.86552			6
2025.09.10	02:59:59.141		0.86553			4
2025.09.10	03:00:00.281	0.86552	0.86554			6
2025.09.10	03:00:00.601	0.86553	0.86555			6
2025.09.10	03:00:02.155		0.86554			4
2025.09.10	03:00:02.584		0.86556			4
2025.09.10	03:00:02.920	0.86554				2
2025.09.10	03:00:03.644	0.86555	0.86558			6
2025.09.10	03:00:04.076	0.86554	0.86557			6
2025.09.10	03:00:04.617	0.86555				2
2025.09.10	03:00:05.375	0.86556				2
2025.09.10	03:00:05.678		0.86558			4
2025.09.10	03:00:06.302	0.86554	0.86555			6
2025.09.10	03:00:09.878	0.86553				2
2025.09.10	03:00:10.207		0.86554			4
2025.09.10	03:00:12.712		0.86555			4
2025.09.10	03:00:13.371	0.86554				2
2025.09.10	03:00:13.676		0.86556			4
2025.09.10	03:00:14.347	0.86552	0.86553			6
2025.09.10	03:00:14.917	0.86551				2
2025.09.10	03:00:19.302	0.86552	0.86554			6
2025.09.10	03:00:20.711	0.86553				2
2025.09.10	03:00:22.649	0.86552				2
2025.09.10	03:00:25.853	0.86551	0.86553			6
2025.09.10	03:00:29.242	0.86552				2
2025.09.10	03:00:29.781	0.86551				2
2025.09.10	03:00:35.333	0.86552				2
2025.09.10	03:00:35.718	0.86554	0.86556			6
2025.09.10	03:00:37.187	0.86553	0.86554			6
2025.09.10	03:00:37.872		0.86555			4
2025.09.10	03:00:38.622	0.86552				2
2025.09.10	03:00:39.303	0.86553				2
2025.09.10	03:00:45.148		0.86554			4
2025.09.10	03:00:45.462	0.86554	0.86556			6
2025.09.10	03:00:45.820	0.86553	0.86555			6
2025.09.10	03:00:46.123	0.86552	0.86554			6
2025.09.10	03:00:47.393	0.86550	0.86553			6
2025.09.10	03:00:48.126	0.86549				2
2025.09.10	03:00:48.642		0.86552			4
2025.09.10	03:00:55.379		0.86551			4
2025.09.10	03:00:55.726	0.86548	0.86550			6
2025.09.10	03:00:56.040	0.86544	0.86546			6
2025.09.10	03:00:56.383	0.86542	0.86545			6
2025.09.10	03:00:56.685		0.86544			4
2025.09.10	03:00:57.001	0.86543	0.86545			6
2025.09.10	03:00:57.399	0.86542				2
2025.09.10	03:00:58.934		0.86544			4
2025.09.10	03:00:59.902	0.86543	0.86545			6
2025.09.10	03:01:00.219	0.86541	0.86543			6
2025.09.10	03:01:00.547		0.86542			4
2025.09.10	03:01:01.403		0.86543			4
2025.09.10	03:01:03.312	0.86543	0.86545			6
2025.09.10	03:01:04.350	0.86544	0.86547			6
2025.09.10	03:01:06.714	0.86545				2
2025.09.10	03:01:08.090	0.86544				2
2025.09.10	03:01:09.133	0.86545				2
2025.09.10	03:01:09.952		0.86548			4
2025.09.10	03:01:14.217	0.86546				2
2025.09.10	03:01:14.570	0.86545				2
2025.09.10	03:01:15.221	0.86546				2
2025.09.10	03:01:17.874	0.86545				2
2025.09.10	03:01:25.115		0.86547			4
2025.09.10	03:01:27.660		0.86549			4
2025.09.10	03:01:27.975	0.86544	0.86546			6
2025.09.10	03:01:30.652	0.86545				2
2025.09.10	03:01:39.358	0.86544				2
2025.09.10	03:01:40.200	0.86545				2
