<DATE>	<TIME>	<BID>	<ASK>	<LAST>	<VOLUME>	<FLAGS>
2025.06.02	00:03:31.058	0.84218	0.84377			6
2025.06.02	00:04:10.579	0.84218				2
2025.06.02	00:04:14.967		0.84371			4
2025.06.02	00:04:19.739	0.84217				2
2025.06.02	00:04:49.370		0.84360			4
2025.06.02	00:05:02.125	0.84217				2
2025.06.02	00:05:44.368		0.84354			4
2025.06.02	00:06:05.241	0.84217				2
2025.06.02	00:06:48.246	0.84218	0.84354			6
2025.06.02	00:06:53.305	0.84222				2
2025.06.02	00:07:06.782	0.84222				2
2025.06.02	00:07:13.242	0.84248	0.84335			6
2025.06.02	00:07:34.820	0.84250				2
2025.06.02	00:08:03.311	0.84250				2
2025.06.02	00:08:16.785		0.84335			4
2025.06.02	00:08:18.681	0.84244	0.84322			6
2025.06.02	00:08:19.311	0.84250				2
2025.06.02	00:08:20.302	0.84244				2
2025.06.02	00:08:25.305	0.84250				2
2025.06.02	00:08:34.386	0.84247				2
2025.06.02	00:09:02.132	0.84247				2
2025.06.02	00:09:18.694		0.84322			4
2025.06.02	00:10:00.422	0.84247	0.84309			6
2025.06.02	00:10:01.538	0.84245	0.84320			6
2025.06.02	00:10:03.622		0.84324			4
2025.06.02	00:10:21.052	0.84246	0.84323			6
2025.06.02	00:10:27.460		0.84322			4
2025.06.02	00:10:30.525	0.84245	0.84323			6
2025.06.02	00:10:31.359	0.84258	0.84329			6
2025.06.02	00:10:31.665	0.84260	0.84331			6
2025.06.02	00:10:34.663	0.84261				2
2025.06.02	00:10:36.766	0.84262	0.84332			6
2025.06.02	00:10:39.408		0.84322			4
2025.06.02	00:10:41.861	0.84263				2
2025.06.02	00:10:42.466	0.84264				2
2025.06.02	00:10:50.676	0.84265				2
2025.06.02	00:10:52.662	0.84264				2
2025.06.02	00:10:57.709	0.84265				2
2025.06.02	00:11:00.462	0.84265				2
2025.06.02	00:11:07.061	0.84266				2
2025.06.02	00:11:09.461	0.84265				2
2025.06.02	00:11:17.863	0.84266				2
2025.06.02	00:11:32.712		0.84330			4
2025.06.02	00:11:45.292	0.84267	0.84329			6
2025.06.02	00:11:48.468	0.84259	0.84323			6
2025.06.02	00:12:01.062	0.84259				2
2025.06.02	00:12:01.967		0.84322			4
2025.06.02	00:12:05.569		0.84323			4
2025.06.02	00:12:19.664		0.84322			4
2025.06.02	00:12:20.570	0.84260				2
2025.06.02	00:12:31.376		0.84323			4
2025.06.02	00:12:35.289		0.84322			4
2025.06.02	00:12:52.011		0.84320			4
2025.06.02	00:12:53.329		0.84322			4
2025.06.02	00:12:55.613		0.84323			4
2025.06.02	00:13:00.569	0.84260				2
2025.06.02	00:13:00.938		0.84321			4
2025.06.02	00:13:04.708		0.84320			4
2025.06.02	00:13:14.035		0.84317			4
2025.06.02	00:13:20.561		0.84319			4
2025.06.02	00:13:21.245		0.84320			4
2025.06.02	00:13:25.290		0.84319			4
2025.06.02	00:13:45.672		0.84320			4
2025.06.02	00:13:50.938		0.84319			4
2025.06.02	00:14:00.571	0.84260				2
2025.06.02	00:14:02.091		0.84316			4
2025.06.02	00:14:07.157		0.84319			4
2025.06.02	00:14:10.573	0.84261				2
2025.06.02	00:14:10.962		0.84318			4
2025.06.02	00:14:11.299		0.84319			4
2025.06.02	00:14:12.760		0.84320			4
2025.06.02	00:14:15.293		0.84318			4
2025.06.02	00:14:27.721		0.84315			4
2025.06.02	00:14:30.568		0.84318			4
2025.06.02	00:14:35.324		0.84319			4
2025.06.02	00:14:40.941		0.84318			4
2025.06.02	00:14:44.429		0.84315			4
2025.06.02	00:14:57.028		0.84316			4
2025.06.02	00:15:00.568	0.84261				2
2025.06.02	00:15:00.903		0.84317			4
2025.06.02	00:15:21.780		0.84318			4
2025.06.02	00:15:25.060		0.84317			4
2025.06.02	00:15:33.160		0.84316			4
2025.06.02	00:15:38.862		0.84317			4
2025.06.02	00:15:40.965		0.84316			4
2025.06.02	00:15:50.569		0.84317			4
2025.06.02	00:16:00.569	0.84261				2
2025.06.02	00:16:02.620		0.84316			4
2025.06.02	00:16:10.366		0.84315			4
2025.06.02	00:16:13.073		0.84316			4
2025.06.02	00:16:22.363		0.84315			4
2025.06.02	00:16:26.574		0.84316			4
2025.06.02	00:16:31.456		0.84317			4
2025.06.02	00:16:35.290		0.84316			4
2025.06.02	00:16:37.063		0.84315			4
2025.06.02	00:16:47.471		0.84314			4
2025.06.02	00:16:55.877		0.84315			4
2025.06.02	00:16:56.943		0.84316			4
2025.06.02	00:17:00.535	0.84261	0.84315			6
2025.06.02	00:17:32.721		0.84314			4
2025.06.02	00:17:41.136		0.84315			4
2025.06.02	00:17:41.943		0.84316			4
2025.06.02	00:17:50.528		0.84315			4
2025.06.02	00:18:00.566	0.84261				2
2025.06.02	00:18:10.567	0.84262				2
2025.06.02	00:18:11.266		0.84316			4
2025.06.02	00:18:11.796		0.84318			4
2025.06.02	00:18:12.103		0.84316			4
2025.06.02	00:18:15.303		0.84315			4
2025.06.02	00:18:17.561		0.84314			4
2025.06.02	00:18:26.948		0.84315			4
2025.06.02	00:18:30.464		0.84316			4
2025.06.02	00:19:02.123	0.84262				2
2025.06.02	00:19:02.426		0.84315			4
2025.06.02	00:19:27.461		0.84316			4
2025.06.02	00:19:40.368		0.84315			4
2025.06.02	00:19:48.767		0.84314			4
2025.06.02	00:19:56.946		0.84315			4
2025.06.02	00:20:00.086	0.84262	0.84316			6
2025.06.02	00:20:00.525		0.84315			4
2025.06.02	00:20:27.725	0.84266	0.84318			6
2025.06.02	00:20:28.068	0.84262	0.84315			6
2025.06.02	00:20:32.521		0.84314			4
2025.06.02	00:20:41.939		0.84316			4
2025.06.02	00:20:50.525		0.84315			4
2025.06.02	00:20:55.140	0.84269	0.84346			6
2025.06.02	00:20:55.720	0.84278	0.84364			6
2025.06.02	00:20:58.346		0.84342			4
2025.06.02	00:20:58.963	0.84266	0.84333			6
2025.06.02	00:20:59.863		0.84334			4
2025.06.02	00:21:01.661	0.84266				2
2025.06.02	00:21:12.669		0.84336			4
2025.06.02	00:21:22.351		0.84365			4
2025.06.02	00:21:23.449		0.84354			4
2025.06.02	00:21:24.463		0.84353			4
2025.06.02	00:21:25.075		0.84352			4
2025.06.02	00:21:25.402	0.84273	0.84377			6
2025.06.02	00:21:25.706	0.84275	0.84372			6
2025.06.02	00:21:26.010		0.84371			4
2025.06.02	00:21:26.319	0.84276				2
2025.06.02	00:21:26.622	0.84279	0.84368			6
2025.06.02	00:21:26.939	0.84282	0.84365			6
2025.06.02	00:21:28.179	0.84281	0.84366			6
2025.06.02	00:21:28.480	0.84280				2
2025.06.02	00:21:29.418	0.84281				2
2025.06.02	00:21:29.720	0.84280	0.84365			6
2025.06.02	00:21:30.025		0.84367			4
2025.06.02	00:21:30.339	0.84282				2
2025.06.02	00:21:30.639	0.84280				2
2025.06.02	00:21:31.265		0.84365			4
2025.06.02	00:21:31.573	0.84281				2
2025.06.02	00:21:32.185		0.84366			4
2025.06.02	00:21:32.499		0.84367			4
2025.06.02	00:21:32.802	0.84280				2
2025.06.02	00:21:33.738	0.84281				2
2025.06.02	00:21:34.046	0.84279				2
2025.06.02	00:21:34.359	0.84286	0.84360			6
2025.06.02	00:21:34.662		0.84361			4
2025.06.02	00:21:35.284		0.84360			4
2025.06.02	00:21:35.590		0.84361			4
2025.06.02	00:21:35.900	0.84278	0.84369			6
2025.06.02	00:21:36.208	0.84277	0.84370			6
2025.06.02	00:21:36.519	0.84279	0.84367			6
2025.06.02	00:21:36.821	0.84277	0.84369			6
2025.06.02	00:21:37.141	0.84279	0.84368			6
2025.06.02	00:21:37.751	0.84280				2
2025.06.02	00:21:38.058	0.84281	0.84366			6
2025.06.02	00:21:38.366		0.84368			4
2025.06.02	00:21:38.679	0.84280				2
2025.06.02	00:21:38.980		0.84366			4
2025.06.02	00:21:39.283	0.84279	0.84367			6
2025.06.02	00:21:39.599	0.84281	0.84366			6
2025.06.02	00:21:40.219	0.84279	0.84367			6
2025.06.02	00:21:40.521		0.84366			4
2025.06.02	00:21:40.827		0.84367			4
2025.06.02	00:21:41.139	0.84281	0.84366			6
2025.06.02	00:21:41.441	0.84279	0.84367			6
2025.06.02	00:21:41.758		0.84368			4
2025.06.02	00:21:42.063	0.84280	0.84367			6
2025.06.02	00:21:42.978		0.84365			4
2025.06.02	00:21:43.285		0.84367			4
2025.06.02	00:21:43.600	0.84281	0.84365			6
2025.06.02	00:21:45.143	0.84286	0.84361			6
2025.06.02	00:21:45.450		0.84360			4
2025.06.02	00:21:45.759	0.84278	0.84368			6
2025.06.02	00:21:46.060	0.84286	0.84360			6
2025.06.02	00:21:46.691	0.84280	0.84367			6
2025.06.02	00:21:47.000	0.84277				2
2025.06.02	00:21:47.306		0.84369			4
2025.06.02	00:21:47.618	0.84280				2
2025.06.02	00:21:47.923		0.84367			4
2025.06.02	00:21:48.238	0.84278	0.84369			6
2025.06.02	00:21:48.851	0.84280				2
2025.06.02	00:21:49.158	0.84278	0.84366			6
2025.06.02	00:21:49.462	0.84281	0.84368			6
2025.06.02	00:21:49.765	0.84280	0.84366			6
2025.06.02	00:21:50.077	0.84286	0.84362			6
2025.06.02	00:21:50.383	0.84285				2
2025.06.02	00:21:51.019	0.84286				2
2025.06.02	00:21:51.326	0.84285	0.84361			6
2025.06.02	00:21:51.640		0.84362			4
2025.06.02	00:21:51.941	0.84277	0.84370			6
2025.06.02	00:21:52.259	0.84276	0.84368			6
2025.06.02	00:21:52.570	0.84286	0.84360			6
2025.06.02	00:21:52.872	0.84285	0.84361			6
2025.06.02	00:21:53.479		0.84360			4
2025.06.02	00:21:53.785	0.84286				2
2025.06.02	00:21:54.100		0.84361			4
2025.06.02	00:21:54.403	0.84285				2
2025.06.02	00:21:54.721	0.84286				2
2025.06.02	00:21:55.034		0.84360			4
2025.06.02	00:21:55.338		0.84361			4
2025.06.02	00:21:55.645	0.84278	0.84371			6
2025.06.02	00:21:55.945		0.84370			4
2025.06.02	00:21:56.260	0.84276	0.84371			6
2025.06.02	00:21:56.561		0.84370			4
2025.06.02	00:21:56.878	0.84277				2
2025.06.02	00:21:57.180	0.84279	0.84367			6
2025.06.02	00:21:57.798	0.84277	0.84369			6
2025.06.02	00:21:58.100	0.84278				2
2025.06.02	00:21:58.718	0.84280				2
2025.06.02	00:21:59.020	0.84278				2
2025.06.02	00:21:59.958	0.84280	0.84367			6
2025.06.02	00:22:00.258	0.84278	0.84366			6
2025.06.02	00:22:00.565		0.84369			4
2025.06.02	00:22:01.179	0.84281	0.84366			6
2025.06.02	00:22:01.483	0.84278	0.84368			6
2025.06.02	00:22:02.410	0.84279	0.84367			6
2025.06.02	00:22:02.718		0.84368			4
2025.06.02	00:22:03.026	0.84278	0.84369			6
2025.06.02	00:22:03.338	0.84279	0.84368			6
2025.06.02	00:22:04.258	0.84277	0.84369			6
2025.06.02	00:22:05.163	0.84278	0.84367			6
2025.06.02	00:22:05.470	0.84277	0.84369			6
2025.06.02	00:22:06.079	0.84279	0.84368			6
2025.06.02	00:22:06.389		0.84367			4
2025.06.02	00:22:06.700	0.84278				2
2025.06.02	00:22:07.003	0.84279				2
2025.06.02	00:22:07.318	0.84278	0.84369			6
2025.06.02	00:22:07.924	0.84279				2
2025.06.02	00:22:08.240		0.84368			4
2025.06.02	00:22:08.549	0.84277	0.84369			6
2025.06.02	00:22:08.860	0.84279				2
2025.06.02	00:22:09.163	0.84277				2
2025.06.02	00:22:09.480	0.84279	0.84367			6
2025.06.02	00:22:09.787	0.84285	0.84366			6
2025.06.02	00:22:10.099		0.84362			4
2025.06.02	00:22:11.940	0.84287	0.84359			6
2025.06.02	00:22:15.741	0.84281	0.84365			6
2025.06.02	00:22:16.546	0.84280	0.84367			6
2025.06.02	00:22:17.170	0.84282				2
2025.06.02	00:22:17.485	0.84281	0.84365			6
2025.06.02	00:22:17.786	0.84279	0.84367			6
2025.06.02	00:22:18.099	0.84280	0.84365			6
2025.06.02	00:22:18.400		0.84367			4
2025.06.02	00:22:18.703	0.84279				2
2025.06.02	00:22:19.020	0.84280				2
2025.06.02	00:22:19.324		0.84365			4
2025.06.02	00:22:19.642	0.84282	0.84367			6
2025.06.02	00:22:19.945		0.84365			4
2025.06.02	00:22:20.246	0.84279	0.84367			6
2025.06.02	00:22:20.859	0.84282	0.84365			6
2025.06.02	00:22:21.481	0.84279	0.84367			6
2025.06.02	00:22:21.783	0.84282	0.84365			6
2025.06.02	00:22:22.098	0.84280				2
2025.06.02	00:22:22.405		0.84367			4
2025.06.02	00:22:22.718	0.84279				2
2025.06.02	00:22:23.021	0.84280				2
2025.06.02	00:22:23.341	0.84279	0.84365			6
2025.06.02	00:22:23.658	0.84282				2
2025.06.02	00:22:23.965	0.84280	0.84367			6
2025.06.02	00:22:25.198	0.84282	0.84365			6
2025.06.02	00:22:25.499		0.84367			4
2025.06.02	00:22:25.812		0.84365			4
2025.06.02	00:22:26.438	0.84280	0.84367			6
2025.06.02	00:22:26.739		0.84365			4
2025.06.02	00:22:27.040		0.84367			4
2025.06.02	00:22:28.281	0.84282	0.84364			6
2025.06.02	00:22:28.904	0.84280	0.84367			6
2025.06.02	00:22:29.826	0.84282				2
2025.06.02	00:22:30.138	0.84280				2
2025.06.02	00:22:30.440	0.84282				2
2025.06.02	00:22:30.752		0.84364			4
2025.06.02	00:22:31.061	0.84280	0.84367			6
2025.06.02	00:22:31.695	0.84282				2
2025.06.02	00:22:31.998	0.84280				2
2025.06.02	00:22:32.303	0.84282	0.84365			6
2025.06.02	00:22:32.610		0.84364			4
2025.06.02	00:22:33.222	0.84280	0.84367			6
2025.06.02	00:22:34.463	0.84282				2
2025.06.02	00:22:35.384		0.84365			4
2025.06.02	00:22:35.699	0.84280	0.84367			6
2025.06.02	00:22:36.007	0.84282	0.84365			6
2025.06.02	00:22:36.311		0.84367			4
2025.06.02	00:22:36.925	0.84280				2
2025.06.02	00:22:37.239		0.84366			4
2025.06.02	00:22:37.557		0.84364			4
2025.06.02	00:22:37.871	0.84282	0.84365			6
2025.06.02	00:22:38.177		0.84364			4
2025.06.02	00:22:38.478		0.84366			4
2025.06.02	00:22:38.789		0.84365			4
2025.06.02	00:22:39.101	0.84280	0.84367			6
2025.06.02	00:22:39.419	0.84282	0.84365			6
2025.06.02	00:22:39.733		0.84364			4
2025.06.02	00:22:40.038	0.84280	0.84367			6
2025.06.02	00:22:40.640	0.84282	0.84364			6
2025.06.02	00:22:40.950		0.84367			4
2025.06.02	00:22:41.560		0.84365			4
2025.06.02	00:22:41.877	0.84280	0.84367			6
2025.06.02	00:22:42.495	0.84282	0.84365			6
2025.06.02	00:22:42.798	0.84281				2
2025.06.02	00:22:43.105	0.84280	0.84367			6
2025.06.02	00:22:43.405	0.84282	0.84365			6
2025.06.02	00:22:43.720		0.84364			4
2025.06.02	00:22:44.023	0.84280	0.84367			6
2025.06.02	00:22:44.638	0.84282	0.84364			6
2025.06.02	00:22:44.940	0.84280	0.84367			6
2025.06.02	00:22:45.243		0.84365			4
2025.06.02	00:22:45.560	0.84282	0.84364			6
2025.06.02	00:22:45.865	0.84280	0.84367			6
2025.06.02	00:22:47.412		0.84368			4
2025.06.02	00:22:47.719	0.84279				2
2025.06.02	00:22:48.020	0.84280	0.84366			6
2025.06.02	00:22:48.326	0.84279	0.84368			6
2025.06.02	00:22:49.559		0.84366			4
2025.06.02	00:22:49.872	0.84280	0.84368			6
2025.06.02	00:22:50.179	0.84279	0.84366			6
2025.06.02	00:22:50.490		0.84368			4
2025.06.02	00:22:51.421		0.84366			4
2025.06.02	00:22:52.051		0.84368			4
2025.06.02	00:22:52.977	0.84280	0.84366			6
2025.06.02	00:22:53.898		0.84368			4
2025.06.02	00:22:54.211		0.84366			4
2025.06.02	00:22:54.822	0.84279	0.84368			6
2025.06.02	00:22:55.455	0.84280	0.84366			6
2025.06.02	00:22:55.761	0.84279				2
2025.06.02	00:22:56.070	0.84280	0.84368			6
2025.06.02	00:22:56.681		0.84367			4
2025.06.02	00:22:56.983	0.84282	0.84365			6
2025.06.02	00:22:57.300	0.84279	0.84367			6
2025.06.02	00:22:57.615	0.84282	0.84365			6
2025.06.02	00:22:57.920	0.84280				2
2025.06.02	00:22:58.227	0.84282	0.84367			6
2025.06.02	00:22:58.540		0.84365			4
2025.06.02	00:22:58.841	0.84280	0.84367			6
2025.06.02	00:22:59.158	0.84282				2
2025.06.02	00:22:59.473		0.84365			4
2025.06.02	00:22:59.778		0.84367			4
2025.06.02	00:23:00.091	0.84280				2
2025.06.02	00:23:00.398	0.84282				2
2025.06.02	00:23:00.699		0.84365			4
2025.06.02	00:23:01.000		0.84367			4
2025.06.02	00:23:01.303	0.84280				2
2025.06.02	00:23:01.618	0.84282	0.84365			6
2025.06.02	00:23:03.161	0.84279	0.84367			6
2025.06.02	00:23:03.481	0.84280	0.84365			6
2025.06.02	00:23:03.799	0.84282				2
2025.06.02	00:23:04.118	0.84280	0.84367			6
2025.06.02	00:23:05.038	0.84279				2
2025.06.02	00:23:05.350	0.84282				2
2025.06.02	00:23:05.660	0.84280				2
2025.06.02	00:23:05.962	0.84282				2
2025.06.02	00:23:06.266		0.84365			4
2025.06.02	00:23:06.579		0.84367			4
2025.06.02	00:23:06.879		0.84365			4
2025.06.02	00:23:07.199	0.84279	0.84367			6
2025.06.02	00:23:07.501	0.84280	0.84365			6
2025.06.02	00:23:07.813	0.84282	0.84367			6
2025.06.02	00:23:08.118	0.84280				2
2025.06.02	00:23:08.428	0.84282	0.84365			6
2025.06.02	00:23:09.042	0.84280	0.84367			6
2025.06.02	00:23:09.359	0.84282	0.84365			6
2025.06.02	00:23:11.218	0.84280	0.84367			6
2025.06.02	00:23:11.520	0.84279	0.84365			6
2025.06.02	00:23:11.835	0.84282	0.84364			6
2025.06.02	00:23:12.138		0.84367			4
2025.06.02	00:23:12.438	0.84280	0.84364			6
2025.06.02	00:23:12.748		0.84367			4
2025.06.02	00:23:13.678	0.84282	0.84364			6
2025.06.02	00:23:13.980	0.84280	0.84367			6
2025.06.02	00:23:14.283	0.84282				2
2025.06.02	00:23:14.901		0.84364			4
2025.06.02	00:23:15.208		0.84367			4
2025.06.02	00:23:15.519		0.84364			4
2025.06.02	00:23:16.139		0.84367			4
2025.06.02	00:23:16.758		0.84365			4
2025.06.02	00:23:17.066		0.84367			4
2025.06.02	00:23:17.378	0.84280				2
2025.06.02	00:23:18.618	0.84282	0.84364			6
2025.06.02	00:23:18.927	0.84280	0.84367			6
2025.06.02	00:23:19.238	0.84282	0.84365			6
2025.06.02	00:23:19.541	0.84280	0.84367			6
2025.06.02	00:23:26.762		0.84366			4
2025.06.02	00:23:27.461		0.84367			4
2025.06.02	00:23:32.705	0.84279	0.84368			6
2025.06.02	00:23:36.844		0.84367			4
2025.06.02	00:23:38.260		0.84368			4
2025.06.02	00:23:41.952		0.84367			4
2025.06.02	00:23:46.660	0.84280				2
2025.06.02	00:23:58.069		0.84366			4
2025.06.02	00:24:01.334	0.84280	0.84367			6
2025.06.02	00:24:17.555	0.84279	0.84368			6
2025.06.02	00:24:26.784		0.84367			4
2025.06.02	00:24:28.663	0.84280				2
2025.06.02	00:24:48.763		0.84366			4
2025.06.02	00:24:49.971	0.84281				2
2025.06.02	00:24:55.017		0.84365			4
2025.06.02	00:24:56.047		0.84366			4
2025.06.02	00:24:56.866		0.84365			4
2025.06.02	00:25:02.132	0.84280	0.84367			6
2025.06.02	00:25:10.803	0.84279				2
2025.06.02	00:25:11.943	0.84280	0.84366			6
2025.06.02	00:25:15.319	0.84281				2
2025.06.02	00:25:19.263	0.84284	0.84363			6
2025.06.02	00:25:19.680		0.84362			4
2025.06.02	00:25:26.941	0.84286	0.84360			6
2025.06.02	00:25:32.200	0.84288	0.84358			6
2025.06.02	00:25:33.055	0.84273	0.84344			6
2025.06.02	00:25:37.586	0.84283	0.84346			6
2025.06.02	00:25:45.989	0.84294	0.84363			6
2025.06.02	00:25:47.653	0.84293	0.84364			6
2025.06.02	00:25:49.360	0.84292	0.84348			6
2025.06.02	00:25:54.466		0.84364			4
2025.06.02	00:25:56.949	0.84293	0.84363			6
2025.06.02	00:26:02.561	0.84293				2
2025.06.02	00:26:10.824	0.84290	0.84362			6
2025.06.02	00:26:11.945	0.84291				2
2025.06.02	00:26:13.964	0.84283	0.84346			6
2025.06.02	00:26:17.008	0.84286	0.84347			6
2025.06.02	00:26:17.564		0.84346			4
2025.06.02	00:26:28.070		0.84347			4
2025.06.02	00:26:32.508		0.84345			4
2025.06.02	00:26:40.049		0.84348			4
2025.06.02	00:26:45.145		0.84350			4
2025.06.02	00:26:55.874		0.84349			4
2025.06.02	00:26:57.461	0.84296	0.84364			6
2025.06.02	00:27:03.171	0.84296				2
2025.06.02	00:27:26.941	0.84297	0.84363			6
2025.06.02	00:27:37.056	0.84298	0.84362			6
2025.06.02	00:27:42.360	0.84299	0.84361			6
2025.06.02	00:28:00.568	0.84299				2
2025.06.02	00:28:10.973		0.84363			4
2025.06.02	00:28:11.942	0.84300	0.84362			6
2025.06.02	00:28:19.063	0.84299	0.84360			6
2025.06.02	00:28:19.965		0.84361			4
2025.06.02	00:28:22.065	0.84300				2
2025.06.02	00:28:47.452	0.84299				2
2025.06.02	00:28:49.067		0.84362			4
2025.06.02	00:28:50.882		0.84361			4
2025.06.02	00:28:56.942	0.84300				2
2025.06.02	00:28:59.798	0.84293	0.84354			6
2025.06.02	00:29:00.160	0.84292	0.84353			6
2025.06.02	00:29:00.568	0.84291				2
2025.06.02	00:29:13.071	0.84292				2
2025.06.02	00:29:17.865		0.84352			4
2025.06.02	00:29:56.947		0.84353			4
2025.06.02	00:29:58.962		0.84354			4
2025.06.02	00:30:00.305	0.84292				2
2025.06.02	00:30:17.550		0.84352			4
2025.06.02	00:30:24.463	0.84293				2
2025.06.02	00:30:26.266	0.84292				2
2025.06.02	00:30:26.949		0.84353			4
2025.06.02	00:31:02.397	0.84293	0.84352			6
2025.06.02	00:31:11.946	0.84292	0.84353			6
2025.06.02	00:31:19.921		0.84352			4
2025.06.02	00:31:49.661	0.84293				2
2025.06.02	00:32:00.377	0.84293				2
2025.06.02	00:32:21.068		0.84352			4
2025.06.02	00:32:49.062		0.84353			4
2025.06.02	00:33:05.635	0.84293				2
2025.06.02	00:33:28.506	0.84292	0.84357			6
2025.06.02	00:33:31.286		0.84355			4
2025.06.02	00:33:42.476		0.84356			4
2025.06.02	00:34:00.635	0.84292				2
2025.06.02	00:34:17.413		0.84355			4
2025.06.02	00:34:34.465	0.84302	0.84361			6
2025.06.02	00:34:41.260		0.84360			4
2025.06.02	00:35:02.123	0.84302				2
2025.06.02	00:35:20.260		0.84361			4
2025.06.02	00:35:32.224	0.84301	0.84360			6
2025.06.02	00:35:55.660		0.84359			4
2025.06.02	00:36:02.704	0.84301				2
2025.06.02	00:36:06.299	0.84303	0.84357			6
2025.06.02	00:36:08.725	0.84292	0.84352			6
2025.06.02	00:36:09.466	0.84297				2
2025.06.02	00:36:11.676	0.84302	0.84356			6
2025.06.02	00:36:32.836	0.84307	0.84358			6
2025.06.02	00:36:34.725		0.84357			4
2025.06.02	00:36:36.463		0.84356			4
2025.06.02	00:36:44.567		0.84357			4
2025.06.02	00:36:54.075	0.84312	0.84361			6
2025.06.02	00:37:00.567	0.84312				2
2025.06.02	00:37:02.327	0.84313	0.84362			6
2025.06.02	00:37:03.171		0.84363			4
2025.06.02	00:37:12.647	0.84315	0.84367			6
2025.06.02	00:37:20.571	0.84316				2
2025.06.02	00:37:23.951	0.84318	0.84371			6
2025.06.02	00:37:31.348	0.84322	0.84374			6
2025.06.02	00:37:53.220	0.84323	0.84375			6
2025.06.02	00:37:57.464	0.84324	0.84376			6
2025.06.02	00:38:01.060	0.84324				2
2025.06.02	00:38:01.766	0.84317	0.84368			6
2025.06.02	00:38:03.697	0.84313	0.84365			6
2025.06.02	00:38:07.070	0.84310	0.84361			6
2025.06.02	00:38:08.518	0.84301	0.84360			6
2025.06.02	00:38:10.662	0.84300	0.84361			6
2025.06.02	00:38:18.812	0.84292	0.84360			6
2025.06.02	00:38:33.465		0.84359			4
2025.06.02	00:38:36.088		0.84362			4
2025.06.02	00:38:36.512	0.84286	0.84364			6
2025.06.02	00:38:36.896		0.84363			4
2025.06.02	00:38:38.082		0.84365			4
2025.06.02	00:38:52.074	0.84309				2
2025.06.02	00:38:54.366	0.84308	0.84366			6
2025.06.02	00:38:56.641	0.84286				2
2025.06.02	00:38:57.713		0.84364			4
2025.06.02	00:38:59.316		0.84365			4
2025.06.02	00:39:00.571	0.84286	0.84366			6
2025.06.02	00:39:30.761		0.84367			4
2025.06.02	00:39:37.621		0.84365			4
2025.06.02	00:39:38.728		0.84363			4
2025.06.02	00:39:40.569		0.84364			4
2025.06.02	00:39:51.760	0.84292	0.84365			6
2025.06.02	00:39:59.378		0.84366			4
2025.06.02	00:40:05.564	0.84292				2
2025.06.02	00:40:08.726		0.84365			4
2025.06.02	00:40:09.763		0.84366			4
2025.06.02	00:40:44.223		0.84367			4
2025.06.02	00:40:53.734		0.84366			4
2025.06.02	00:40:57.558		0.84365			4
2025.06.02	00:41:01.061	0.84292				2
2025.06.02	00:41:50.860		0.84366			4
2025.06.02	00:41:54.764		0.84365			4
2025.06.02	00:42:06.038	0.84292				2
2025.06.02	00:42:14.861		0.84366			4
2025.06.02	00:42:46.061		0.84367			4
2025.06.02	00:43:00.578	0.84292				2
2025.06.02	00:43:18.761		0.84366			4
2025.06.02	00:43:31.601		0.84365			4
2025.06.02	00:43:33.163		0.84366			4
2025.06.02	00:43:36.511		0.84367			4
2025.06.02	00:43:54.880		0.84370			4
2025.06.02	00:43:57.628		0.84369			4
2025.06.02	00:44:00.219	0.84292	0.84367			6
2025.06.02	00:44:25.097		0.84369			4
2025.06.02	00:44:31.954		0.84367			4
2025.06.02	00:44:42.762		0.84368			4
2025.06.02	00:44:48.123		0.84367			4
2025.06.02	00:44:57.392		0.84368			4
2025.06.02	00:45:00.870	0.84292				2
2025.06.02	00:45:02.209	0.84310	0.84378			6
2025.06.02	00:45:04.372	0.84292	0.84368			6
2025.06.02	00:45:09.048	0.84304	0.84356			6
2025.06.02	00:45:09.422		0.84355			4
2025.06.02	00:45:15.310		0.84356			4
2025.06.02	00:45:15.727		0.84357			4
2025.06.02	00:45:19.617		0.84359			4
2025.06.02	00:45:21.161		0.84358			4
2025.06.02	00:45:28.978		0.84356			4
2025.06.02	00:45:30.057		0.84357			4
2025.06.02	00:45:36.315		0.84358			4
2025.06.02	00:45:46.367		0.84357			4
2025.06.02	00:45:52.662		0.84358			4
2025.06.02	00:46:00.570	0.84304				2
2025.06.02	00:46:07.963		0.84357			4
2025.06.02	00:46:17.866		0.84358			4
2025.06.02	00:46:33.763		0.84357			4
2025.06.02	00:46:39.376		0.84358			4
2025.06.02	00:47:01.962	0.84324	0.84368			6
2025.06.02	00:47:04.390	0.84304	0.84358			6
2025.06.02	00:47:15.718		0.84359			4
2025.06.02	00:47:16.061		0.84358			4
2025.06.02	00:47:47.573		0.84359			4
2025.06.02	00:47:58.478		0.84358			4
2025.06.02	00:48:04.366	0.84304				2
2025.06.02	00:48:23.379		0.84359			4
2025.06.02	00:48:50.978	0.84292				2
2025.06.02	00:49:03.063	0.84304				2
2025.06.02	00:49:19.949		0.84358			4
2025.06.02	00:49:30.028	0.84300				2
2025.06.02	00:49:31.961		0.84357			4
2025.06.02	00:49:39.819		0.84358			4
2025.06.02	00:49:55.961		0.84357			4
2025.06.02	00:50:03.757	0.84300				2
2025.06.02	00:50:08.724	0.84302	0.84361			6
2025.06.02	00:50:31.962		0.84362			4
2025.06.02	00:51:02.127	0.84302				2
2025.06.02	00:51:06.775	0.84304				2
2025.06.02	00:51:38.261		0.84362			4
2025.06.02	00:51:44.524		0.84376			4
2025.06.02	00:51:53.767		0.84375			4
2025.06.02	00:52:03.390	0.84304	0.84376			6
2025.06.02	00:52:14.566		0.84377			4
2025.06.02	00:53:02.124	0.84304				2
2025.06.02	00:53:12.249	0.84285				2
2025.06.02	00:53:15.779		0.84377			4
2025.06.02	00:53:26.317	0.84306				2
2025.06.02	00:53:33.469	0.84297				2
2025.06.02	00:54:06.160	0.84297				2
2025.06.02	00:54:16.344		0.84377			4
2025.06.02	00:54:23.932		0.84378			4
2025.06.02	00:55:00.390	0.84297	0.84377			6
2025.06.02	00:55:07.977	0.84304	0.84383			6
2025.06.02	00:55:08.482		0.84384			4
2025.06.02	00:55:20.582	0.84305				2
2025.06.02	00:55:50.562		0.84385			4
2025.06.02	00:56:01.717	0.84305				2
2025.06.02	00:56:07.576		0.84384			4
2025.06.02	00:56:17.947	0.84298	0.84380			6
2025.06.02	00:56:18.389	0.84285				2
2025.06.02	00:56:19.067		0.84379			4
2025.06.02	00:56:23.245	0.84284	0.84380			6
2025.06.02	00:56:34.377		0.84379			4
2025.06.02	00:56:45.573		0.84393			4
2025.06.02	00:56:58.867		0.84396			4
2025.06.02	00:57:03.868	0.84292				2
2025.06.02	00:57:47.756		0.84395			4
2025.06.02	00:58:10.581	0.84292				2
2025.06.02	00:58:13.740	0.84293				2
2025.06.02	00:58:38.247		0.84393			4
2025.06.02	00:58:56.260		0.84394			4
2025.06.02	00:59:03.908	0.84293				2
2025.06.02	00:59:19.822		0.84395			4
2025.06.02	00:59:29.038		0.84397			4
2025.06.02	00:59:35.172	0.84262	0.84395			6
2025.06.02	00:59:37.246		0.84394			4
2025.06.02	00:59:53.269		0.84392			4
2025.06.02	00:59:59.211		0.84390			4
2025.06.02	01:00:00.316	0.84262	0.84395			6
2025.06.02	01:00:00.675		0.84396			4
2025.06.02	01:00:01.459		0.84400			4
2025.06.02	01:00:01.781	0.84218				2
2025.06.02	01:00:02.549	0.84343	0.84406			6
2025.06.02	01:00:03.180	0.84352	0.84411			6
2025.06.02	01:00:03.483	0.84336	0.84404			6
2025.06.02	01:00:03.788	0.84341	0.84399			6
2025.06.02	01:00:04.092	0.84340	0.84398			6
2025.06.02	01:00:04.394	0.84339	0.84397			6
2025.06.02	01:00:04.696	0.84274	0.84385			6
2025.06.02	01:00:05.019	0.84275	0.84384			6
2025.06.02	01:00:05.704	0.84264	0.84390			6
2025.06.02	01:00:06.160		0.84391			4
2025.06.02	01:00:06.496		0.84390			4
2025.06.02	01:00:07.361	0.84266	0.84389			6
2025.06.02	01:00:07.709	0.84264	0.84393			6
2025.06.02	01:00:08.265	0.84291	0.84404			6
2025.06.02	01:00:08.594	0.84302	0.84402			6
2025.06.02	01:00:09.838	0.84303	0.84399			6
2025.06.02	01:00:10.183	0.84309	0.84395			6
2025.06.02	01:00:10.661	0.84318	0.84397			6
2025.06.02	01:00:11.167	0.84317				2
2025.06.02	01:00:11.723	0.84319				2
2025.06.02	01:00:15.535	0.84323	0.84393			6
2025.06.02	01:00:15.840	0.84270	0.84383			6
2025.06.02	01:00:16.158	0.84275				2
2025.06.02	01:00:16.480	0.84276	0.84382			6
2025.06.02	01:00:16.803	0.84274	0.84384			6
2025.06.02	01:00:17.273		0.84385			4
2025.06.02	01:00:17.683	0.84277	0.84381			6
2025.06.02	01:00:18.520	0.84276	0.84382			6
2025.06.02	01:00:19.091	0.84292	0.84381			6
2025.06.02	01:00:19.724	0.84297				2
2025.06.02	01:00:22.701	0.84301	0.84375			6
2025.06.02	01:00:23.037	0.84300				2
2025.06.02	01:00:23.865	0.84299	0.84378			6
2025.06.02	01:00:24.658	0.84307	0.84368			6
2025.06.02	01:00:24.988	0.84306				2
2025.06.02	01:00:25.603	0.84309	0.84364			6
2025.06.02	01:00:26.158	0.84300	0.84372			6
2025.06.02	01:00:27.020	0.84295	0.84378			6
2025.06.02	01:00:27.384	0.84297	0.84376			6
2025.06.02	01:00:28.742	0.84327	0.84375			6
2025.06.02	01:00:29.089	0.84364				2
2025.06.02	01:00:29.592	0.84362	0.84374			6
2025.06.02	01:00:31.005		0.84373			4
2025.06.02	01:00:34.458	0.84361	0.84377			6
2025.06.02	01:00:35.840		0.84374			4
2025.06.02	01:00:36.783		0.84377			4
2025.06.02	01:00:39.284	0.84355				2
2025.06.02	01:00:39.970		0.84379			4
2025.06.02	01:00:40.380		0.84377			4
2025.06.02	01:00:41.384		0.84376			4
2025.06.02	01:00:43.413	0.84354	0.84372			6
2025.06.02	01:00:43.724		0.84373			4
2025.06.02	01:00:44.038		0.84374			4
2025.06.02	01:00:44.378	0.84355	0.84383			6
2025.06.02	01:00:45.384	0.84351				2
2025.06.02	01:00:46.517	0.84353	0.84382			6
2025.06.02	01:00:46.927	0.84343				2
2025.06.02	01:00:47.240	0.84344				2
2025.06.02	01:00:48.550	0.84345				2
2025.06.02	01:00:49.534	0.84342	0.84381			6
2025.06.02	01:00:50.301		0.84379			4
2025.06.02	01:00:50.703		0.84374			4
2025.06.02	01:00:51.013		0.84376			4
2025.06.02	01:00:51.503		0.84373			4
2025.06.02	01:00:54.678		0.84375			4
2025.06.02	01:00:55.963		0.84374			4
2025.06.02	01:00:56.665		0.84373			4
2025.06.02	01:00:57.012		0.84374			4
2025.06.02	01:00:57.368		0.84370			4
2025.06.02	01:00:57.832	0.84348				2
2025.06.02	01:00:59.381		0.84376			4
2025.06.02	01:01:00.326	0.84348	0.84379			6
2025.06.02	01:01:00.764	0.84351				2
2025.06.02	01:01:01.389	0.84342	0.84376			6
2025.06.02	01:01:04.497	0.84344				2
2025.06.02	01:01:07.036	0.84342	0.84370			6
2025.06.02	01:01:10.789		0.84373			4
2025.06.02	01:01:11.412		0.84378			4
2025.06.02	01:01:11.720		0.84376			4
2025.06.02	01:01:12.095		0.84373			4
2025.06.02	01:01:12.724		0.84374			4
2025.06.02	01:01:13.705	0.84359	0.84379			6
2025.06.02	01:01:14.353	0.84360				2
2025.06.02	01:01:16.138	0.84359	0.84383			6
2025.06.02	01:01:16.463	0.84357	0.84379			6
2025.06.02	01:01:19.363	0.84358				2
2025.06.02	01:01:21.743		0.84383			4
2025.06.02	01:01:26.516	0.84357				2
2025.06.02	01:01:37.362	0.84359				2
2025.06.02	01:01:39.763	0.84360				2
2025.06.02	01:01:43.217	0.84361				2
2025.06.02	01:01:43.810	0.84359				2
2025.06.02	01:01:44.723	0.84360				2
2025.06.02	01:01:46.926	0.84337	0.84373			6
2025.06.02	01:01:49.605	0.84331	0.84367			6
2025.06.02	01:01:49.924		0.84366			4
2025.06.02	01:01:50.261	0.84327				2
2025.06.02	01:01:51.004		0.84365			4
2025.06.02	01:01:51.846	0.84333				2
2025.06.02	01:01:52.264		0.84366			4
2025.06.02	01:01:54.154		0.84365			4
2025.06.02	01:01:54.462		0.84366			4
2025.06.02	01:01:55.392	0.84327				2
2025.06.02	01:01:57.734		0.84365			4
2025.06.02	01:01:59.143	0.84351				2
2025.06.02	01:02:00.013	0.84351	0.84368			6
2025.06.02	01:02:00.381		0.84365			4
2025.06.02	01:02:01.061	0.84353	0.84366			6
2025.06.02	01:02:02.173	0.84351	0.84364			6
2025.06.02	01:02:02.562		0.84362			4
2025.06.02	01:02:02.886		0.84364			4
2025.06.02	01:02:03.217		0.84363			4
2025.06.02	01:02:04.559		0.84364			4
2025.06.02	01:02:08.539		0.84362			4
2025.06.02	01:02:09.263		0.84363			4
2025.06.02	01:02:09.763		0.84364			4
2025.06.02	01:02:10.360	0.84349				2
2025.06.02	01:02:11.925	0.84346				2
2025.06.02	01:02:28.887	0.84345	0.84362			6
2025.06.02	01:02:30.761		0.84361			4
2025.06.02	01:02:31.279		0.84362			4
2025.06.02	01:02:34.437	0.84346	0.84364			6
2025.06.02	01:02:36.762		0.84363			4
2025.06.02	01:02:47.464	0.84347				2
2025.06.02	01:02:54.462		0.84362			4
2025.06.02	01:03:00.567	0.84347				2
2025.06.02	01:03:02.565	0.84353	0.84364			6
2025.06.02	01:03:02.881	0.84356	0.84367			6
2025.06.02	01:03:03.220		0.84368			4
2025.06.02	01:03:08.232		0.84369			4
2025.06.02	01:03:14.646		0.84370			4
2025.06.02	01:03:17.462		0.84367			4
2025.06.02	01:03:17.863	0.84358	0.84369			6
2025.06.02	01:03:21.550	0.84360	0.84372			6
2025.06.02	01:03:22.299	0.84358	0.84371			6
2025.06.02	01:03:27.717	0.84359	0.84374			6
2025.06.02	01:03:28.064		0.84372			4
2025.06.02	01:03:28.729	0.84358				2
2025.06.02	01:03:31.061		0.84371			4
2025.06.02	01:03:32.816		0.84372			4
2025.06.02	01:03:34.061		0.84371			4
2025.06.02	01:03:34.852	0.84359	0.84372			6
2025.06.02	01:03:37.646	0.84357				2
2025.06.02	01:03:38.472	0.84356				2
2025.06.02	01:03:40.364		0.84371			4
2025.06.02	01:03:40.882		0.84370			4
2025.06.02	01:03:45.739	0.84357	0.84371			6
2025.06.02	01:03:46.208	0.84356	0.84372			6
2025.06.02	01:03:48.761		0.84371			4
2025.06.02	01:03:55.625	0.84357				2
2025.06.02	01:03:57.461	0.84356				2
2025.06.02	01:03:58.575	0.84357				2
2025.06.02	01:04:03.432	0.84357				2
2025.06.02	01:04:06.452		0.84370			4
2025.06.02	01:04:10.905	0.84354	0.84368			6
2025.06.02	01:04:12.796		0.84367			4
2025.06.02	01:04:15.645		0.84366			4
2025.06.02	01:04:17.659		0.84367			4
2025.06.02	01:04:18.026	0.84351	0.84365			6
2025.06.02	01:04:27.127	0.84354	0.84366			6
2025.06.02	01:04:27.736	0.84352				2
2025.06.02	01:04:28.354	0.84349	0.84363			6
2025.06.02	01:04:29.200		0.84362			4
2025.06.02	01:04:29.522	0.84347	0.84358			6
2025.06.02	01:04:37.355	0.84346	0.84355			6
2025.06.02	01:04:38.137	0.84344				2
2025.06.02	01:04:43.661	0.84343	0.84354			6
2025.06.02	01:04:45.762		0.84353			4
2025.06.02	01:04:46.140	0.84344	0.84355			6
2025.06.02	01:04:51.797	0.84346	0.84356			6
2025.06.02	01:05:00.421	0.84342				2
2025.06.02	01:05:00.736	0.84338	0.84349			6
2025.06.02	01:05:01.042	0.84342				2
2025.06.02	01:05:02.736	0.84343	0.84350			6
2025.06.02	01:05:03.135		0.84351			4
2025.06.02	01:05:03.575	0.84348	0.84353			6
2025.06.02	01:05:03.903	0.84350	0.84355			6
2025.06.02	01:05:05.368	0.84352	0.84353			6
2025.06.02	01:05:05.692	0.84351				2
2025.06.02	01:05:07.538	0.84350				2
2025.06.02	01:05:09.625	0.84351				2
2025.06.02	01:05:29.277	0.84360	0.84362			6
2025.06.02	01:05:29.619	0.84359				2
2025.06.02	01:05:29.943		0.84364			4
2025.06.02	01:05:31.136	0.84357	0.84362			6
2025.06.02	01:05:38.129	0.84355	0.84361			6
2025.06.02	01:05:44.630	0.84362	0.84366			6
2025.06.02	01:05:45.166	0.84360				2
2025.06.02	01:05:46.374	0.84361	0.84369			6
2025.06.02	01:05:48.163	0.84360				2
2025.06.02	01:06:01.362	0.84360	0.84366			6
2025.06.02	01:06:01.678	0.84359				2
2025.06.02	01:06:03.829	0.84357				2
2025.06.02	01:06:05.563		0.84364			4
2025.06.02	01:06:05.868	0.84356	0.84362			6
2025.06.02	01:06:08.389	0.84355				2
2025.06.02	01:06:16.817	0.84356				2
2025.06.02	01:06:22.004	0.84358				2
2025.06.02	01:06:22.363	0.84355				2
2025.06.02	01:06:23.861	0.84356				2
2025.06.02	01:06:30.762	0.84352	0.84360			6
2025.06.02	01:06:33.383	0.84359	0.84365			6
2025.06.02	01:06:33.924	0.84358				2
2025.06.02	01:06:46.746		0.84367			4
2025.06.02	01:06:51.365	0.84362				2
2025.06.02	01:06:51.700	0.84360				2
2025.06.02	01:06:52.353	0.84359	0.84365			6
2025.06.02	01:06:52.723	0.84356				2
2025.06.02	01:06:53.120	0.84357				2
2025.06.02	01:06:54.762	0.84356				2
2025.06.02	01:06:56.261	0.84357				2
2025.06.02	01:06:57.588	0.84358				2
2025.06.02	01:06:58.965	0.84357				2
2025.06.02	01:07:01.498	0.84357	0.84363			6
2025.06.02	01:07:01.813		0.84365			4
2025.06.02	01:07:03.433		0.84362			4
2025.06.02	01:07:04.964	0.84358				2
2025.06.02	01:07:05.703	0.84362	0.84367			6
2025.06.02	01:07:19.152	0.84361	0.84364			6
2025.06.02	01:07:19.459	0.84358				2
2025.06.02	01:07:26.358	0.84356				2
2025.06.02	01:07:26.817	0.84357				2
2025.06.02	01:07:40.915		0.84363			4
2025.06.02	01:07:42.731		0.84364			4
2025.06.02	01:07:46.754	0.84360				2
2025.06.02	01:07:51.336	0.84362	0.84369			6
2025.06.02	01:07:52.662	0.84365	0.84372			6
2025.06.02	01:07:53.261	0.84367				2
2025.06.02	01:07:59.263	0.84370				2
2025.06.02	01:08:00.404	0.84369				2
2025.06.02	01:08:01.825		0.84379			4
2025.06.02	01:08:04.015	0.84367	0.84378			6
2025.06.02	01:08:11.900	0.84364	0.84375			6
2025.06.02	01:08:12.350		0.84373			4
2025.06.02	01:08:18.209		0.84374			4
2025.06.02	01:08:37.122	0.84361	0.84368			6
2025.06.02	01:08:51.704	0.84364	0.84372			6
2025.06.02	01:08:58.275		0.84370			4
2025.06.02	01:09:00.357	0.84361	0.84371			6
2025.06.02	01:09:03.577		0.84370			4
2025.06.02	01:09:07.056		0.84371			4
2025.06.02	01:09:07.596	0.84364	0.84372			6
2025.06.02	01:09:09.013	0.84365				2
2025.06.02	01:09:10.027		0.84374			4
2025.06.02	01:09:11.562	0.84364				2
2025.06.02	01:09:12.079	0.84362	0.84372			6
2025.06.02	01:09:16.577	0.84361				2
2025.06.02	01:09:19.676	0.84363				2
2025.06.02	01:09:27.479	0.84366	0.84374			6
2025.06.02	01:09:30.760		0.84372			4
2025.06.02	01:09:41.328	0.84360	0.84368			6
2025.06.02	01:09:48.746		0.84367			4
2025.06.02	01:09:49.597	0.84357	0.84365			6
2025.06.02	01:09:52.002		0.84364			4
2025.06.02	01:09:53.555	0.84356	0.84363			6
2025.06.02	01:09:55.737		0.84364			4
2025.06.02	01:10:00.162	0.84357	0.84365			6
2025.06.02	01:10:00.464		0.84366			4
2025.06.02	01:10:00.856		0.84365			4
2025.06.02	01:10:02.676	0.84356				2
2025.06.02	01:10:03.882	0.84357	0.84366			6
2025.06.02	01:10:05.923	0.84356	0.84367			6
2025.06.02	01:10:06.351	0.84357				2
2025.06.02	01:10:07.023	0.84355				2
2025.06.02	01:10:08.725	0.84356				2
2025.06.02	01:10:09.607	0.84357				2
2025.06.02	01:10:17.184	0.84356				2
2025.06.02	01:10:19.907		0.84365			4
2025.06.02	01:10:31.465	0.84357	0.84367			6
2025.06.02	01:10:44.058		0.84365			4
2025.06.02	01:10:51.233		0.84368			4
2025.06.02	01:10:54.272	0.84359				2
2025.06.02	01:10:55.551		0.84367			4
2025.06.02	01:10:58.649	0.84357				2
2025.06.02	01:11:00.354	0.84357				2
2025.06.02	01:11:01.390		0.84366			4
2025.06.02	01:11:03.926	0.84359				2
2025.06.02	01:11:12.118		0.84368			4
2025.06.02	01:11:22.362		0.84367			4
2025.06.02	01:11:23.484		0.84366			4
2025.06.02	01:11:25.662		0.84367			4
2025.06.02	01:11:28.579	0.84358	0.84366			6
2025.06.02	01:11:40.451	0.84359	0.84367			6
2025.06.02	01:11:41.973		0.84368			4
2025.06.02	01:11:43.442	0.84362	0.84369			6
2025.06.02	01:11:43.758	0.84363	0.84370			6
2025.06.02	01:11:46.410		0.84369			4
2025.06.02	01:11:52.706		0.84370			4
2025.06.02	01:11:53.194	0.84361	0.84368			6
2025.06.02	01:12:01.102	0.84361				2
2025.06.02	01:12:03.433	0.84357				2
2025.06.02	01:12:10.696		0.84367			4
2025.06.02	01:12:20.039		0.84366			4
2025.06.02	01:12:30.869	0.84355				2
2025.06.02	01:12:35.014	0.84356				2
2025.06.02	01:12:37.560	0.84354	0.84361			6
2025.06.02	01:12:38.266	0.84352				2
2025.06.02	01:12:40.953	0.84353				2
2025.06.02	01:12:44.725	0.84356	0.84365			6
2025.06.02	01:12:45.053	0.84355	0.84364			6
2025.06.02	01:12:46.352	0.84354	0.84363			6
2025.06.02	01:12:49.962	0.84355				2
2025.06.02	01:12:51.807		0.84365			4
2025.06.02	01:12:52.245	0.84356	0.84364			6
2025.06.02	01:12:52.990	0.84353	0.84361			6
2025.06.02	01:13:00.352	0.84353				2
2025.06.02	01:13:01.417	0.84351				2
2025.06.02	01:13:02.239		0.84359			4
2025.06.02	01:13:04.663		0.84361			4
2025.06.02	01:13:10.534	0.84352				2
2025.06.02	01:13:11.454	0.84351				2
2025.06.02	01:13:11.876	0.84352				2
2025.06.02	01:13:14.857	0.84354	0.84362			6
2025.06.02	01:13:15.479		0.84361			4
2025.06.02	01:13:23.568		0.84362			4
2025.06.02	01:13:31.890	0.84355	0.84363			6
2025.06.02	01:13:32.870	0.84354				2
2025.06.02	01:13:35.866		0.84362			4
2025.06.02	01:13:36.269		0.84363			4
2025.06.02	01:13:38.168		0.84364			4
2025.06.02	01:13:44.799		0.84363			4
2025.06.02	01:13:45.462		0.84364			4
2025.06.02	01:13:46.623	0.84355				2
2025.06.02	01:13:46.941	0.84353	0.84361			6
2025.06.02	01:13:47.243		0.84362			4
2025.06.02	01:13:49.361	0.84354	0.84363			6
2025.06.02	01:13:51.933	0.84353	0.84362			6
2025.06.02	01:13:55.235	0.84354	0.84363			6
2025.06.02	01:13:56.921	0.84353	0.84362			6
2025.06.02	01:14:00.376	0.84353				2
2025.06.02	01:14:01.568	0.84355	0.84364			6
2025.06.02	01:14:02.777	0.84354	0.84363			6
2025.06.02	01:14:04.280	0.84348	0.84355			6
2025.06.02	01:14:04.640	0.84349	0.84356			6
2025.06.02	01:14:05.388	0.84348				2
2025.06.02	01:14:08.561		0.84357			4
2025.06.02	01:14:10.083		0.84356			4
2025.06.02	01:14:10.410	0.84349				2
2025.06.02	01:14:12.158		0.84357			4
2025.06.02	01:14:16.087		0.84356			4
2025.06.02	01:14:19.062		0.84357			4
2025.06.02	01:14:19.949		0.84356			4
2025.06.02	01:14:30.457	0.84348				2
2025.06.02	01:14:33.943	0.84349				2
2025.06.02	01:14:37.362		0.84355			4
2025.06.02	01:14:39.163		0.84356			4
2025.06.02	01:14:40.959		0.84355			4
2025.06.02	01:14:41.324		0.84356			4
2025.06.02	01:14:51.461		0.84355			4
2025.06.02	01:14:54.167		0.84356			4
2025.06.02	01:14:54.885	0.84348	0.84355			6
2025.06.02	01:14:55.188		0.84354			4
2025.06.02	01:14:55.606	0.84349				2
2025.06.02	01:15:00.384	0.84349	0.84355			6
2025.06.02	01:15:00.721		0.84354			4
2025.06.02	01:15:01.116		0.84356			4
2025.06.02	01:15:01.765	0.84348	0.84354			6
2025.06.02	01:15:02.106	0.84349				2
2025.06.02	01:15:02.420	0.84346	0.84353			6
2025.06.02	01:15:03.611		0.84354			4
2025.06.02	01:15:03.922		0.84355			4
2025.06.02	01:15:07.557		0.84356			4
2025.06.02	01:15:07.875		0.84355			4
2025.06.02	01:15:09.457		0.84356			4
2025.06.02	01:15:09.767		0.84355			4
2025.06.02	01:15:10.475		0.84356			4
2025.06.02	01:15:10.875		0.84355			4
2025.06.02	01:15:25.824		0.84354			4
2025.06.02	01:15:26.266		0.84355			4
2025.06.02	01:15:32.325	0.84347				2
2025.06.02	01:15:32.636	0.84346	0.84354			6
2025.06.02	01:15:33.087	0.84347	0.84355			6
2025.06.02	01:15:34.671	0.84346	0.84354			6
2025.06.02	01:15:34.979	0.84347	0.84355			6
2025.06.02	01:15:41.953	0.84348	0.84356			6
2025.06.02	01:15:42.658	0.84350	0.84357			6
2025.06.02	01:15:44.281	0.84349	0.84356			6
2025.06.02	01:15:46.611	0.84351	0.84357			6
2025.06.02	01:15:47.404	0.84352				2
2025.06.02	01:15:50.223	0.84351				2
2025.06.02	01:15:51.477	0.84349	0.84356			6
2025.06.02	01:15:53.052		0.84357			4
2025.06.02	01:16:00.462	0.84349				2
2025.06.02	01:16:02.453		0.84356			4
2025.06.02	01:16:02.874	0.84348	0.84355			6
2025.06.02	01:16:04.126	0.84349				2
2025.06.02	01:16:05.977	0.84346	0.84353			6
2025.06.02	01:16:06.279	0.84347	0.84354			6
2025.06.02	01:16:08.877	0.84346				2
2025.06.02	01:16:12.163	0.84347				2
2025.06.02	01:16:12.881	0.84349	0.84355			6
2025.06.02	01:16:13.301		0.84356			4
2025.06.02	01:16:14.367		0.84355			4
2025.06.02	01:16:15.251		0.84356			4
2025.06.02	01:16:18.992	0.84346	0.84354			6
2025.06.02	01:16:19.310	0.84348				2
2025.06.02	01:16:22.103	0.84346				2
2025.06.02	01:16:22.523	0.84348				2
2025.06.02	01:16:22.840	0.84346	0.84353			6
2025.06.02	01:16:23.675	0.84348				2
2025.06.02	01:16:25.960		0.84354			4
2025.06.02	01:16:28.049		0.84353			4
2025.06.02	01:16:28.352	0.84350	0.84354			6
2025.06.02	01:16:30.496	0.84351	0.84355			6
2025.06.02	01:16:30.812	0.84350				2
2025.06.02	01:16:33.404	0.84349				2
2025.06.02	01:16:35.492	0.84350				2
2025.06.02	01:16:36.623	0.84349				2
2025.06.02	01:16:38.238	0.84347	0.84349			6
2025.06.02	01:16:40.936	0.84348	0.84353			6
2025.06.02	01:16:41.625	0.84347				2
2025.06.02	01:16:43.492		0.84354			4
2025.06.02	01:16:43.912	0.84348	0.84353			6
2025.06.02	01:16:49.069		0.84355			4
2025.06.02	01:16:49.373	0.84349	0.84356			6
2025.06.02	01:16:49.906	0.84348	0.84355			6
2025.06.02	01:16:50.357		0.84354			4
2025.06.02	01:16:51.193		0.84356			4
2025.06.02	01:16:51.592		0.84355			4
2025.06.02	01:16:57.743	0.84349	0.84356			6
2025.06.02	01:16:58.067	0.84348	0.84355			6
2025.06.02	01:17:00.439	0.84348	0.84356			6
2025.06.02	01:17:01.326		0.84354			4
2025.06.02	01:17:01.711		0.84355			4
2025.06.02	01:17:03.665		0.84354			4
2025.06.02	01:17:13.567	0.84349	0.84355			6
2025.06.02	01:17:14.250		0.84356			4
2025.06.02	01:17:14.741		0.84355			4
2025.06.02	01:17:17.262		0.84356			4
2025.06.02	01:17:24.350		0.84357			4
2025.06.02	01:17:25.413		0.84356			4
2025.06.02	01:17:34.040	0.84348	0.84351			6
2025.06.02	01:17:36.347		0.84353			4
2025.06.02	01:17:41.362	0.84349	0.84355			6
2025.06.02	01:17:43.524		0.84356			4
2025.06.02	01:17:46.291		0.84355			4
2025.06.02	01:17:47.040		0.84356			4
2025.06.02	01:17:47.343	0.84351	0.84357			6
2025.06.02	01:17:56.878	0.84355	0.84358			6
2025.06.02	01:17:58.937	0.84353				2
2025.06.02	01:18:00.366	0.84353				2
2025.06.02	01:18:00.760	0.84352				2
2025.06.02	01:18:01.425	0.84354				2
2025.06.02	01:18:02.433	0.84352				2
2025.06.02	01:18:06.030	0.84355	0.84362			6
2025.06.02	01:18:08.571		0.84361			4
2025.06.02	01:18:09.082	0.84356				2
2025.06.02	01:18:10.780	0.84357				2
2025.06.02	01:18:11.373	0.84355	0.84360			6
2025.06.02	01:18:20.660		0.84361			4
2025.06.02	01:18:21.738		0.84360			4
2025.06.02	01:18:35.154	0.84356	0.84361			6
2025.06.02	01:18:39.790	0.84355	0.84360			6
2025.06.02	01:18:40.091		0.84359			4
2025.06.02	01:18:42.435	0.84356	0.84362			6
2025.06.02	01:18:43.533	0.84357				2
2025.06.02	01:18:44.578		0.84363			4
2025.06.02	01:18:51.219		0.84362			4
2025.06.02	01:18:52.349		0.84363			4
2025.06.02	01:18:56.183		0.84364			4
2025.06.02	01:18:58.189		0.84363			4
2025.06.02	01:18:58.538		0.84364			4
2025.06.02	01:18:59.463		0.84361			4
2025.06.02	01:18:59.782	0.84356				2
2025.06.02	01:19:00.146	0.84356				2
2025.06.02	01:19:07.042	0.84357	0.84363			6
2025.06.02	01:19:16.781	0.84359				2
2025.06.02	01:19:19.355	0.84357				2
2025.06.02	01:19:21.412		0.84364			4
2025.06.02	01:19:23.261		0.84363			4
2025.06.02	01:19:24.411	0.84360	0.84365			6
2025.06.02	01:19:25.045		0.84366			4
2025.06.02	01:19:28.140		0.84365			4
2025.06.02	01:19:31.063		0.84366			4
2025.06.02	01:19:32.533		0.84365			4
2025.06.02	01:19:33.304		0.84366			4
2025.06.02	01:19:36.686		0.84365			4
2025.06.02	01:19:36.997		0.84366			4
2025.06.02	01:19:41.426		0.84365			4
2025.06.02	01:19:42.472		0.84366			4
2025.06.02	01:19:47.763		0.84365			4
2025.06.02	01:19:51.725	0.84362	0.84366			6
2025.06.02	01:19:52.816	0.84361	0.84364			6
2025.06.02	01:19:53.207		0.84365			4
2025.06.02	01:20:00.650	0.84361				2
2025.06.02	01:20:01.919		0.84364			4
2025.06.02	01:20:02.246	0.84359				2
2025.06.02	01:20:02.561	0.84360				2
2025.06.02	01:20:03.351		0.84365			4
2025.06.02	01:20:04.855		0.84366			4
2025.06.02	01:20:05.914		0.84365			4
2025.06.02	01:20:06.906		0.84366			4
2025.06.02	01:20:13.383		0.84367			4
2025.06.02	01:20:15.502		0.84366			4
2025.06.02	01:20:23.663		0.84365			4
2025.06.02	01:20:28.367	0.84364	0.84368			6
2025.06.02	01:20:28.901	0.84362				2
2025.06.02	01:20:29.427	0.84364				2
2025.06.02	01:20:30.354	0.84362				2
2025.06.02	01:20:30.806		0.84367			4
2025.06.02	01:20:47.074		0.84365			4
2025.06.02	01:20:51.214		0.84364			4
2025.06.02	01:20:55.015		0.84365			4
2025.06.02	01:20:55.345		0.84364			4
2025.06.02	01:21:00.938	0.84362				2
2025.06.02	01:21:01.612	0.84359				2
2025.06.02	01:21:05.223		0.84363			4
2025.06.02	01:21:20.420	0.84360				2
2025.06.02	01:21:21.081	0.84359	0.84364			6
2025.06.02	01:21:21.426		0.84365			4
2025.06.02	01:21:22.405	0.84360	0.84366			6
2025.06.02	01:21:24.339	0.84362				2
2025.06.02	01:21:31.968		0.84367			4
2025.06.02	01:21:35.002		0.84366			4
2025.06.02	01:21:38.055		0.84365			4
2025.06.02	01:21:38.380		0.84366			4
2025.06.02	01:21:40.074		0.84365			4
2025.06.02	01:21:41.118		0.84366			4
2025.06.02	01:21:50.363	0.84361	0.84365			6
2025.06.02	01:21:50.671		0.84364			4
2025.06.02	01:21:51.612		0.84365			4
2025.06.02	01:21:57.302		0.84364			4
2025.06.02	01:21:57.723		0.84365			4
2025.06.02	01:22:01.361	0.84362	0.84363			6
2025.06.02	01:22:02.016	0.84361	0.84364			6
2025.06.02	01:22:02.331		0.84363			4
2025.06.02	01:22:03.554		0.84364			4
2025.06.02	01:22:10.390	0.84357				2
2025.06.02	01:22:11.141	0.84361				2
2025.06.02	01:22:17.379		0.84363			4
2025.06.02	01:22:18.874	0.84362	0.84365			6
2025.06.02	01:22:27.373	0.84361				2
2025.06.02	01:22:36.293	0.84356	0.84359			6
2025.06.02	01:22:56.622		0.84358			4
2025.06.02	01:22:58.607	0.84357				2
2025.06.02	01:23:00.533	0.84357				2
2025.06.02	01:23:01.405	0.84356				2
2025.06.02	01:23:02.025		0.84359			4
2025.06.02	01:23:02.734		0.84358			4
2025.06.02	01:23:03.413	0.84357	0.84359			6
2025.06.02	01:23:03.823	0.84356	0.84358			6
2025.06.02	01:23:11.692		0.84357			4
2025.06.02	01:23:12.104		0.84358			4
2025.06.02	01:23:22.169	0.84354	0.84356			6
2025.06.02	01:23:25.987	0.84356	0.84358			6
2025.06.02	01:23:27.256	0.84357				2
2025.06.02	01:23:28.079	0.84356				2
2025.06.02	01:23:28.696		0.84357			4
2025.06.02	01:23:31.446		0.84358			4
2025.06.02	01:23:32.151		0.84357			4
2025.06.02	01:23:33.237		0.84358			4
2025.06.02	01:23:34.064		0.84357			4
2025.06.02	01:23:35.077		0.84358			4
2025.06.02	01:23:35.564		0.84357			4
2025.06.02	01:23:37.306		0.84358			4
2025.06.02	01:23:37.664		0.84359			4
2025.06.02	01:23:38.562	0.84357	0.84358			6
2025.06.02	01:23:38.907	0.84356				2
2025.06.02	01:23:40.117		0.84359			4
2025.06.02	01:23:40.662	0.84357	0.84358			6
2025.06.02	01:23:41.657	0.84356				2
2025.06.02	01:23:46.208		0.84359			4
2025.06.02	01:23:48.152		0.84358			4
2025.06.02	01:23:52.032	0.84357				2
2025.06.02	01:23:52.340	0.84355				2
2025.06.02	01:23:53.103	0.84358	0.84359			6
2025.06.02	01:23:53.408	0.84356	0.84358			6
2025.06.02	01:23:54.675		0.84359			4
2025.06.02	01:24:00.481	0.84356				2
2025.06.02	01:24:01.322	0.84358				2
2025.06.02	01:24:02.273	0.84357				2
2025.06.02	01:24:02.776		0.84358			4
2025.06.02	01:24:05.988		0.84359			4
2025.06.02	01:24:06.467		0.84358			4
2025.06.02	01:24:08.354		0.84359			4
2025.06.02	01:24:09.855		0.84358			4
2025.06.02	01:24:13.463	0.84355				2
2025.06.02	01:24:15.772		0.84359			4
2025.06.02	01:24:20.019	0.84352	0.84355			6
2025.06.02	01:24:21.178		0.84354			4
2025.06.02	01:24:21.768		0.84355			4
2025.06.02	01:24:22.169		0.84354			4
2025.06.02	01:24:23.388		0.84355			4
2025.06.02	01:24:23.778		0.84354			4
2025.06.02	01:24:27.023		0.84355			4
2025.06.02	01:24:27.657		0.84354			4
2025.06.02	01:24:29.963	0.84348	0.84352			6
2025.06.02	01:24:32.764		0.84351			4
2025.06.02	01:24:43.200		0.84350			4
2025.06.02	01:24:43.552		0.84349			4
2025.06.02	01:24:49.557	0.84345	0.84347			6
2025.06.02	01:24:49.961		0.84348			4
2025.06.02	01:24:58.502		0.84347			4
2025.06.02	01:25:00.467	0.84345	0.84348			6
2025.06.02	01:25:00.971	0.84343	0.84347			6
2025.06.02	01:25:01.429	0.84347	0.84348			6
2025.06.02	01:25:02.175	0.84348	0.84349			6
2025.06.02	01:25:04.177	0.84346				2
2025.06.02	01:25:08.073		0.84350			4
2025.06.02	01:25:08.812	0.84348	0.84349			6
2025.06.02	01:25:10.041		0.84351			4
2025.06.02	01:25:10.342	0.84347	0.84350			6
2025.06.02	01:25:10.665	0.84348				2
2025.06.02	01:25:11.301	0.84347	0.84351			6
2025.06.02	01:25:12.654		0.84350			4
2025.06.02	01:25:15.786	0.84348	0.84349			6
2025.06.02	01:25:17.990		0.84350			4
2025.06.02	01:25:20.620		0.84351			4
2025.06.02	01:25:31.003		0.84350			4
2025.06.02	01:25:36.848		0.84351			4
2025.06.02	01:25:42.440	0.84350				2
2025.06.02	01:25:43.646		0.84352			4
2025.06.02	01:25:45.065	0.84348				2
2025.06.02	01:25:48.112	0.84350				2
2025.06.02	01:25:49.241	0.84351	0.84353			6
2025.06.02	01:25:50.312	0.84350				2
2025.06.02	01:25:59.342	0.84349	0.84351			6
2025.06.02	01:25:59.913		0.84352			4
2025.06.02	01:26:00.990	0.84349				2
2025.06.02	01:26:03.035		0.84351			4
2025.06.02	01:26:10.361	0.84347	0.84350			6
2025.06.02	01:26:12.012		0.84349			4
2025.06.02	01:26:14.257		0.84350			4
2025.06.02	01:26:22.362		0.84349			4
2025.06.02	01:26:25.665		0.84350			4
2025.06.02	01:26:26.316	0.84350	0.84352			6
2025.06.02	01:26:46.654	0.84351	0.84354			6
2025.06.02	01:26:46.959	0.84350				2
2025.06.02	01:26:47.383		0.84352			4
2025.06.02	01:26:54.461		0.84353			4
2025.06.02	01:26:57.617	0.84349	0.84352			6
2025.06.02	01:27:00.355	0.84349				2
2025.06.02	01:27:05.029	0.84350				2
2025.06.02	01:27:09.175	0.84349	0.84353			6
2025.06.02	01:27:19.502	0.84340	0.84345			6
2025.06.02	01:27:19.822	0.84343	0.84347			6
2025.06.02	01:27:20.134	0.84345				2
2025.06.02	01:27:21.648	0.84343				2
2025.06.02	01:27:21.958		0.84344			4
2025.06.02	01:27:23.806	0.84342	0.84343			6
2025.06.02	01:27:24.267	0.84340				2
2025.06.02	01:27:26.041		0.84344			4
2025.06.02	01:27:26.343	0.84343				2
2025.06.02	01:27:41.029	0.84341	0.84343			6
2025.06.02	01:27:49.417		0.84344			4
2025.06.02	01:28:00.618	0.84341				2
2025.06.02	01:28:00.941	0.84340				2
2025.06.02	01:28:01.247	0.84341				2
2025.06.02	01:28:01.574	0.84342				2
2025.06.02	01:28:02.458	0.84340				2
2025.06.02	01:28:05.266	0.84341				2
2025.06.02	01:28:06.058		0.84345			4
2025.06.02	01:28:10.428		0.84344			4
2025.06.02	01:28:12.176		0.84345			4
2025.06.02	01:28:13.661		0.84344			4
2025.06.02	01:28:16.382	0.84346	0.84347			6
2025.06.02	01:28:17.725		0.84348			4
2025.06.02	01:28:18.341		0.84347			4
2025.06.02	01:28:25.546		0.84348			4
2025.06.02	01:28:27.263		0.84349			4
2025.06.02	01:28:30.887	0.84345	0.84348			6
2025.06.02	01:28:32.610		0.84346			4
2025.06.02	01:28:32.911		0.84347			4
2025.06.02	01:28:34.276		0.84346			4
2025.06.02	01:28:36.005		0.84348			4
2025.06.02	01:28:37.099		0.84346			4
2025.06.02	01:28:38.171		0.84347			4
2025.06.02	01:28:39.478		0.84348			4
2025.06.02	01:28:41.030		0.84346			4
2025.06.02	01:28:41.483		0.84348			4
2025.06.02	01:28:43.591	0.84342	0.84346			6
2025.06.02	01:28:43.892	0.84341				2
2025.06.02	01:28:45.716	0.84340				2
2025.06.02	01:28:46.276		0.84345			4
2025.06.02	01:28:46.580		0.84346			4
2025.06.02	01:28:48.067	0.84341	0.84344			6
2025.06.02	01:28:48.422		0.84345			4
2025.06.02	01:28:51.184		0.84344			4
2025.06.02	01:28:51.628		0.84345			4
2025.06.02	01:28:51.957		0.84344			4
2025.06.02	01:28:53.011	0.84343	0.84345			6
2025.06.02	01:28:58.154	0.84344				2
2025.06.02	01:28:58.464	0.84342				2
2025.06.02	01:29:00.209	0.84342				2
2025.06.02	01:29:05.496	0.84343	0.84346			6
2025.06.02	01:29:05.804	0.84342				2
2025.06.02	01:29:06.108		0.84345			4
2025.06.02	01:29:06.700		0.84346			4
2025.06.02	01:29:08.937		0.84345			4
2025.06.02	01:29:09.981	0.84343				2
2025.06.02	01:29:10.284		0.84346			4
2025.06.02	01:29:11.062	0.84342				2
2025.06.02	01:29:16.236	0.84343				2
2025.06.02	01:29:16.876	0.84342				2
2025.06.02	01:29:20.034	0.84343	0.84347			6
2025.06.02	01:29:21.884		0.84346			4
2025.06.02	01:29:22.524	0.84342				2
2025.06.02	01:29:25.301		0.84345			4
2025.06.02	01:29:25.748		0.84346			4
2025.06.02	01:29:27.415	0.84343	0.84345			6
2025.06.02	01:29:28.190		0.84346			4
2025.06.02	01:29:28.997		0.84345			4
2025.06.02	01:29:36.778		0.84344			4
2025.06.02	01:29:37.215	0.84341				2
2025.06.02	01:29:38.320	0.84343	0.84345			6
2025.06.02	01:29:39.537		0.84346			4
2025.06.02	01:29:40.662		0.84345			4
2025.06.02	01:29:41.103		0.84346			4
2025.06.02	01:29:42.462		0.84347			4
2025.06.02	01:29:44.860		0.84346			4
2025.06.02	01:29:47.260		0.84347			4
2025.06.02	01:29:49.062		0.84346			4
2025.06.02	01:29:52.348		0.84347			4
2025.06.02	01:29:52.773		0.84346			4
2025.06.02	01:29:53.222		0.84347			4
2025.06.02	01:29:54.713		0.84346			4
2025.06.02	01:29:55.176		0.84347			4
2025.06.02	01:29:59.628		0.84346			4
2025.06.02	01:30:00.411	0.84343				2
2025.06.02	01:30:01.861	0.84345				2
2025.06.02	01:30:02.246	0.84344	0.84345			6
2025.06.02	01:30:03.790	0.84348	0.84349			6
2025.06.02	01:30:04.092	0.84347	0.84348			6
2025.06.02	01:30:04.698	0.84346	0.84350			6
2025.06.02	01:30:08.659		0.84348			4
2025.06.02	01:30:11.169	0.84341	0.84346			6
2025.06.02	01:30:11.481	0.84342				2
2025.06.02	01:30:12.617	0.84341				2
2025.06.02	01:30:13.811	0.84342	0.84345			6
2025.06.02	01:30:15.027	0.84336	0.84340			6
2025.06.02	01:30:18.103	0.84335	0.84337			6
2025.06.02	01:30:18.571		0.84338			4
2025.06.02	01:30:18.923	0.84336	0.84339			6
2025.06.02	01:30:20.520	0.84335				2
2025.06.02	01:30:20.848		0.84337			4
2025.06.02	01:30:21.725		0.84338			4
2025.06.02	01:30:22.028		0.84337			4
2025.06.02	01:30:22.410	0.84336	0.84339			6
2025.06.02	01:30:24.165	0.84335				2
2025.06.02	01:30:25.066	0.84336				2
2025.06.02	01:30:27.563	0.84335				2
2025.06.02	01:30:28.426		0.84338			4
2025.06.02	01:30:30.890		0.84339			4
2025.06.02	01:30:31.218		0.84338			4
2025.06.02	01:30:34.047		0.84339			4
2025.06.02	01:30:34.361		0.84338			4
2025.06.02	01:30:37.637		0.84339			4
2025.06.02	01:30:38.326	0.84334	0.84338			6
2025.06.02	01:30:41.685		0.84339			4
2025.06.02	01:30:42.084	0.84335				2
2025.06.02	01:31:00.981	0.84335				2
2025.06.02	01:31:04.251	0.84336				2
2025.06.02	01:31:12.088	0.84338	0.84341			6
2025.06.02	01:31:13.008	0.84337				2
2025.06.02	01:31:13.722	0.84338				2
2025.06.02	01:31:22.418		0.84342			4
2025.06.02	01:31:25.628	0.84337	0.84341			6
2025.06.02	01:31:25.936	0.84339	0.84342			6
2025.06.02	01:31:26.253	0.84338				2
2025.06.02	01:31:26.746	0.84340				2
2025.06.02	01:31:29.262		0.84343			4
2025.06.02	01:31:36.685		0.84344			4
2025.06.02	01:31:39.461		0.84343			4
2025.06.02	01:31:40.867		0.84344			4
2025.06.02	01:31:46.361		0.84343			4
2025.06.02	01:31:50.568	0.84338	0.84341			6
2025.06.02	01:31:50.872	0.84339				2
2025.06.02	01:31:51.763		0.84342			4
2025.06.02	01:31:54.982		0.84341			4
2025.06.02	01:31:57.784	0.84340	0.84342			6
2025.06.02	01:31:58.990		0.84343			4
2025.06.02	01:32:00.246	0.84340				2
2025.06.02	01:32:01.589	0.84342	0.84346			6
2025.06.02	01:32:01.917	0.84346	0.84349			6
2025.06.02	01:32:02.220		0.84351			4
2025.06.02	01:32:02.695	0.84343	0.84346			6
2025.06.02	01:32:05.720		0.84348			4
2025.06.02	01:32:06.346		0.84347			4
2025.06.02	01:32:06.671	0.84345	0.84348			6
2025.06.02	01:32:14.022	0.84344	0.84347			6
2025.06.02	01:32:14.333		0.84348			4
2025.06.02	01:32:15.469		0.84347			4
2025.06.02	01:32:16.146		0.84348			4
2025.06.02	01:32:18.141	0.84342	0.84345			6
2025.06.02	01:32:20.659		0.84344			4
2025.06.02	01:32:20.973		0.84346			4
2025.06.02	01:32:21.461		0.84345			4
2025.06.02	01:32:23.007		0.84344			4
2025.06.02	01:32:34.133		0.84345			4
2025.06.02	01:32:51.982		0.84344			4
2025.06.02	01:32:56.725		0.84345			4
2025.06.02	01:32:59.261		0.84344			4
2025.06.02	01:33:00.354	0.84342				2
2025.06.02	01:33:02.096	0.84343	0.84347			6
2025.06.02	01:33:02.400		0.84344			4
2025.06.02	01:33:04.478	0.84342				2
2025.06.02	01:33:11.436	0.84340	0.84342			6
2025.06.02	01:33:11.740	0.84338				2
2025.06.02	01:33:12.049	0.84337	0.84341			6
2025.06.02	01:33:12.672	0.84340	0.84342			6
2025.06.02	01:33:15.993		0.84343			4
2025.06.02	01:33:19.315	0.84341	0.84344			6
2025.06.02	01:33:26.519	0.84340	0.84342			6
2025.06.02	01:33:31.562	0.84337	0.84339			6
2025.06.02	01:33:33.438		0.84338			4
2025.06.02	01:33:38.264		0.84339			4
2025.06.02	01:33:41.877		0.84340			4
2025.06.02	01:33:42.884		0.84339			4
2025.06.02	01:34:01.061	0.84340	0.84342			6
2025.06.02	01:34:01.363	0.84339				2
2025.06.02	01:34:01.876	0.84340				2
2025.06.02	01:34:02.347	0.84337				2
2025.06.02	01:34:02.661	0.84339				2
2025.06.02	01:34:11.861	0.84338				2
2025.06.02	01:34:12.475	0.84337				2
2025.06.02	01:34:16.179	0.84339				2
2025.06.02	01:34:17.994	0.84340				2
2025.06.02	01:34:18.773	0.84341	0.84346			6
2025.06.02	01:34:21.663		0.84345			4
2025.06.02	01:34:22.164	0.84342	0.84346			6
2025.06.02	01:34:26.350	0.84343	0.84347			6
2025.06.02	01:34:28.945	0.84342				2
2025.06.02	01:34:32.197		0.84345			4
2025.06.02	01:34:33.349		0.84344			4
2025.06.02	01:34:35.212	0.84340				2
2025.06.02	01:34:35.524		0.84343			4
2025.06.02	01:34:36.164		0.84344			4
2025.06.02	01:34:46.345		0.84343			4
2025.06.02	01:35:01.466	0.84340				2
2025.06.02	01:35:03.647	0.84343	0.84346			6
2025.06.02	01:35:05.052	0.84342	0.84345			6
2025.06.02	01:35:05.366	0.84341				2
2025.06.02	01:35:06.078	0.84342				2
2025.06.02	01:35:06.780	0.84341				2
2025.06.02	01:35:08.863		0.84346			4
2025.06.02	01:35:11.617	0.84342				2
2025.06.02	01:35:12.118	0.84341				2
2025.06.02	01:35:17.636	0.84342	0.84347			6
2025.06.02	01:35:19.880	0.84343				2
2025.06.02	01:35:23.957	0.84341	0.84344			6
2025.06.02	01:35:24.351		0.84345			4
2025.06.02	01:35:35.123		0.84344			4
2025.06.02	01:35:37.174		0.84345			4
2025.06.02	01:35:38.476		0.84344			4
2025.06.02	01:35:44.133		0.84345			4
2025.06.02	01:35:45.503		0.84344			4
2025.06.02	01:35:45.826	0.84342				2
2025.06.02	01:35:47.106		0.84343			4
2025.06.02	01:35:49.804	0.84341	0.84344			6
2025.06.02	01:35:54.998		0.84345			4
2025.06.02	01:35:57.274		0.84344			4
2025.06.02	01:36:03.450	0.84341				2
2025.06.02	01:36:11.359		0.84343			4
2025.06.02	01:36:12.433		0.84344			4
2025.06.02	01:36:16.976	0.84340	0.84342			6
2025.06.02	01:36:19.421	0.84339				2
2025.06.02	01:36:52.477		0.84341			4
2025.06.02	01:36:53.259	0.84337	0.84340			6
2025.06.02	01:36:54.137		0.84339			4
2025.06.02	01:36:56.588	0.84338	0.84340			6
2025.06.02	01:37:00.538	0.84338				2
2025.06.02	01:37:02.632		0.84342			4
2025.06.02	01:37:14.527		0.84341			4
2025.06.02	01:37:14.844	0.84337				2
2025.06.02	01:37:15.168	0.84338	0.84342			6
2025.06.02	01:37:16.352	0.84337	0.84341			6
2025.06.02	01:37:19.361		0.84342			4
2025.06.02	01:37:21.380	0.84338				2
2025.06.02	01:37:29.899		0.84341			4
2025.06.02	01:37:33.016	0.84337	0.84342			6
2025.06.02	01:37:33.323		0.84341			4
2025.06.02	01:37:35.655	0.84338				2
2025.06.02	01:37:37.255		0.84339			4
2025.06.02	01:37:38.262		0.84340			4
2025.06.02	01:37:38.967	0.84336	0.84339			6
2025.06.02	01:38:01.771	0.84336				2
2025.06.02	01:38:07.926	0.84332	0.84334			6
2025.06.02	01:38:10.026		0.84336			4
2025.06.02	01:38:10.338		0.84335			4
2025.06.02	01:38:13.137		0.84336			4
2025.06.02	01:38:13.463		0.84335			4
2025.06.02	01:38:18.784	0.84333	0.84336			6
2025.06.02	01:38:25.629		0.84337			4
2025.06.02	01:38:26.733		0.84336			4
2025.06.02	01:39:00.292	0.84333	0.84338			6
2025.06.02	01:39:02.616		0.84337			4
2025.06.02	01:39:03.830		0.84334			4
2025.06.02	01:39:10.025		0.84335			4
2025.06.02	01:39:11.098		0.84336			4
2025.06.02	01:39:35.796	0.84332				2
2025.06.02	01:40:00.509	0.84333				2
2025.06.02	01:40:12.212		0.84336			4
2025.06.02	01:40:25.348		0.84335			4
2025.06.02	01:40:29.942	0.84334				2
2025.06.02	01:40:37.260		0.84337			4
2025.06.02	01:40:37.658	0.84335				2
2025.06.02	01:40:38.024	0.84334	0.84338			6
2025.06.02	01:40:40.921	0.84335				2
2025.06.02	01:40:41.324	0.84334	0.84336			6
2025.06.02	01:40:51.835	0.84335	0.84339			6
2025.06.02	01:40:56.480	0.84336	0.84337			6
2025.06.02	01:41:01.060	0.84336				2
2025.06.02	01:41:12.956		0.84338			4
2025.06.02	01:41:13.830		0.84337			4
2025.06.02	01:41:20.594		0.84339			4
2025.06.02	01:41:23.797		0.84337			4
2025.06.02	01:41:42.658		0.84338			4
2025.06.02	01:41:52.844		0.84337			4
2025.06.02	01:42:01.962	0.84336				2
2025.06.02	01:42:05.172		0.84338			4
2025.06.02	01:42:10.545	0.84335	0.84337			6
2025.06.02	01:42:10.859	0.84340	0.84343			6
2025.06.02	01:42:11.512	0.84342	0.84345			6
2025.06.02	01:42:12.154		0.84346			4
2025.06.02	01:42:16.179	0.84344	0.84347			6
2025.06.02	01:42:16.577		0.84348			4
2025.06.02	01:42:22.012	0.84343	0.84347			6
2025.06.02	01:42:22.994		0.84348			4
2025.06.02	01:42:25.605	0.84344				2
2025.06.02	01:42:26.196	0.84346	0.84349			6
2025.06.02	01:42:26.724		0.84348			4
2025.06.02	01:42:27.491		0.84350			4
2025.06.02	01:42:33.216		0.84348			4
2025.06.02	01:42:35.375	0.84344				2
2025.06.02	01:42:36.086	0.84345				2
2025.06.02	01:42:37.054	0.84344				2
2025.06.02	01:42:54.611	0.84342	0.84346			6
2025.06.02	01:42:59.517		0.84347			4
2025.06.02	01:43:01.367	0.84343	0.84346			6
2025.06.02	01:43:05.637		0.84344			4
2025.06.02	01:43:06.350	0.84342	0.84343			6
2025.06.02	01:43:06.813	0.84343	0.84345			6
2025.06.02	01:43:11.494	0.84344	0.84347			6
2025.06.02	01:43:16.613	0.84342				2
2025.06.02	01:43:17.106		0.84346			4
2025.06.02	01:43:25.715	0.84343				2
2025.06.02	01:43:28.460	0.84344	0.84347			6
2025.06.02	01:43:28.816	0.84343				2
2025.06.02	01:43:38.379		0.84345			4
2025.06.02	01:43:39.107	0.84342				2
2025.06.02	01:43:41.391	0.84343				2
2025.06.02	01:43:44.525	0.84342	0.84344			6
2025.06.02	01:43:58.042		0.84345			4
2025.06.02	01:43:58.360	0.84341				2
2025.06.02	01:43:59.461	0.84342				2
2025.06.02	01:44:00.264	0.84342				2
2025.06.02	01:44:03.300		0.84346			4
2025.06.02	01:44:10.022	0.84343				2
2025.06.02	01:44:13.489		0.84345			4
2025.06.02	01:44:14.017	0.84342	0.84346			6
2025.06.02	01:44:17.566	0.84343	0.84347			6
2025.06.02	01:44:31.961	0.84342	0.84344			6
2025.06.02	01:44:37.798	0.84341	0.84345			6
2025.06.02	01:44:44.504	0.84343	0.84346			6
2025.06.02	01:44:44.805		0.84347			4
2025.06.02	01:44:45.591		0.84345			4
2025.06.02	01:44:52.927	0.84341	0.84344			6
2025.06.02	01:44:53.245	0.84342				2
2025.06.02	01:44:55.219	0.84343				2
2025.06.02	01:45:00.760	0.84343				2
2025.06.02	01:45:01.747	0.84339	0.84342			6
2025.06.02	01:45:05.260	0.84342	0.84344			6
2025.06.02	01:45:05.611	0.84339	0.84342			6
2025.06.02	01:45:07.712	0.84340				2
2025.06.02	01:45:08.254	0.84342	0.84343			6
2025.06.02	01:45:12.463	0.84340	0.84342			6
2025.06.02	01:45:13.374	0.84342	0.84343			6
2025.06.02	01:45:13.797	0.84343	0.84344			6
2025.06.02	01:45:14.115	0.84341	0.84342			6
2025.06.02	01:45:26.449	0.84340				2
2025.06.02	01:45:27.818	0.84341				2
2025.06.02	01:45:28.652	0.84340				2
2025.06.02	01:45:29.160	0.84339				2
2025.06.02	01:45:32.088	0.84340				2
2025.06.02	01:45:32.412	0.84341				2
2025.06.02	01:45:51.926	0.84343	0.84345			6
2025.06.02	01:45:52.783	0.84341	0.84343			6
2025.06.02	01:46:00.761	0.84341				2
2025.06.02	01:46:10.525	0.84343	0.84344			6
2025.06.02	01:46:24.011	0.84340	0.84341			6
2025.06.02	01:46:26.843		0.84343			4
2025.06.02	01:46:34.687	0.84339	0.84340			6
2025.06.02	01:46:35.329	0.84340	0.84341			6
2025.06.02	01:46:35.986	0.84339	0.84340			6
2025.06.02	01:46:43.239		0.84341			4
2025.06.02	01:46:45.019		0.84340			4
2025.06.02	01:46:54.173		0.84341			4
2025.06.02	01:46:55.492		0.84340			4
2025.06.02	01:47:00.627	0.84339				2
2025.06.02	01:47:21.865		0.84341			4
2025.06.02	01:47:26.738		0.84340			4
2025.06.02	01:47:33.030	0.84340	0.84341			6
2025.06.02	01:47:46.229	0.84338	0.84339			6
2025.06.02	01:47:46.552	0.84339	0.84340			6
2025.06.02	01:47:49.857	0.84340	0.84341			6
2025.06.02	01:47:50.818	0.84339	0.84340			6
2025.06.02	01:47:59.514		0.84341			4
2025.06.02	01:47:59.822	0.84338	0.84340			6
2025.06.02	01:48:00.298	0.84338				2
2025.06.02	01:48:01.227	0.84339	0.84342			6
2025.06.02	01:48:13.275	0.84340				2
2025.06.02	01:48:16.154	0.84341	0.84343			6
2025.06.02	01:48:43.023	0.84342				2
2025.06.02	01:48:43.361	0.84339	0.84342			6
2025.06.02	01:48:43.684	0.84338	0.84340			6
2025.06.02	01:48:49.274		0.84339			4
2025.06.02	01:48:49.580	0.84332	0.84333			6
2025.06.02	01:48:50.285	0.84331				2
2025.06.02	01:48:52.581	0.84332				2
2025.06.02	01:49:00.358	0.84332				2
2025.06.02	01:49:00.746		0.84334			4
2025.06.02	01:49:01.447	0.84334	0.84335			6
2025.06.02	01:49:02.232		0.84336			4
2025.06.02	01:49:08.471	0.84335				2
2025.06.02	01:49:13.817	0.84336	0.84337			6
2025.06.02	01:49:15.514	0.84337	0.84339			6
2025.06.02	01:49:21.447		0.84338			4
2025.06.02	01:49:22.377		0.84339			4
2025.06.02	01:49:24.034		0.84338			4
2025.06.02	01:49:24.357	0.84336	0.84337			6
2025.06.02	01:49:40.040	0.84338	0.84339			6
2025.06.02	01:49:41.183	0.84337	0.84338			6
2025.06.02	01:49:43.601	0.84338	0.84339			6
2025.06.02	01:49:44.064		0.84340			4
2025.06.02	01:49:47.194		0.84339			4
2025.06.02	01:49:49.152	0.84339	0.84340			6
2025.06.02	01:49:50.491	0.84338				2
2025.06.02	01:50:00.875	0.84338	0.84341			6
2025.06.02	01:50:03.285	0.84340				2
2025.06.02	01:50:04.348	0.84341	0.84342			6
2025.06.02	01:50:04.724	0.84338	0.84339			6
2025.06.02	01:50:13.601	0.84340	0.84341			6
2025.06.02	01:50:15.641	0.84339				2
2025.06.02	01:50:31.323		0.84342			4
2025.06.02	01:50:31.716		0.84341			4
2025.06.02	01:50:32.494		0.84342			4
2025.06.02	01:50:35.472	0.84340				2
2025.06.02	01:50:37.479	0.84339	0.84341			6
2025.06.02	01:50:39.647	0.84338				2
2025.06.02	01:50:45.671		0.84340			4
2025.06.02	01:50:54.299	0.84337				2
2025.06.02	01:50:55.709	0.84338				2
2025.06.02	01:50:56.659	0.84337				2
2025.06.02	01:50:57.978	0.84338				2
2025.06.02	01:50:59.135	0.84339	0.84341			6
2025.06.02	01:51:00.357	0.84339				2
2025.06.02	01:51:02.536	0.84338				2
2025.06.02	01:51:03.115	0.84339	0.84340			6
2025.06.02	01:51:03.446	0.84340	0.84342			6
2025.06.02	01:51:17.580	0.84342	0.84343			6
2025.06.02	01:51:18.911	0.84341	0.84342			6
2025.06.02	01:51:22.414	0.84342	0.84343			6
2025.06.02	01:51:26.665		0.84344			4
2025.06.02	01:51:27.773	0.84343				2
2025.06.02	01:51:28.570	0.84342				2
2025.06.02	01:51:30.519	0.84341	0.84343			6
2025.06.02	01:51:31.875		0.84344			4
2025.06.02	01:51:34.360		0.84343			4
2025.06.02	01:51:37.972	0.84340				2
2025.06.02	01:51:38.342	0.84341				2
2025.06.02	01:51:46.315	0.84340				2
2025.06.02	01:51:57.483		0.84342			4
2025.06.02	01:52:00.699	0.84340				2
2025.06.02	01:52:08.845	0.84341				2
2025.06.02	01:52:09.740	0.84340	0.84343			6
2025.06.02	01:52:13.500	0.84341				2
2025.06.02	01:52:18.014	0.84342	0.84344			6
2025.06.02	01:52:20.354		0.84345			4
2025.06.02	01:52:20.667	0.84343				2
2025.06.02	01:52:32.495	0.84345	0.84347			6
2025.06.02	01:52:37.640	0.84344	0.84345			6
2025.06.02	01:52:42.037	0.84345	0.84348			6
2025.06.02	01:52:42.346		0.84347			4
2025.06.02	01:52:44.182	0.84346	0.84349			6
2025.06.02	01:52:47.579	0.84345	0.84347			6
2025.06.02	01:52:47.992	0.84346	0.84348			6
2025.06.02	01:52:49.776	0.84345	0.84347			6
2025.06.02	01:52:51.622	0.84344	0.84348			6
2025.06.02	01:52:52.351	0.84345				2
2025.06.02	01:52:54.038	0.84346				2
2025.06.02	01:53:02.595	0.84342	0.84345			6
2025.06.02	01:53:02.933	0.84343				2
2025.06.02	01:53:07.104		0.84346			4
2025.06.02	01:53:09.255	0.84345				2
2025.06.02	01:53:09.720	0.84344	0.84347			6
2025.06.02	01:53:10.093		0.84346			4
2025.06.02	01:53:18.727	0.84345				2
2025.06.02	01:53:19.980	0.84344				2
2025.06.02	01:53:26.124		0.84345			4
2025.06.02	01:53:31.369	0.84343	0.84346			6
2025.06.02	01:53:35.489		0.84345			4
2025.06.02	01:53:35.842	0.84340	0.84341			6
2025.06.02	01:53:36.218		0.84342			4
2025.06.02	01:53:40.961		0.84343			4
2025.06.02	01:53:41.455	0.84339	0.84340			6
2025.06.02	01:53:43.380		0.84341			4
2025.06.02	01:53:44.383	0.84338				2
2025.06.02	01:53:49.604		0.84339			4
2025.06.02	01:54:00.609	0.84338				2
2025.06.02	01:54:06.348	0.84337				2
2025.06.02	01:54:12.576	0.84336	0.84337			6
2025.06.02	01:54:22.127		0.84339			4
2025.06.02	01:54:29.522	0.84337				2
2025.06.02	01:54:31.267	0.84336				2
2025.06.02	01:54:31.617		0.84338			4
2025.06.02	01:54:39.565	0.84335	0.84336			6
2025.06.02	01:54:39.907	0.84333				2
2025.06.02	01:54:57.524		0.84335			4
2025.06.02	01:54:57.932	0.84334	0.84336			6
2025.06.02	01:54:58.665		0.84335			4
2025.06.02	01:54:59.473	0.84333	0.84334			6
2025.06.02	01:54:59.904	0.84331				2
2025.06.02	01:55:00.522	0.84331				2
2025.06.02	01:55:04.963	0.84330	0.84333			6
2025.06.02	01:55:05.272	0.84331	0.84332			6
2025.06.02	01:55:05.602	0.84332	0.84333			6
2025.06.02	01:55:08.549	0.84331	0.84332			6
2025.06.02	01:55:09.678	0.84332	0.84333			6
2025.06.02	01:55:16.563	0.84331	0.84334			6
2025.06.02	01:55:17.267	0.84332				2
2025.06.02	01:55:19.834		0.84335			4
2025.06.02	01:55:20.585		0.84334			4
2025.06.02	01:55:22.647		0.84335			4
2025.06.02	01:55:31.598		0.84334			4
2025.06.02	01:55:36.842	0.84331	0.84333			6
2025.06.02	01:55:48.618	0.84334	0.84335			6
2025.06.02	01:55:49.029	0.84333				2
2025.06.02	01:55:53.256		0.84336			4
2025.06.02	01:55:57.812		0.84335			4
2025.06.02	01:55:59.545		0.84336			4
2025.06.02	01:56:01.529	0.84333				2
2025.06.02	01:56:02.783	0.84334				2
2025.06.02	01:56:03.578	0.84333				2
2025.06.02	01:56:07.582		0.84335			4
2025.06.02	01:56:07.964		0.84334			4
2025.06.02	01:56:16.860	0.84332				2
2025.06.02	01:56:18.439	0.84333	0.84335			6
2025.06.02	01:56:23.367	0.84334				2
2025.06.02	01:56:24.266	0.84333				2
2025.06.02	01:56:29.637		0.84334			4
2025.06.02	01:56:30.817	0.84334	0.84335			6
2025.06.02	01:56:34.949	0.84333				2
2025.06.02	01:56:38.571		0.84336			4
2025.06.02	01:56:41.562		0.84334			4
2025.06.02	01:56:48.020		0.84335			4
2025.06.02	01:56:52.647	0.84334				2
2025.06.02	01:56:53.326		0.84336			4
2025.06.02	01:56:53.633	0.84335	0.84337			6
2025.06.02	01:56:54.806	0.84336				2
2025.06.02	01:57:00.221	0.84334	0.84335			6
2025.06.02	01:57:00.769	0.84335	0.84336			6
2025.06.02	01:57:15.015	0.84334	0.84335			6
2025.06.02	01:57:15.319	0.84335	0.84336			6
2025.06.02	01:57:26.892	0.84336	0.84337			6
2025.06.02	01:57:27.674		0.84338			4
2025.06.02	01:57:30.237	0.84335				2
2025.06.02	01:57:40.097	0.84336				2
2025.06.02	01:57:45.248	0.84335				2
2025.06.02	01:57:50.536		0.84337			4
2025.06.02	01:57:57.424	0.84336				2
2025.06.02	01:57:58.293	0.84335	0.84338			6
2025.06.02	01:58:01.964	0.84335				2
2025.06.02	01:58:02.324	0.84334	0.84337			6
2025.06.02	01:58:03.324	0.84336				2
2025.06.02	01:58:11.971	0.84335	0.84336			6
2025.06.02	01:58:12.273	0.84336	0.84337			6
2025.06.02	01:58:16.774	0.84335				2
2025.06.02	01:58:18.925		0.84336			4
2025.06.02	01:58:19.476	0.84333				2
2025.06.02	01:58:20.630	0.84334				2
2025.06.02	01:58:21.030	0.84332	0.84335			6
2025.06.02	01:58:28.239	0.84334				2
2025.06.02	01:58:28.846	0.84335	0.84336			6
2025.06.02	01:58:29.644		0.84337			4
2025.06.02	01:58:30.051	0.84333				2
2025.06.02	01:58:50.793	0.84336	0.84338			6
2025.06.02	01:59:02.126	0.84336	0.84337			6
2025.06.02	01:59:02.996	0.84335	0.84336			6
2025.06.02	01:59:13.194	0.84332	0.84335			6
2025.06.02	01:59:13.507	0.84334	0.84336			6
2025.06.02	01:59:14.375		0.84337			4
2025.06.02	01:59:14.991		0.84336			4
2025.06.02	01:59:15.437		0.84338			4
2025.06.02	01:59:15.979		0.84337			4
2025.06.02	01:59:21.527		0.84336			4
2025.06.02	01:59:22.011	0.84333				2
2025.06.02	01:59:24.215	0.84334				2
2025.06.02	01:59:30.810	0.84333				2
2025.06.02	01:59:32.201	0.84334				2
2025.06.02	01:59:35.854	0.84333	0.84335			6
2025.06.02	01:59:36.157	0.84332	0.84334			6
2025.06.02	01:59:43.597		0.84335			4
2025.06.02	01:59:47.801	0.84333				2
2025.06.02	01:59:59.292		0.84336			4
2025.06.02	01:59:59.604	0.84334				2
2025.06.02	02:00:00.343	0.84333				2
2025.06.02	02:00:04.413	0.84332				2
2025.06.02	02:00:04.856	0.84333				2
2025.06.02	02:00:06.008	0.84331				2
2025.06.02	02:00:06.358	0.84335	0.84337			6
2025.06.02	02:00:11.693		0.84338			4
2025.06.02	02:00:18.387	0.84333	0.84336			6
2025.06.02	02:00:19.018	0.84334	0.84337			6
2025.06.02	02:00:22.805	0.84335				2
2025.06.02	02:00:32.525		0.84338			4
2025.06.02	02:00:32.872		0.84337			4
2025.06.02	02:00:35.603	0.84334	0.84336			6
2025.06.02	02:00:38.683		0.84337			4
2025.06.02	02:00:39.792	0.84335				2
2025.06.02	02:00:41.199	0.84336				2
2025.06.02	02:00:41.566	0.84333	0.84335			6
2025.06.02	02:00:46.420	0.84332	0.84334			6
2025.06.02	02:00:52.774	0.84333				2
2025.06.02	02:00:55.962		0.84335			4
2025.06.02	02:00:57.396		0.84336			4
2025.06.02	02:01:00.124	0.84333	0.84335			6
2025.06.02	02:01:00.843		0.84334			4
2025.06.02	02:01:17.951	0.84334	0.84335			6
2025.06.02	02:01:20.082	0.84333	0.84334			6
2025.06.02	02:01:20.922	0.84332	0.84333			6
2025.06.02	02:01:35.117	0.84334	0.84336			6
2025.06.02	02:01:45.128	0.84333	0.84335			6
2025.06.02	02:01:50.768		0.84336			4
2025.06.02	02:01:54.317		0.84335			4
2025.06.02	02:01:54.720		0.84336			4
2025.06.02	02:02:07.818	0.84332	0.84334			6
2025.06.02	02:02:27.937		0.84333			4
2025.06.02	02:02:30.400		0.84334			4
2025.06.02	02:02:34.378		0.84333			4
2025.06.02	02:02:35.669	0.84333	0.84335			6
2025.06.02	02:02:35.977	0.84334				2
2025.06.02	02:02:36.281	0.84332	0.84333			6
2025.06.02	02:02:39.168		0.84334			4
2025.06.02	02:02:40.113		0.84333			4
2025.06.02	02:02:43.950	0.84334	0.84335			6
2025.06.02	02:02:44.260	0.84337	0.84338			6
2025.06.02	02:02:46.999	0.84338	0.84339			6
2025.06.02	02:02:47.329	0.84337	0.84338			6
2025.06.02	02:02:50.628	0.84338	0.84339			6
2025.06.02	02:02:54.370	0.84337	0.84338			6
2025.06.02	02:02:54.767	0.84336	0.84337			6
2025.06.02	02:03:02.849	0.84336				2
2025.06.02	02:03:05.052		0.84338			4
2025.06.02	02:03:06.953	0.84335	0.84337			6
2025.06.02	02:03:08.335	0.84334	0.84336			6
2025.06.02	02:03:09.947	0.84335	0.84337			6
2025.06.02	02:03:12.104		0.84336			4
2025.06.02	02:03:23.618		0.84337			4
2025.06.02	02:03:28.962		0.84336			4
2025.06.02	02:03:33.559	0.84336	0.84338			6
2025.06.02	02:03:33.905		0.84337			4
2025.06.02	02:03:34.219	0.84335				2
2025.06.02	02:03:35.155	0.84336	0.84339			6
2025.06.02	02:03:35.670		0.84338			4
2025.06.02	02:03:39.572	0.84338	0.84340			6
2025.06.02	02:03:39.968	0.84337				2
2025.06.02	02:03:41.494		0.84339			4
2025.06.02	02:03:42.108	0.84336				2
2025.06.02	02:03:42.895		0.84338			4
2025.06.02	02:03:43.476	0.84337				2
2025.06.02	02:03:46.423		0.84339			4
2025.06.02	02:03:48.921	0.84338	0.84340			6
2025.06.02	02:03:58.960		0.84339			4
2025.06.02	02:04:00.087	0.84338				2
2025.06.02	02:04:00.621	0.84337				2
2025.06.02	02:04:02.886	0.84338				2
2025.06.02	02:04:05.750	0.84336				2
2025.06.02	02:04:26.352	0.84337	0.84338			6
2025.06.02	02:04:28.776	0.84336	0.84339			6
2025.06.02	02:04:31.952	0.84337	0.84340			6
2025.06.02	02:04:32.401	0.84338				2
2025.06.02	02:04:33.181	0.84337				2
2025.06.02	02:04:38.477		0.84339			4
2025.06.02	02:04:40.357	0.84336				2
2025.06.02	02:04:42.946	0.84337				2
2025.06.02	02:04:44.400	0.84336	0.84338			6
2025.06.02	02:04:45.836	0.84337	0.84339			6
2025.06.02	02:04:49.702	0.84336	0.84338			6
2025.06.02	02:04:54.477	0.84334	0.84337			6
2025.06.02	02:04:59.044		0.84336			4
2025.06.02	02:04:59.845	0.84333				2
2025.06.02	02:05:00.771	0.84333				2
2025.06.02	02:05:01.081	0.84334				2
2025.06.02	02:05:02.695	0.84333	0.84335			6
2025.06.02	02:05:03.985	0.84331	0.84334			6
2025.06.02	02:05:04.301	0.84332				2
2025.06.02	02:05:12.203	0.84333	0.84336			6
2025.06.02	02:05:13.174		0.84335			4
2025.06.02	02:05:20.046	0.84334	0.84336			6
2025.06.02	02:05:22.459	0.84335	0.84337			6
2025.06.02	02:05:24.440		0.84338			4
2025.06.02	02:05:28.626		0.84337			4
2025.06.02	02:05:40.090	0.84336	0.84339			6
2025.06.02	02:05:41.335	0.84335	0.84337			6
2025.06.02	02:05:44.631	0.84334				2
2025.06.02	02:05:50.714	0.84336				2
2025.06.02	02:05:57.226	0.84335	0.84336			6
2025.06.02	02:06:00.325	0.84335				2
2025.06.02	02:06:03.491	0.84336	0.84337			6
2025.06.02	02:06:04.113		0.84338			4
2025.06.02	02:06:04.424		0.84339			4
2025.06.02	02:06:08.645	0.84337				2
2025.06.02	02:06:13.691	0.84336				2
2025.06.02	02:06:15.587	0.84337				2
2025.06.02	02:06:16.342	0.84336				2
2025.06.02	02:06:16.756		0.84340			4
2025.06.02	02:06:23.561	0.84339	0.84342			6
2025.06.02	02:06:24.184		0.84341			4
2025.06.02	02:06:28.290		0.84342			4
2025.06.02	02:06:29.246	0.84340				2
2025.06.02	02:06:30.874	0.84339				2
2025.06.02	02:06:37.736	0.84338	0.84341			6
2025.06.02	02:06:40.065		0.84340			4
2025.06.02	02:06:42.160		0.84341			4
2025.06.02	02:06:42.604		0.84340			4
2025.06.02	02:06:45.734	0.84336	0.84337			6
2025.06.02	02:06:50.767	0.84335				2
2025.06.02	02:06:54.399	0.84337	0.84338			6
2025.06.02	02:06:58.064	0.84339	0.84340			6
2025.06.02	02:07:00.457	0.84339				2
2025.06.02	02:07:01.375	0.84337				2
2025.06.02	02:07:02.344	0.84336	0.84339			6
2025.06.02	02:07:02.646	0.84337				2
2025.06.02	02:07:03.301	0.84335	0.84338			6
2025.06.02	02:07:05.733		0.84337			4
2025.06.02	02:07:06.918	0.84334				2
2025.06.02	02:07:09.158	0.84335	0.84338			6
2025.06.02	02:07:09.807		0.84337			4
2025.06.02	02:07:10.191		0.84338			4
2025.06.02	02:07:10.842		0.84339			4
2025.06.02	02:07:11.211		0.84337			4
2025.06.02	02:07:32.257	0.84337	0.84339			6
2025.06.02	02:07:35.212	0.84336				2
2025.06.02	02:07:39.254	0.84338	0.84340			6
2025.06.02	02:07:46.438	0.84341	0.84342			6
2025.06.02	02:07:46.740	0.84337	0.84340			6
2025.06.02	02:07:49.167	0.84338				2
2025.06.02	02:07:52.523	0.84337				2
2025.06.02	02:07:53.348	0.84336	0.84339			6
2025.06.02	02:07:57.437	0.84337				2
2025.06.02	02:08:00.317	0.84337				2
2025.06.02	02:08:07.824	0.84340	0.84342			6
2025.06.02	02:08:08.166	0.84342	0.84344			6
2025.06.02	02:08:08.515	0.84341				2
2025.06.02	02:08:10.575		0.84343			4
2025.06.02	02:08:13.439	0.84340				2
2025.06.02	02:08:16.901		0.84342			4
2025.06.02	02:08:33.305		0.84343			4
2025.06.02	02:08:35.357	0.84341				2
2025.06.02	02:08:37.505	0.84340	0.84342			6
2025.06.02	02:08:38.952	0.84339				2
2025.06.02	02:08:48.768	0.84340				2
2025.06.02	02:09:00.662	0.84340				2
2025.06.02	02:09:01.813	0.84339				2
2025.06.02	02:09:08.033		0.84341			4
2025.06.02	02:09:24.763		0.84342			4
2025.06.02	02:09:39.595	0.84340				2
2025.06.02	02:09:49.672		0.84343			4
2025.06.02	02:09:50.105		0.84342			4
2025.06.02	02:09:50.539		0.84343			4
2025.06.02	02:09:58.894		0.84342			4
2025.06.02	02:10:00.840	0.84340				2
2025.06.02	02:10:06.001		0.84343			4
2025.06.02	02:10:06.499		0.84342			4
2025.06.02	02:10:06.872	0.84339	0.84341			6
2025.06.02	02:10:11.241		0.84342			4
2025.06.02	02:10:19.859		0.84341			4
2025.06.02	02:10:24.350	0.84340	0.84342			6
2025.06.02	02:10:35.949	0.84341	0.84343			6
2025.06.02	02:10:39.738	0.84340				2
2025.06.02	02:10:47.550		0.84342			4
2025.06.02	02:10:57.476		0.84343			4
2025.06.02	02:11:00.158	0.84340				2
2025.06.02	02:11:00.488		0.84342			4
2025.06.02	02:11:03.724	0.84341	0.84343			6
2025.06.02	02:11:06.433		0.84344			4
2025.06.02	02:11:07.335	0.84342	0.84345			6
2025.06.02	02:11:09.259	0.84343				2
2025.06.02	02:11:21.235	0.84340	0.84342			6
2025.06.02	02:11:21.818	0.84339	0.84341			6
2025.06.02	02:11:22.258	0.84338	0.84340			6
2025.06.02	02:11:30.331	0.84337	0.84339			6
2025.06.02	02:11:31.464		0.84340			4
2025.06.02	02:11:32.724	0.84339				2
2025.06.02	02:11:34.361	0.84337				2
2025.06.02	02:11:38.222		0.84339			4
2025.06.02	02:11:43.093	0.84338	0.84340			6
2025.06.02	02:11:44.621	0.84340	0.84342			6
2025.06.02	02:11:49.561	0.84341				2
2025.06.02	02:11:50.009	0.84340				2
2025.06.02	02:12:01.295	0.84340				2
2025.06.02	02:12:02.783		0.84343			4
2025.06.02	02:12:03.092	0.84341				2
2025.06.02	02:12:13.197	0.84340	0.84342			6
2025.06.02	02:12:17.735	0.84339				2
2025.06.02	02:12:19.939	0.84340				2
2025.06.02	02:12:31.485	0.84341				2
2025.06.02	02:12:33.059	0.84342	0.84344			6
2025.06.02	02:12:49.007		0.84345			4
2025.06.02	02:12:57.079	0.84343				2
2025.06.02	02:12:59.220		0.84346			4
2025.06.02	02:13:01.209	0.84343				2
2025.06.02	02:13:01.597	0.84344	0.84345			6
2025.06.02	02:13:02.860	0.84342				2
2025.06.02	02:13:03.195		0.84344			4
2025.06.02	02:13:05.341		0.84345			4
2025.06.02	02:13:09.644		0.84344			4
2025.06.02	02:13:14.266		0.84343			4
2025.06.02	02:13:14.711	0.84340	0.84342			6
2025.06.02	02:13:26.142	0.84341	0.84343			6
2025.06.02	02:13:29.702	0.84339	0.84341			6
2025.06.02	02:13:30.020		0.84340			4
2025.06.02	02:13:30.322	0.84340	0.84342			6
2025.06.02	02:13:32.203	0.84339	0.84341			6
2025.06.02	02:13:32.595	0.84338	0.84339			6
2025.06.02	02:13:33.370	0.84337	0.84338			6
2025.06.02	02:13:33.737	0.84335	0.84336			6
2025.06.02	02:13:43.126	0.84336	0.84337			6
2025.06.02	02:13:43.596		0.84338			4
2025.06.02	02:13:50.480		0.84337			4
2025.06.02	02:13:52.776	0.84335	0.84338			6
2025.06.02	02:14:00.744	0.84336	0.84339			6
2025.06.02	02:14:01.782	0.84335				2
2025.06.02	02:14:03.603	0.84336				2
2025.06.02	02:14:06.959	0.84337				2
2025.06.02	02:14:09.201	0.84335	0.84337			6
2025.06.02	02:14:14.156	0.84336	0.84338			6
2025.06.02	02:14:21.495	0.84335	0.84337			6
2025.06.02	02:14:28.408	0.84334				2
2025.06.02	02:14:34.890		0.84335			4
2025.06.02	02:14:35.587		0.84336			4
2025.06.02	02:14:36.955		0.84335			4
2025.06.02	02:14:42.186	0.84332	0.84336			6
2025.06.02	02:14:46.273		0.84335			4
2025.06.02	02:14:52.361	0.84333				2
2025.06.02	02:15:01.193	0.84333				2
2025.06.02	02:15:01.551	0.84332				2
2025.06.02	02:15:04.651	0.84333				2
2025.06.02	02:15:13.974	0.84334	0.84336			6
2025.06.02	02:15:20.941	0.84335				2
2025.06.02	02:15:21.594	0.84334	0.84335			6
2025.06.02	02:15:24.617	0.84333				2
2025.06.02	02:15:24.920	0.84334	0.84336			6
2025.06.02	02:15:25.378		0.84335			4
2025.06.02	02:15:25.695	0.84332				2
2025.06.02	02:15:28.957		0.84334			4
2025.06.02	02:15:30.861	0.84331				2
2025.06.02	02:15:34.200	0.84332				2
2025.06.02	02:15:37.670	0.84333	0.84335			6
2025.06.02	02:15:38.213	0.84332	0.84334			6
2025.06.02	02:15:38.524	0.84331	0.84332			6
2025.06.02	02:15:40.222	0.84332	0.84333			6
2025.06.02	02:15:48.441	0.84331	0.84332			6
2025.06.02	02:15:51.040		0.84333			4
2025.06.02	02:15:52.138		0.84334			4
2025.06.02	02:15:52.897		0.84333			4
2025.06.02	02:15:53.730		0.84334			4
2025.06.02	02:15:54.070	0.84332	0.84333			6
2025.06.02	02:15:55.820	0.84331	0.84332			6
2025.06.02	02:15:57.376		0.84333			4
2025.06.02	02:16:00.580	0.84331				2
2025.06.02	02:16:08.224		0.84334			4
2025.06.02	02:16:15.681	0.84333				2
2025.06.02	02:16:30.690	0.84332				2
2025.06.02	02:16:31.803		0.84335			4
2025.06.02	02:16:33.339		0.84334			4
2025.06.02	02:16:43.802		0.84335			4
2025.06.02	02:16:46.322	0.84333				2
2025.06.02	02:16:57.388	0.84332	0.84333			6
2025.06.02	02:17:00.355	0.84332				2
2025.06.02	02:17:02.384	0.84333	0.84334			6
2025.06.02	02:17:03.920		0.84335			4
2025.06.02	02:17:08.746	0.84332				2
2025.06.02	02:17:11.688	0.84333				2
2025.06.02	02:17:12.191	0.84332	0.84334			6
2025.06.02	02:17:21.794		0.84335			4
2025.06.02	02:17:29.028	0.84333				2
2025.06.02	02:17:35.896	0.84332				2
2025.06.02	02:17:50.307		0.84334			4
2025.06.02	02:18:01.249	0.84333	0.84335			6
2025.06.02	02:18:10.795		0.84336			4
2025.06.02	02:18:15.728		0.84337			4
2025.06.02	02:18:18.189		0.84336			4
2025.06.02	02:18:23.518		0.84335			4
2025.06.02	02:18:45.372	0.84334	0.84336			6
2025.06.02	02:18:45.931	0.84333	0.84335			6
2025.06.02	02:19:00.521	0.84333				2
2025.06.02	02:19:12.371	0.84332				2
2025.06.02	02:19:20.348		0.84334			4
2025.06.02	02:19:20.664	0.84333	0.84336			6
2025.06.02	02:19:20.977	0.84332	0.84335			6
2025.06.02	02:19:29.158	0.84331	0.84333			6
2025.06.02	02:19:35.450		0.84332			4
2025.06.02	02:19:41.442	0.84330				2
2025.06.02	02:19:47.519		0.84333			4
2025.06.02	02:19:49.655		0.84332			4
2025.06.02	02:19:50.093	0.84331				2
2025.06.02	02:19:50.609	0.84330				2
2025.06.02	02:19:59.174	0.84332	0.84334			6
2025.06.02	02:20:03.373	0.84332				2
2025.06.02	02:20:10.953		0.84333			4
2025.06.02	02:20:18.797	0.84331				2
2025.06.02	02:20:19.540		0.84334			4
2025.06.02	02:20:23.381	0.84333	0.84335			6
2025.06.02	02:20:25.866	0.84332	0.84333			6
2025.06.02	02:20:32.068	0.84331	0.84332			6
2025.06.02	02:20:38.609	0.84330				2
2025.06.02	02:20:38.926		0.84333			4
2025.06.02	02:20:39.405	0.84331	0.84334			6
2025.06.02	02:20:44.413		0.84333			4
2025.06.02	02:20:45.581		0.84334			4
2025.06.02	02:20:46.432	0.84332				2
2025.06.02	02:20:55.512	0.84331	0.84333			6
2025.06.02	02:20:59.070		0.84334			4
2025.06.02	02:21:00.303	0.84331				2
2025.06.02	02:21:01.926		0.84333			4
2025.06.02	02:21:06.968		0.84332			4
2025.06.02	02:21:13.471	0.84330				2
2025.06.02	02:21:14.181	0.84331				2
2025.06.02	02:21:18.353	0.84330				2
2025.06.02	02:21:19.609	0.84332	0.84334			6
2025.06.02	02:21:20.221	0.84331	0.84332			6
2025.06.02	02:21:21.322	0.84332	0.84333			6
2025.06.02	02:21:29.475	0.84331	0.84332			6
2025.06.02	02:21:29.787	0.84332	0.84333			6
2025.06.02	02:21:31.512	0.84333	0.84335			6
2025.06.02	02:21:38.404		0.84334			4
2025.06.02	02:21:44.227		0.84335			4
2025.06.02	02:22:00.667	0.84332	0.84334			6
2025.06.02	02:22:00.980	0.84333				2
2025.06.02	02:22:23.388	0.84332	0.84333			6
2025.06.02	02:22:27.802	0.84331	0.84334			6
2025.06.02	02:22:28.806	0.84332				2
2025.06.02	02:22:31.262	0.84331	0.84333			6
2025.06.02	02:22:34.095	0.84332				2
2025.06.02	02:22:39.002		0.84334			4
2025.06.02	02:22:58.157	0.84333	0.84335			6
2025.06.02	02:22:58.527	0.84332				2
2025.06.02	02:23:00.314	0.84332				2
2025.06.02	02:23:03.371	0.84333				2
2025.06.02	02:23:05.047	0.84332	0.84334			6
2025.06.02	02:23:19.810		0.84333			4
2025.06.02	02:23:23.151	0.84334	0.84336			6
2025.06.02	02:23:25.155	0.84333				2
2025.06.02	02:23:25.464	0.84334				2
2025.06.02	02:23:25.988		0.84335			4
2025.06.02	02:23:32.125	0.84333				2
2025.06.02	02:23:32.444		0.84336			4
2025.06.02	02:23:34.732		0.84335			4
2025.06.02	02:23:39.392	0.84332	0.84334			6
2025.06.02	02:23:42.369	0.84333				2
2025.06.02	02:23:43.659	0.84332	0.84333			6
2025.06.02	02:23:55.226	0.84333	0.84334			6
2025.06.02	02:24:03.436	0.84333				2
2025.06.02	02:24:23.392	0.84330	0.84331			6
2025.06.02	02:24:23.700	0.84331	0.84332			6
2025.06.02	02:24:25.677	0.84330	0.84331			6
2025.06.02	02:24:29.516	0.84329				2
2025.06.02	02:24:47.924	0.84328				2
2025.06.02	02:24:50.005	0.84329				2
2025.06.02	02:25:00.316	0.84329				2
2025.06.02	02:25:01.769		0.84330			4
2025.06.02	02:25:04.186	0.84328	0.84329			6
2025.06.02	02:25:09.790	0.84327	0.84328			6
2025.06.02	02:25:12.892	0.84328	0.84330			6
2025.06.02	02:25:21.330		0.84329			4
2025.06.02	02:25:27.273	0.84327	0.84328			6
2025.06.02	02:25:29.593		0.84329			4
2025.06.02	02:25:33.658		0.84328			4
2025.06.02	02:25:39.180		0.84329			4
2025.06.02	02:25:39.751	0.84328				2
2025.06.02	02:25:41.357		0.84330			4
2025.06.02	02:25:41.826		0.84331			4
2025.06.02	02:25:54.673		0.84330			4
2025.06.02	02:25:58.724		0.84331			4
2025.06.02	02:26:01.396	0.84328	0.84330			6
2025.06.02	02:26:05.910		0.84331			4
2025.06.02	02:26:07.021		0.84330			4
2025.06.02	02:26:10.482		0.84331			4
2025.06.02	02:26:21.448		0.84330			4
2025.06.02	02:26:43.620	0.84330	0.84331			6
2025.06.02	02:26:59.816	0.84328				2
2025.06.02	02:27:01.116	0.84328				2
2025.06.02	02:27:06.621	0.84329				2
2025.06.02	02:27:21.572	0.84330	0.84332			6
2025.06.02	02:27:36.558	0.84332	0.84334			6
2025.06.02	02:27:48.739	0.84333	0.84335			6
2025.06.02	02:27:49.964	0.84332				2
2025.06.02	02:28:00.380	0.84332				2
2025.06.02	02:28:03.342	0.84333	0.84334			6
2025.06.02	02:28:06.722	0.84331	0.84332			6
2025.06.02	02:28:07.126	0.84330				2
2025.06.02	02:28:11.129	0.84329				2
2025.06.02	02:28:22.898		0.84331			4
2025.06.02	02:28:28.648		0.84332			4
2025.06.02	02:28:30.976	0.84330				2
2025.06.02	02:28:31.905	0.84332	0.84333			6
2025.06.02	02:28:34.561		0.84334			4
2025.06.02	02:28:59.378	0.84334	0.84337			6
2025.06.02	02:28:59.735	0.84337	0.84339			6
2025.06.02	02:29:00.168	0.84338	0.84340			6
2025.06.02	02:29:05.612	0.84337	0.84339			6
2025.06.02	02:29:07.376		0.84340			4
2025.06.02	02:29:17.405	0.84338				2
2025.06.02	02:29:18.621	0.84337				2
2025.06.02	02:29:19.036	0.84338				2
2025.06.02	02:29:30.615	0.84340	0.84342			6
2025.06.02	02:29:30.922	0.84339	0.84341			6
2025.06.02	02:29:31.224	0.84338				2
2025.06.02	02:29:31.557		0.84340			4
2025.06.02	02:29:33.861	0.84337				2
2025.06.02	02:29:48.286	0.84338				2
2025.06.02	02:29:50.925	0.84337				2
2025.06.02	02:30:00.112	0.84337				2
2025.06.02	02:30:00.444	0.84338				2
2025.06.02	02:30:01.199	0.84339				2
2025.06.02	02:30:01.503		0.84341			4
2025.06.02	02:30:04.330	0.84341	0.84343			6
2025.06.02	02:30:04.948	0.84340	0.84342			6
2025.06.02	02:30:05.598	0.84339				2
2025.06.02	02:30:07.695	0.84338	0.84341			6
2025.06.02	02:30:08.978	0.84339				2
2025.06.02	02:30:10.629		0.84342			4
2025.06.02	02:30:12.378		0.84341			4
2025.06.02	02:30:24.543	0.84338				2
2025.06.02	02:30:25.038	0.84337	0.84340			6
2025.06.02	02:30:32.924	0.84338	0.84341			6
2025.06.02	02:30:35.015	0.84337	0.84342			6
2025.06.02	02:30:35.733	0.84338				2
2025.06.02	02:30:36.042	0.84339	0.84341			6
2025.06.02	02:30:51.771	0.84338	0.84340			6
2025.06.02	02:31:00.240	0.84338				2
2025.06.02	02:31:04.375	0.84336	0.84337			6
2025.06.02	02:31:05.368	0.84337	0.84338			6
2025.06.02	02:31:12.394	0.84338	0.84340			6
2025.06.02	02:31:13.109	0.84337	0.84339			6
2025.06.02	02:31:13.420	0.84336	0.84337			6
2025.06.02	02:31:20.347	0.84335	0.84336			6
2025.06.02	02:31:27.145	0.84334	0.84337			6
2025.06.02	02:31:28.442	0.84335				2
2025.06.02	02:31:29.331	0.84334				2
2025.06.02	02:31:38.888	0.84335				2
2025.06.02	02:31:41.720	0.84333	0.84336			6
2025.06.02	02:31:42.046	0.84334				2
2025.06.02	02:31:42.364	0.84333	0.84335			6
2025.06.02	02:31:45.723	0.84334	0.84337			6
2025.06.02	02:31:46.039		0.84336			4
2025.06.02	02:31:46.346	0.84333				2
2025.06.02	02:31:47.664		0.84335			4
2025.06.02	02:31:58.170		0.84336			4
2025.06.02	02:32:00.460	0.84335	0.84337			6
2025.06.02	02:32:03.436	0.84334	0.84335			6
2025.06.02	02:32:08.113		0.84336			4
2025.06.02	02:32:11.483	0.84332	0.84334			6
2025.06.02	02:32:18.342		0.84335			4
2025.06.02	02:32:20.434	0.84333				2
2025.06.02	02:32:21.162		0.84336			4
2025.06.02	02:32:21.481	0.84334				2
2025.06.02	02:32:21.787		0.84335			4
2025.06.02	02:32:28.629	0.84332	0.84334			6
2025.06.02	02:32:30.328	0.84334	0.84335			6
2025.06.02	02:32:31.693		0.84336			4
2025.06.02	02:32:38.216	0.84333				2
2025.06.02	02:32:41.718		0.84335			4
2025.06.02	02:32:58.193	0.84335	0.84337			6
2025.06.02	02:32:58.502	0.84334	0.84336			6
2025.06.02	02:33:00.372	0.84334				2
2025.06.02	02:33:01.231	0.84333				2
2025.06.02	02:33:04.930		0.84335			4
2025.06.02	02:33:16.268		0.84336			4
2025.06.02	02:33:21.149		0.84335			4
2025.06.02	02:33:21.783		0.84336			4
2025.06.02	02:33:24.367	0.84334	0.84335			6
2025.06.02	02:33:30.263	0.84333	0.84334			6
2025.06.02	02:33:30.707		0.84335			4
2025.06.02	02:33:46.357	0.84334	0.84336			6
2025.06.02	02:33:53.678	0.84333				2
2025.06.02	02:34:00.318	0.84333				2
2025.06.02	02:34:02.118		0.84335			4
2025.06.02	02:34:03.044		0.84336			4
2025.06.02	02:34:05.333		0.84335			4
2025.06.02	02:34:05.656		0.84336			4
2025.06.02	02:34:08.564		0.84335			4
2025.06.02	02:34:16.411	0.84332	0.84334			6
2025.06.02	02:34:25.380	0.84333	0.84335			6
2025.06.02	02:34:43.407	0.84334	0.84336			6
2025.06.02	02:34:56.488		0.84335			4
2025.06.02	02:34:58.379		0.84336			4
2025.06.02	02:35:02.511	0.84334				2
2025.06.02	02:35:16.926		0.84335			4
2025.06.02	02:35:18.624	0.84333	0.84334			6
2025.06.02	02:35:19.145	0.84334	0.84335			6
2025.06.02	02:35:22.089	0.84335	0.84336			6
2025.06.02	02:35:28.889	0.84334	0.84335			6
2025.06.02	02:35:34.084	0.84333	0.84334			6
2025.06.02	02:35:34.399	0.84332	0.84333			6
2025.06.02	02:35:35.239	0.84331	0.84332			6
2025.06.02	02:35:35.575	0.84333	0.84334			6
2025.06.02	02:35:35.877	0.84332				2
2025.06.02	02:35:37.321	0.84331	0.84333			6
2025.06.02	02:35:38.196		0.84334			4
2025.06.02	02:35:39.407		0.84333			4
2025.06.02	02:35:42.331	0.84330				2
2025.06.02	02:35:51.206	0.84331				2
2025.06.02	02:35:53.753	0.84333	0.84334			6
2025.06.02	02:35:56.341	0.84331	0.84332			6
2025.06.02	02:36:00.397	0.84330	0.84331			6
2025.06.02	02:36:01.361		0.84332			4
2025.06.02	02:36:04.457		0.84333			4
2025.06.02	02:36:06.190	0.84331				2
2025.06.02	02:36:12.996	0.84330				2
2025.06.02	02:36:13.307	0.84329	0.84331			6
2025.06.02	02:36:23.749	0.84328	0.84330			6
2025.06.02	02:36:39.111	0.84329	0.84331			6
2025.06.02	02:36:44.366	0.84328				2
2025.06.02	02:36:49.847		0.84330			4
2025.06.02	02:36:55.757	0.84329				2
2025.06.02	02:36:56.981	0.84328				2
2025.06.02	02:37:00.424	0.84328				2
2025.06.02	02:37:01.649	0.84327				2
2025.06.02	02:37:03.486		0.84328			4
2025.06.02	02:37:05.219	0.84328	0.84330			6
2025.06.02	02:37:12.316	0.84329	0.84331			6
2025.06.02	02:37:12.840	0.84328	0.84330			6
2025.06.02	02:37:16.538		0.84331			4
2025.06.02	02:37:20.928		0.84330			4
2025.06.02	02:37:22.300		0.84329			4
2025.06.02	02:37:42.646		0.84330			4
2025.06.02	02:37:44.848		0.84329			4
2025.06.02	02:37:47.516		0.84330			4
2025.06.02	02:37:57.152	0.84327				2
2025.06.02	02:38:00.637	0.84328				2
2025.06.02	02:38:08.570		0.84329			4
2025.06.02	02:38:21.091	0.84329	0.84331			6
2025.06.02	02:38:58.973		0.84330			4
2025.06.02	02:39:00.350	0.84329				2
2025.06.02	02:39:10.102	0.84328				2
2025.06.02	02:39:11.699		0.84329			4
2025.06.02	02:39:18.595		0.84331			4
2025.06.02	02:39:29.175		0.84329			4
2025.06.02	02:39:30.533	0.84325	0.84327			6
2025.06.02	02:39:31.061		0.84328			4
2025.06.02	02:39:33.717	0.84326				2
2025.06.02	02:39:36.976	0.84323	0.84326			6
2025.06.02	02:39:41.705	0.84326	0.84327			6
2025.06.02	02:39:42.605	0.84327	0.84328			6
2025.06.02	02:39:42.921	0.84328	0.84329			6
2025.06.02	02:39:48.151	0.84327				2
2025.06.02	02:39:49.072		0.84330			4
2025.06.02	02:39:55.240		0.84329			4
2025.06.02	02:40:00.756	0.84327				2
2025.06.02	02:40:09.210	0.84329	0.84332			6
2025.06.02	02:40:09.995		0.84331			4
2025.06.02	02:40:13.358	0.84328				2
2025.06.02	02:40:20.288		0.84330			4
2025.06.02	02:40:36.563		0.84331			4
2025.06.02	02:40:45.552		0.84330			4
2025.06.02	02:41:01.296	0.84328				2
2025.06.02	02:41:14.581	0.84327				2
2025.06.02	02:41:15.164	0.84325	0.84327			6
2025.06.02	02:41:15.475	0.84326				2
2025.06.02	02:41:21.033	0.84325	0.84328			6
2025.06.02	02:41:21.383	0.84326				2
2025.06.02	02:41:26.238	0.84327	0.84329			6
2025.06.02	02:41:26.538		0.84330			4
2025.06.02	02:41:27.924		0.84329			4
2025.06.02	02:41:37.054		0.84330			4
2025.06.02	02:41:38.019		0.84329			4
2025.06.02	02:41:39.135	0.84326				2
2025.06.02	02:41:39.441		0.84327			4
2025.06.02	02:41:44.285	0.84325				2
2025.06.02	02:41:44.595	0.84323	0.84326			6
2025.06.02	02:41:45.026	0.84324				2
2025.06.02	02:42:00.487	0.84324				2
2025.06.02	02:42:00.864	0.84325	0.84327			6
2025.06.02	02:42:16.935		0.84326			4
2025.06.02	02:42:17.247	0.84324				2
2025.06.02	02:42:18.175	0.84325				2
2025.06.02	02:42:22.357	0.84324				2
2025.06.02	02:42:38.809	0.84327	0.84329			6
2025.06.02	02:42:39.133	0.84325				2
2025.06.02	02:42:39.446	0.84326				2
2025.06.02	02:42:43.305	0.84327				2
2025.06.02	02:42:45.663		0.84328			4
2025.06.02	02:42:46.061	0.84326	0.84327			6
2025.06.02	02:42:48.612	0.84325				2
2025.06.02	02:42:49.162	0.84324	0.84326			6
2025.06.02	02:42:49.532		0.84325			4
2025.06.02	02:42:49.869	0.84323	0.84324			6
2025.06.02	02:42:50.177		0.84325			4
2025.06.02	02:42:52.055	0.84324				2
2025.06.02	02:42:55.353		0.84326			4
2025.06.02	02:42:55.656	0.84323				2
2025.06.02	02:42:56.010		0.84325			4
2025.06.02	02:42:58.380		0.84324			4
2025.06.02	02:43:00.583	0.84323	0.84325			6
2025.06.02	02:43:10.779		0.84324			4
2025.06.02	02:43:13.152		0.84325			4
2025.06.02	02:43:13.458	0.84324	0.84326			6
2025.06.02	02:43:13.972	0.84319	0.84322			6
2025.06.02	02:43:14.344	0.84322	0.84323			6
2025.06.02	02:43:14.661	0.84321	0.84322			6
2025.06.02	02:43:26.732		0.84323			4
2025.06.02	02:43:30.410	0.84322				2
2025.06.02	02:43:37.264	0.84321				2
2025.06.02	02:43:45.138	0.84323	0.84325			6
2025.06.02	02:43:53.946		0.84324			4
2025.06.02	02:43:58.651	0.84322	0.84323			6
2025.06.02	02:44:00.497	0.84322				2
2025.06.02	02:44:05.757		0.84324			4
2025.06.02	02:44:06.471	0.84323				2
2025.06.02	02:44:15.306	0.84322	0.84323			6
2025.06.02	02:44:15.837	0.84320	0.84325			6
2025.06.02	02:44:16.138	0.84322	0.84323			6
2025.06.02	02:44:17.776	0.84323	0.84324			6
2025.06.02	02:44:20.917	0.84322	0.84323			6
2025.06.02	02:44:21.385	0.84320	0.84321			6
2025.06.02	02:44:28.962		0.84322			4
2025.06.02	02:44:31.720	0.84318	0.84321			6
2025.06.02	02:44:32.038	0.84319				2
2025.06.02	02:44:32.936		0.84322			4
2025.06.02	02:44:37.906		0.84321			4
2025.06.02	02:44:42.842		0.84322			4
2025.06.02	02:44:43.954	0.84318	0.84319			6
2025.06.02	02:44:45.279	0.84317	0.84318			6
2025.06.02	02:44:49.108	0.84318	0.84320			6
2025.06.02	02:45:00.465	0.84318				2
2025.06.02	02:45:02.569	0.84317				2
2025.06.02	02:45:03.864	0.84318				2
2025.06.02	02:45:05.615		0.84321			4
2025.06.02	02:45:05.919	0.84317	0.84320			6
2025.06.02	02:45:07.096	0.84318				2
2025.06.02	02:45:07.795		0.84319			4
2025.06.02	02:45:10.777		0.84320			4
2025.06.02	02:45:18.985	0.84316	0.84319			6
2025.06.02	02:45:19.352		0.84318			4
2025.06.02	02:45:19.713	0.84318	0.84319			6
2025.06.02	02:45:21.961	0.84317	0.84318			6
2025.06.02	02:45:22.633	0.84318	0.84319			6
2025.06.02	02:45:27.065	0.84319	0.84320			6
2025.06.02	02:45:27.722	0.84314	0.84317			6
2025.06.02	02:45:28.938	0.84315	0.84316			6
2025.06.02	02:45:29.627	0.84314				2
2025.06.02	02:45:30.076		0.84315			4
2025.06.02	02:45:32.320	0.84313				2
