<DATE>	<TIME>	<BID>	<ASK>	<LAST>	<VOLUME>	<FLAGS>
2025.07.15	00:03:30.673	0.86778	0.86937			6
2025.07.15	00:04:02.628	0.86778	0.86939			6
2025.07.15	00:04:07.047	0.86775				2
2025.07.15	00:04:22.878		0.86934			4
2025.07.15	00:04:43.273		0.86921			4
2025.07.15	00:05:00.565	0.86775				2
2025.07.15	00:05:06.084	0.86801				2
2025.07.15	00:05:07.261	0.86807				2
2025.07.15	00:05:10.798	0.86790				2
2025.07.15	00:05:12.350	0.86783				2
2025.07.15	00:05:14.593	0.86780	0.86919			6
2025.07.15	00:05:15.482	0.86781	0.86920			6
2025.07.15	00:05:15.804	0.86783	0.86921			6
2025.07.15	00:05:20.897	0.86781	0.86920			6
2025.07.15	00:05:22.369	0.86787	0.86914			6
2025.07.15	00:05:22.759	0.86783	0.86927			6
2025.07.15	00:05:24.056	0.86775	0.86939			6
2025.07.15	00:05:34.354	0.86801				2
2025.07.15	00:05:35.709	0.86799				2
2025.07.15	00:05:41.974	0.86802				2
2025.07.15	00:05:45.774	0.86804				2
2025.07.15	00:05:50.317	0.86798				2
2025.07.15	00:05:51.055	0.86797				2
2025.07.15	00:05:56.237	0.86796	0.86929			6
2025.07.15	00:06:00.361	0.86797				2
2025.07.15	00:06:00.677	0.86791				2
2025.07.15	00:06:02.125	0.86792				2
2025.07.15	00:06:02.432	0.86791				2
2025.07.15	00:06:07.258	0.86790				2
2025.07.15	00:06:09.603	0.86791				2
2025.07.15	00:06:10.369	0.86790				2
2025.07.15	00:06:26.353	0.86789				2
2025.07.15	00:06:27.358	0.86790				2
2025.07.15	00:06:27.844	0.86789				2
2025.07.15	00:06:28.974	0.86802				2
2025.07.15	00:06:38.349	0.86803				2
2025.07.15	00:06:52.321	0.86804				2
2025.07.15	00:06:56.239		0.86929			4
2025.07.15	00:07:00.495	0.86803				2
2025.07.15	00:07:02.748	0.86804				2
2025.07.15	00:07:23.978	0.86808				2
2025.07.15	00:07:57.058		0.86929			4
2025.07.15	00:08:00.365	0.86808				2
2025.07.15	00:08:57.256		0.86929			4
2025.07.15	00:09:00.317	0.86809				2
2025.07.15	00:09:04.368	0.86810				2
2025.07.15	00:09:06.360	0.86809				2
2025.07.15	00:09:08.348	0.86808				2
2025.07.15	00:09:12.350	0.86809				2
2025.07.15	00:09:22.351	0.86810				2
2025.07.15	00:09:24.366	0.86809				2
2025.07.15	00:09:26.350	0.86808				2
2025.07.15	00:09:28.369	0.86809				2
2025.07.15	00:09:38.361	0.86810				2
2025.07.15	00:09:40.352	0.86809				2
2025.07.15	00:09:42.352	0.86808				2
2025.07.15	00:09:46.346	0.86809				2
2025.07.15	00:09:51.969		0.86922			4
2025.07.15	00:09:52.350	0.86807				2
2025.07.15	00:10:00.330	0.86807				2
2025.07.15	00:10:03.362	0.86808				2
2025.07.15	00:10:08.094	0.86807				2
2025.07.15	00:10:11.902	0.86845	0.86902			6
2025.07.15	00:11:00.086	0.86845				2
2025.07.15	00:11:11.919		0.86902			4
2025.07.15	00:11:19.198	0.86807	0.86922			6
2025.07.15	00:11:25.475	0.86845	0.86902			6
2025.07.15	00:11:26.419	0.86807	0.86922			6
2025.07.15	00:11:32.349	0.86845	0.86902			6
2025.07.15	00:11:33.286	0.86807	0.86922			6
2025.07.15	00:12:00.439	0.86807				2
2025.07.15	00:12:33.760		0.86922			4
2025.07.15	00:12:46.502	0.86818				2
2025.07.15	00:12:48.352	0.86810				2
2025.07.15	00:12:52.348	0.86809				2
2025.07.15	00:12:53.782	0.86814				2
2025.07.15	00:12:58.282	0.86817				2
2025.07.15	00:13:00.492	0.86817				2
2025.07.15	00:13:06.350	0.86818				2
2025.07.15	00:13:07.850	0.86819				2
2025.07.15	00:13:11.381	0.86826				2
2025.07.15	00:13:13.129	0.86824				2
2025.07.15	00:13:15.084	0.86823				2
2025.07.15	00:13:19.703	0.86808				2
2025.07.15	00:13:20.358	0.86807				2
2025.07.15	00:13:34.884	0.86782	0.86922			6
2025.07.15	00:13:36.353	0.86772				2
2025.07.15	00:13:39.983	0.86777				2
2025.07.15	00:13:40.288	0.86772				2
2025.07.15	00:13:57.941	0.86788				2
2025.07.15	00:13:58.352	0.86784				2
2025.07.15	00:14:00.837	0.86786				2
2025.07.15	00:14:03.630	0.86788				2
2025.07.15	00:14:06.983	0.86787				2
2025.07.15	00:14:08.188	0.86790				2
2025.07.15	00:14:12.787	0.86817				2
2025.07.15	00:14:21.806	0.86816				2
2025.07.15	00:14:24.351	0.86817				2
2025.07.15	00:14:26.361	0.86809				2
2025.07.15	00:14:31.398	0.86811				2
2025.07.15	00:14:34.988		0.86922			4
2025.07.15	00:14:36.349	0.86815				2
2025.07.15	00:14:36.774	0.86766				2
2025.07.15	00:14:40.065	0.86762				2
2025.07.15	00:14:41.655	0.86767				2
2025.07.15	00:14:41.960	0.86763				2
2025.07.15	00:14:43.177	0.86762				2
2025.07.15	00:14:46.571	0.86763				2
2025.07.15	00:14:47.483	0.86762				2
2025.07.15	00:14:56.263	0.86759				2
2025.07.15	00:15:00.452	0.86773				2
2025.07.15	00:15:02.420	0.86781				2
2025.07.15	00:15:20.358	0.86785				2
2025.07.15	00:15:21.277	0.86805				2
2025.07.15	00:15:22.090	0.86803				2
2025.07.15	00:15:22.431	0.86802				2
2025.07.15	00:15:26.185	0.86803				2
2025.07.15	00:15:27.509	0.86802				2
2025.07.15	00:15:28.583	0.86807				2
2025.07.15	00:15:36.383		0.86922			4
2025.07.15	00:15:38.784	0.86813				2
2025.07.15	00:15:40.662	0.86824				2
2025.07.15	00:15:42.028	0.86817				2
2025.07.15	00:15:42.822		0.86912			4
2025.07.15	00:15:43.771	0.86818				2
2025.07.15	00:16:01.282	0.86818				2
2025.07.15	00:16:04.991	0.86819				2
2025.07.15	00:16:11.358	0.86811				2
2025.07.15	00:16:22.037	0.86808				2
2025.07.15	00:16:24.287	0.86809				2
2025.07.15	00:16:25.601	0.86810				2
2025.07.15	00:16:34.574	0.86801				2
2025.07.15	00:16:34.956	0.86807				2
2025.07.15	00:16:42.824		0.86912			4
2025.07.15	00:16:45.696	0.86814				2
2025.07.15	00:16:47.427	0.86819				2
2025.07.15	00:16:48.620	0.86812				2
2025.07.15	00:16:50.483	0.86817	0.86934			6
2025.07.15	00:16:50.810		0.86938			4
2025.07.15	00:16:51.120	0.86818				2
2025.07.15	00:16:52.582	0.86811	0.86935			6
2025.07.15	00:16:53.274	0.86817	0.86934			6
2025.07.15	00:16:54.274	0.86818				2
2025.07.15	00:16:54.612	0.86812	0.86935			6
2025.07.15	00:16:55.045	0.86813				2
2025.07.15	00:16:56.205	0.86814	0.86938			6
2025.07.15	00:17:00.362	0.86814				2
2025.07.15	00:17:05.999	0.86810	0.86926			6
2025.07.15	00:17:08.051	0.86812				2
2025.07.15	00:17:09.982	0.86813				2
2025.07.15	00:17:11.071	0.86812				2
2025.07.15	00:17:19.538	0.86814				2
2025.07.15	00:17:20.044	0.86811				2
2025.07.15	00:17:21.638	0.86812	0.86928			6
2025.07.15	00:17:27.281	0.86808	0.86926			6
2025.07.15	00:17:34.326	0.86813	0.86929			6
2025.07.15	00:17:35.609		0.86928			4
2025.07.15	00:17:36.651		0.86929			4
2025.07.15	00:17:37.618	0.86808				2
2025.07.15	00:17:38.975		0.86923			4
2025.07.15	00:17:49.279		0.86914			4
2025.07.15	00:17:49.579	0.86810				2
2025.07.15	00:17:52.005	0.86811				2
2025.07.15	00:17:56.545	0.86812				2
2025.07.15	00:18:01.218	0.86812				2
2025.07.15	00:18:03.388	0.86803	0.86905			6
2025.07.15	00:18:13.990	0.86804	0.86904			6
2025.07.15	00:18:18.993	0.86805	0.86903			6
2025.07.15	00:18:37.631	0.86806	0.86902			6
2025.07.15	00:19:00.546	0.86801	0.86897			6
2025.07.15	00:19:07.587		0.86894			4
2025.07.15	00:19:22.725	0.86796	0.86897			6
2025.07.15	00:19:36.523		0.86898			4
2025.07.15	00:19:51.850		0.86882			4
2025.07.15	00:19:52.343	0.86802	0.86891			6
2025.07.15	00:19:53.384	0.86797	0.86881			6
2025.07.15	00:19:55.558		0.86880			4
2025.07.15	00:19:58.451		0.86888			4
2025.07.15	00:20:00.356	0.86797				2
2025.07.15	00:20:05.486		0.86889			4
2025.07.15	00:20:10.427	0.86796				2
2025.07.15	00:20:13.898	0.86797				2
2025.07.15	00:20:16.263		0.86888			4
2025.07.15	00:20:25.885		0.86889			4
2025.07.15	00:20:41.546	0.86792				2
2025.07.15	00:20:42.290		0.86888			4
2025.07.15	00:20:42.890	0.86790				2
2025.07.15	00:20:43.289		0.86887			4
2025.07.15	00:20:44.290	0.86791	0.86888			6
2025.07.15	00:20:45.913	0.86790				2
2025.07.15	00:20:46.291		0.86887			4
2025.07.15	00:20:49.535	0.86791				2
2025.07.15	00:20:51.092		0.86888			4
2025.07.15	00:20:52.883		0.86887			4
2025.07.15	00:20:54.288		0.86888			4
2025.07.15	00:20:55.017		0.86887			4
2025.07.15	00:20:55.361	0.86793	0.86888			6
2025.07.15	00:20:56.289		0.86889			4
2025.07.15	00:20:58.040	0.86790	0.86888			6
2025.07.15	00:21:00.683	0.86790				2
2025.07.15	00:21:02.392	0.86788				2
2025.07.15	00:21:08.308	0.86790				2
2025.07.15	00:21:11.484		0.86887			4
2025.07.15	00:21:15.249		0.86888			4
2025.07.15	00:21:16.383	0.86786				2
2025.07.15	00:21:19.670		0.86885			4
2025.07.15	00:21:26.513	0.86792				2
2025.07.15	00:21:27.293	0.86790	0.86887			6
2025.07.15	00:21:28.404		0.86886			4
2025.07.15	00:21:29.510	0.86789				2
2025.07.15	00:21:30.291		0.86885			4
2025.07.15	00:21:31.291		0.86886			4
2025.07.15	00:21:42.130	0.86790				2
2025.07.15	00:21:46.363		0.86885			4
2025.07.15	00:21:47.080	0.86797	0.86888			6
2025.07.15	00:21:48.986		0.86889			4
2025.07.15	00:21:49.422	0.86798	0.86890			6
2025.07.15	00:21:50.742		0.86889			4
2025.07.15	00:21:53.433	0.86794				2
2025.07.15	00:22:00.358	0.86794				2
2025.07.15	00:22:00.804	0.86798				2
2025.07.15	00:22:01.924	0.86797				2
2025.07.15	00:22:02.581	0.86800	0.86890			6
2025.07.15	00:22:04.292	0.86799				2
2025.07.15	00:22:07.166	0.86798				2
2025.07.15	00:22:10.961	0.86799				2
2025.07.15	00:22:12.623	0.86795	0.86889			6
2025.07.15	00:22:13.292		0.86887			4
2025.07.15	00:22:15.084		0.86888			4
2025.07.15	00:22:19.636	0.86794				2
2025.07.15	00:22:20.483		0.86887			4
2025.07.15	00:22:22.582		0.86888			4
2025.07.15	00:22:24.303		0.86887			4
2025.07.15	00:22:25.594		0.86885			4
2025.07.15	00:22:26.407		0.86887			4
2025.07.15	00:22:37.683	0.86796				2
2025.07.15	00:22:39.386		0.86888			4
2025.07.15	00:22:42.189		0.86887			4
2025.07.15	00:22:42.536	0.86795	0.86886			6
2025.07.15	00:22:43.369	0.86796				2
2025.07.15	00:22:43.901		0.86887			4
2025.07.15	00:22:48.987		0.86888			4
2025.07.15	00:22:50.258	0.86795				2
2025.07.15	00:22:51.763	0.86796				2
2025.07.15	00:23:00.743	0.86796				2
2025.07.15	00:23:03.098	0.86795				2
2025.07.15	00:23:03.820		0.86887			4
2025.07.15	00:23:05.182	0.86792				2
2025.07.15	00:23:07.821		0.86888			4
2025.07.15	00:23:09.043		0.86890			4
2025.07.15	00:23:09.718	0.86794	0.86887			6
2025.07.15	00:23:17.539		0.86886			4
2025.07.15	00:23:25.400	0.86796	0.86885			6
2025.07.15	00:23:26.603		0.86886			4
2025.07.15	00:23:35.622	0.86793				2
2025.07.15	00:23:37.677		0.86885			4
2025.07.15	00:23:42.413	0.86792	0.86886			6
2025.07.15	00:23:43.296	0.86789	0.86885			6
2025.07.15	00:23:46.582		0.86884			4
2025.07.15	00:24:01.919	0.86789				2
2025.07.15	00:24:03.322	0.86791				2
2025.07.15	00:24:03.819	0.86788				2
2025.07.15	00:24:04.320	0.86791				2
2025.07.15	00:24:07.944	0.86793	0.86887			6
2025.07.15	00:24:08.336		0.86888			4
2025.07.15	00:24:11.527	0.86789	0.86887			6
2025.07.15	00:24:14.183		0.86886			4
2025.07.15	00:24:17.998	0.86788				2
2025.07.15	00:24:18.571		0.86887			4
2025.07.15	00:24:20.406	0.86787				2
2025.07.15	00:24:36.983		0.86886			4
2025.07.15	00:24:48.443	0.86784				2
2025.07.15	00:24:58.329	0.86789				2
2025.07.15	00:24:58.649	0.86793				2
2025.07.15	00:24:59.304		0.86887			4
2025.07.15	00:25:00.309	0.86791				2
2025.07.15	00:25:00.982		0.86886			4
2025.07.15	00:25:21.724		0.86887			4
2025.07.15	00:25:23.610		0.86886			4
2025.07.15	00:25:44.782		0.86885			4
2025.07.15	00:25:47.395		0.86884			4
2025.07.15	00:25:49.881		0.86885			4
2025.07.15	00:26:00.307	0.86790				2
2025.07.15	00:26:11.993		0.86886			4
2025.07.15	00:26:13.271	0.86785				2
2025.07.15	00:26:42.986		0.86885			4
2025.07.15	00:26:52.710	0.86787	0.86886			6
2025.07.15	00:26:53.244	0.86782	0.86887			6
2025.07.15	00:26:59.190		0.86886			4
2025.07.15	00:27:00.571	0.86782				2
2025.07.15	00:27:15.626		0.86887			4
2025.07.15	00:27:24.383		0.86886			4
2025.07.15	00:27:51.556		0.86887			4
2025.07.15	00:27:53.252		0.86886			4
2025.07.15	00:27:54.313	0.86786				2
2025.07.15	00:28:02.577	0.86786				2
2025.07.15	00:28:03.310		0.86887			4
2025.07.15	00:28:26.999	0.86788				2
2025.07.15	00:28:31.313	0.86787				2
2025.07.15	00:28:32.127	0.86783	0.86886			6
2025.07.15	00:28:33.330		0.86887			4
2025.07.15	00:28:33.817	0.86788	0.86888			6
2025.07.15	00:28:34.313	0.86784	0.86886			6
2025.07.15	00:28:37.731	0.86789	0.86887			6
2025.07.15	00:28:57.982		0.86888			4
2025.07.15	00:29:00.092	0.86792	0.86890			6
2025.07.15	00:29:04.936		0.86889			4
2025.07.15	00:29:12.659		0.86890			4
2025.07.15	00:29:13.657		0.86889			4
2025.07.15	00:29:14.336		0.86890			4
2025.07.15	00:29:20.480	0.86799	0.86894			6
2025.07.15	00:29:20.884	0.86802	0.86896			6
2025.07.15	00:29:21.219	0.86806	0.86895			6
2025.07.15	00:29:21.521	0.86808	0.86893			6
2025.07.15	00:29:26.169	0.86809				2
2025.07.15	00:29:45.322		0.86892			4
2025.07.15	00:30:00.307	0.86813	0.86895			6
2025.07.15	00:30:00.616		0.86896			4
2025.07.15	00:30:06.083		0.86895			4
2025.07.15	00:30:13.373		0.86893			4
2025.07.15	00:30:15.907		0.86894			4
2025.07.15	00:30:26.246		0.86892			4
2025.07.15	00:30:37.752		0.86891			4
2025.07.15	00:30:44.464		0.86892			4
2025.07.15	00:31:00.377	0.86811	0.86891			6
2025.07.15	00:31:00.822		0.86890			4
2025.07.15	00:31:07.576		0.86891			4
2025.07.15	00:31:30.081	0.86815				2
2025.07.15	00:31:32.329		0.86892			4
2025.07.15	00:31:34.175		0.86890			4
2025.07.15	00:31:36.331		0.86891			4
2025.07.15	00:31:40.393	0.86792	0.86885			6
2025.07.15	00:31:40.909		0.86886			4
2025.07.15	00:31:41.402	0.86795	0.86887			6
2025.07.15	00:31:42.127		0.86886			4
2025.07.15	00:31:43.333	0.86796	0.86885			6
2025.07.15	00:31:44.326	0.86808	0.86887			6
2025.07.15	00:31:48.038	0.86813	0.86890			6
2025.07.15	00:31:48.396		0.86891			4
2025.07.15	00:31:49.329		0.86892			4
2025.07.15	00:31:50.423		0.86890			4
2025.07.15	00:31:54.065		0.86891			4
2025.07.15	00:31:55.467		0.86890			4
2025.07.15	00:31:56.329		0.86891			4
2025.07.15	00:31:59.496		0.86890			4
2025.07.15	00:32:00.943	0.86813				2
2025.07.15	00:32:02.580		0.86891			4
2025.07.15	00:32:05.446		0.86890			4
2025.07.15	00:32:14.089	0.86814	0.86884			6
2025.07.15	00:32:21.500		0.86883			4
2025.07.15	00:32:33.478		0.86882			4
2025.07.15	00:32:33.781	0.86817	0.86887			6
2025.07.15	00:32:35.235		0.86888			4
2025.07.15	00:32:36.374		0.86889			4
2025.07.15	00:32:39.258		0.86890			4
2025.07.15	00:32:42.428		0.86891			4
2025.07.15	00:32:45.997		0.86890			4
2025.07.15	00:32:55.311		0.86891			4
2025.07.15	00:33:00.567	0.86817				2
2025.07.15	00:33:20.986		0.86892			4
2025.07.15	00:33:47.603		0.86891			4
2025.07.15	00:34:00.641	0.86819	0.86893			6
2025.07.15	00:34:00.962		0.86891			4
2025.07.15	00:34:04.653		0.86890			4
2025.07.15	00:34:10.643		0.86891			4
2025.07.15	00:34:11.321	0.86826	0.86897			6
2025.07.15	00:34:13.795		0.86896			4
2025.07.15	00:34:15.817		0.86897			4
2025.07.15	00:34:26.810	0.86824	0.86902			6
2025.07.15	00:34:33.526	0.86820	0.86904			6
2025.07.15	00:34:39.991		0.86905			4
2025.07.15	00:34:43.026	0.86819				2
2025.07.15	00:34:44.786		0.86906			4
2025.07.15	00:34:53.528	0.86852	0.86907			6
2025.07.15	00:34:54.353	0.86853				2
2025.07.15	00:34:56.371	0.86855				2
2025.07.15	00:35:00.381	0.86855				2
2025.07.15	00:35:04.031	0.86858				2
2025.07.15	00:35:04.359	0.86859				2
2025.07.15	00:35:14.293	0.86860				2
2025.07.15	00:35:34.289	0.86866	0.86924			6
2025.07.15	00:35:43.880	0.86865				2
2025.07.15	00:35:45.554	0.86866				2
2025.07.15	00:35:49.830	0.86863				2
2025.07.15	00:36:00.564	0.86863				2
2025.07.15	00:36:07.865	0.86864				2
2025.07.15	00:36:17.781	0.86863				2
2025.07.15	00:36:20.265	0.86865				2
2025.07.15	00:36:21.373	0.86863				2
2025.07.15	00:36:34.291		0.86923			4
2025.07.15	00:36:36.433	0.86862				2
2025.07.15	00:36:45.554	0.86863				2
2025.07.15	00:37:01.906	0.86862				2
2025.07.15	00:37:08.229	0.86861				2
2025.07.15	00:37:09.434	0.86862				2
2025.07.15	00:37:10.936	0.86863				2
2025.07.15	00:37:27.983	0.86862				2
2025.07.15	00:37:28.464	0.86863				2
2025.07.15	00:37:31.054	0.86862				2
2025.07.15	00:37:34.311		0.86923			4
2025.07.15	00:37:37.873	0.86864				2
2025.07.15	00:37:55.606	0.86865				2
2025.07.15	00:38:00.564	0.86865				2
2025.07.15	00:38:11.440	0.86864				2
2025.07.15	00:38:14.279	0.86862				2
2025.07.15	00:38:17.571	0.86863				2
2025.07.15	00:38:35.330		0.86923			4
2025.07.15	00:38:40.734	0.86862				2
2025.07.15	00:38:52.294	0.86863				2
2025.07.15	00:39:00.001	0.86863				2
2025.07.15	00:39:03.397	0.86864				2
2025.07.15	00:39:03.918	0.86863				2
2025.07.15	00:39:06.558	0.86868				2
2025.07.15	00:39:16.635	0.86863				2
2025.07.15	00:39:18.352	0.86862				2
2025.07.15	00:39:23.183	0.86861				2
2025.07.15	00:39:26.934	0.86860				2
2025.07.15	00:39:34.287		0.86922			4
2025.07.15	00:39:39.383	0.86861				2
2025.07.15	00:40:00.526	0.86860				2
2025.07.15	00:40:00.962	0.86861				2
2025.07.15	00:40:11.787	0.86860				2
2025.07.15	00:40:14.739	0.86859				2
2025.07.15	00:40:17.486	0.86858				2
2025.07.15	00:40:18.928	0.86857				2
2025.07.15	00:40:21.233	0.86858				2
2025.07.15	00:40:22.581	0.86859				2
2025.07.15	00:40:33.916	0.86860				2
2025.07.15	00:40:34.288		0.86922			4
2025.07.15	00:40:46.882	0.86859				2
2025.07.15	00:40:57.822	0.86858				2
2025.07.15	00:41:01.566	0.86858				2
2025.07.15	00:41:23.026		0.86921			4
2025.07.15	00:41:23.368		0.86922			4
2025.07.15	00:41:41.930	0.86856	0.86920			6
2025.07.15	00:41:48.342	0.86855				2
2025.07.15	00:41:53.682	0.86854				2
2025.07.15	00:41:55.809	0.86853	0.86922			6
2025.07.15	00:41:56.127	0.86852				2
2025.07.15	00:41:56.573	0.86851				2
2025.07.15	00:42:01.310	0.86851				2
2025.07.15	00:42:03.995	0.86850				2
2025.07.15	00:42:04.351	0.86851				2
2025.07.15	00:42:06.177	0.86849				2
2025.07.15	00:42:10.853	0.86848				2
2025.07.15	00:42:11.392	0.86847				2
2025.07.15	00:42:12.717	0.86846				2
2025.07.15	00:42:17.301	0.86842	0.86916			6
2025.07.15	00:42:25.058		0.86906			4
2025.07.15	00:42:25.364	0.86841				2
2025.07.15	00:42:25.685	0.86843				2
2025.07.15	00:42:26.014		0.86910			4
2025.07.15	00:42:26.432	0.86841	0.86907			6
2025.07.15	00:42:28.429	0.86840	0.86908			6
2025.07.15	00:42:34.292	0.86842	0.86910			6
2025.07.15	00:42:34.630		0.86907			4
2025.07.15	00:42:35.371	0.86844	0.86915			6
2025.07.15	00:42:35.729	0.86843				2
2025.07.15	00:42:36.609	0.86842	0.86912			6
2025.07.15	00:42:39.732	0.86839	0.86904			6
2025.07.15	00:42:46.429	0.86840	0.86900			6
2025.07.15	00:42:46.744		0.86901			4
2025.07.15	00:42:47.071	0.86839				2
2025.07.15	00:42:47.380	0.86840	0.86910			6
2025.07.15	00:42:48.403	0.86815	0.86896			6
2025.07.15	00:42:52.474		0.86895			4
2025.07.15	00:42:54.235		0.86894			4
2025.07.15	00:42:57.115	0.86813				2
2025.07.15	00:43:00.118	0.86813				2
2025.07.15	00:43:02.074	0.86817				2
2025.07.15	00:43:05.692	0.86813				2
2025.07.15	00:43:07.459		0.86895			4
2025.07.15	00:43:07.811	0.86816	0.86894			6
2025.07.15	00:43:08.310		0.86893			4
2025.07.15	00:43:10.493	0.86817	0.86892			6
2025.07.15	00:43:11.436	0.86816				2
2025.07.15	00:43:11.937	0.86817	0.86890			6
2025.07.15	00:43:12.376	0.86816	0.86892			6
2025.07.15	00:43:12.803	0.86813				2
2025.07.15	00:43:15.983		0.86893			4
2025.07.15	00:43:20.482	0.86814				2
2025.07.15	00:43:22.284		0.86892			4
2025.07.15	00:43:24.990		0.86893			4
2025.07.15	00:43:26.313	0.86815				2
2025.07.15	00:43:26.785		0.86892			4
2025.07.15	00:43:30.514	0.86816				2
2025.07.15	00:43:32.757	0.86814				2
2025.07.15	00:43:34.408		0.86891			4
2025.07.15	00:43:37.669	0.86822				2
2025.07.15	00:43:39.738	0.86814	0.86890			6
2025.07.15	00:43:40.221	0.86822				2
2025.07.15	00:43:41.462		0.86889			4
2025.07.15	00:43:41.837		0.86890			4
2025.07.15	00:43:42.166	0.86814				2
2025.07.15	00:43:42.543	0.86822				2
2025.07.15	00:43:43.926	0.86821	0.86887			6
2025.07.15	00:43:44.309	0.86823	0.86885			6
2025.07.15	00:43:45.027	0.86807	0.86886			6
2025.07.15	00:43:47.417	0.86821	0.86884			6
2025.07.15	00:43:47.787		0.86880			4
2025.07.15	00:43:50.147	0.86811	0.86881			6
2025.07.15	00:43:50.744	0.86813	0.86884			6
2025.07.15	00:43:51.093	0.86807				2
2025.07.15	00:43:51.504		0.86883			4
2025.07.15	00:43:51.907	0.86808	0.86881			6
2025.07.15	00:43:52.242		0.86882			4
2025.07.15	00:43:57.711	0.86817	0.86883			6
2025.07.15	00:43:58.923	0.86803	0.86881			6
2025.07.15	00:43:59.279	0.86804	0.86883			6
2025.07.15	00:44:00.332	0.86805				2
2025.07.15	00:44:02.758	0.86817	0.86877			6
2025.07.15	00:44:03.891	0.86805	0.86883			6
2025.07.15	00:44:04.216	0.86807				2
2025.07.15	00:44:04.518	0.86808	0.86880			6
2025.07.15	00:44:05.378	0.86807	0.86878			6
2025.07.15	00:44:07.829	0.86806	0.86879			6
2025.07.15	00:44:08.141	0.86804	0.86882			6
2025.07.15	00:44:08.631	0.86806				2
2025.07.15	00:44:08.978		0.86881			4
2025.07.15	00:44:09.643	0.86807				2
2025.07.15	00:44:11.764	0.86815				2
2025.07.15	00:44:14.386	0.86818	0.86883			6
2025.07.15	00:44:14.709		0.86880			4
2025.07.15	00:44:18.007		0.86878			4
2025.07.15	00:44:20.760		0.86879			4
2025.07.15	00:44:24.452		0.86880			4
2025.07.15	00:44:24.798	0.86807	0.86881			6
2025.07.15	00:44:25.897	0.86804	0.86882			6
2025.07.15	00:44:26.213	0.86817				2
2025.07.15	00:44:26.554	0.86818	0.86877			6
2025.07.15	00:44:26.882	0.86811	0.86882			6
2025.07.15	00:44:27.214	0.86805	0.86880			6
2025.07.15	00:44:28.997	0.86796	0.86874			6
2025.07.15	00:44:35.229		0.86878			4
2025.07.15	00:44:35.605	0.86800	0.86874			6
2025.07.15	00:44:36.057	0.86799	0.86877			6
2025.07.15	00:44:37.923	0.86800				2
2025.07.15	00:44:38.262		0.86873			4
2025.07.15	00:44:38.920	0.86799	0.86877			6
2025.07.15	00:44:39.259	0.86800				2
2025.07.15	00:44:39.682	0.86801	0.86873			6
2025.07.15	00:44:40.495	0.86800	0.86876			6
2025.07.15	00:44:40.893	0.86801	0.86873			6
2025.07.15	00:44:41.200	0.86800	0.86876			6
2025.07.15	00:44:41.582	0.86801	0.86873			6
2025.07.15	00:44:42.993	0.86800				2
2025.07.15	00:44:43.737	0.86798	0.86876			6
2025.07.15	00:44:44.182	0.86800	0.86873			6
2025.07.15	00:44:45.368		0.86875			4
2025.07.15	00:44:47.541		0.86874			4
2025.07.15	00:44:50.515	0.86798	0.86879			6
2025.07.15	00:44:51.487	0.86799				2
2025.07.15	00:44:57.468	0.86817				2
2025.07.15	00:45:00.136	0.86807				2
2025.07.15	00:45:00.481	0.86805	0.86878			6
2025.07.15	00:45:01.916	0.86804	0.86877			6
2025.07.15	00:45:03.129	0.86812	0.86869			6
2025.07.15	00:45:03.435	0.86808	0.86866			6
2025.07.15	00:45:03.739	0.86809	0.86867			6
2025.07.15	00:45:04.953	0.86812	0.86869			6
2025.07.15	00:45:05.254	0.86811	0.86868			6
2025.07.15	00:45:05.861	0.86810	0.86867			6
2025.07.15	00:45:06.165	0.86811	0.86868			6
2025.07.15	00:45:06.465	0.86804	0.86877			6
2025.07.15	00:45:06.774	0.86800	0.86880			6
2025.07.15	00:45:11.109	0.86812	0.86868			6
2025.07.15	00:45:11.437	0.86811	0.86870			6
2025.07.15	00:45:15.877		0.86869			4
2025.07.15	00:45:22.092	0.86814	0.86870			6
2025.07.15	00:45:26.439	0.86816				2
2025.07.15	00:45:47.434	0.86810	0.86867			6
2025.07.15	00:45:47.821		0.86866			4
2025.07.15	00:45:51.630		0.86867			4
2025.07.15	00:46:00.555	0.86810				2
2025.07.15	00:46:08.205		0.86868			4
2025.07.15	00:46:11.192	0.86820				2
2025.07.15	00:46:15.084		0.86867			4
2025.07.15	00:46:19.952	0.86828	0.86870			6
2025.07.15	00:47:00.566	0.86828				2
2025.07.15	00:47:03.115	0.86830	0.86863			6
2025.07.15	00:47:06.468	0.86828	0.86870			6
2025.07.15	00:47:14.955	0.86830				2
2025.07.15	00:47:22.646		0.86873			4
2025.07.15	00:47:39.976		0.86868			4
2025.07.15	00:48:00.574	0.86830				2
2025.07.15	00:48:06.588	0.86832				2
2025.07.15	00:48:22.525	0.86836				2
2025.07.15	00:48:41.036		0.86868			4
2025.07.15	00:48:43.953		0.86870			4
2025.07.15	00:49:00.566	0.86836				2
2025.07.15	00:49:07.996	0.86815	0.86865			6
2025.07.15	00:50:00.568	0.86815				2
2025.07.15	00:50:04.055	0.86812	0.86864			6
2025.07.15	00:50:07.965	0.86815				2
2025.07.15	00:50:08.923		0.86860			4
2025.07.15	00:50:10.497	0.86808	0.86862			6
2025.07.15	00:50:11.380	0.86812	0.86860			6
2025.07.15	00:50:12.025	0.86813				2
2025.07.15	00:50:13.435	0.86814	0.86865			6
2025.07.15	00:50:16.543		0.86863			4
2025.07.15	00:50:20.803	0.86813				2
2025.07.15	00:50:32.626	0.86810				2
2025.07.15	00:50:54.846	0.86809	0.86859			6
2025.07.15	00:50:58.879		0.86860			4
2025.07.15	00:51:01.203	0.86809				2
2025.07.15	00:51:02.784		0.86862			4
2025.07.15	00:51:05.578	0.86810				2
2025.07.15	00:51:08.952	0.86809				2
2025.07.15	00:51:10.303	0.86810				2
2025.07.15	00:51:25.609	0.86804				2
2025.07.15	00:51:28.492	0.86807				2
2025.07.15	00:51:32.632	0.86812				2
2025.07.15	00:52:00.569	0.86812				2
2025.07.15	00:52:04.030		0.86862			4
2025.07.15	00:52:13.393	0.86807	0.86860			6
2025.07.15	00:52:16.639		0.86859			4
2025.07.15	00:52:26.235		0.86860			4
2025.07.15	00:52:28.045		0.86859			4
2025.07.15	00:52:32.095		0.86860			4
2025.07.15	00:52:34.033		0.86859			4
2025.07.15	00:52:47.485		0.86860			4
2025.07.15	00:53:00.535	0.86807				2
2025.07.15	00:53:03.098		0.86859			4
2025.07.15	00:53:07.437		0.86860			4
2025.07.15	00:53:08.413	0.86804				2
2025.07.15	00:53:22.963		0.86861			4
2025.07.15	00:54:00.574	0.86804				2
2025.07.15	00:54:03.414	0.86805				2
2025.07.15	00:54:27.981		0.86861			4
2025.07.15	00:55:00.390	0.86805				2
2025.07.15	00:55:01.675	0.86797	0.86862			6
2025.07.15	00:55:06.732	0.86805				2
2025.07.15	00:55:11.437	0.86803				2
2025.07.15	00:55:12.101	0.86805				2
2025.07.15	00:55:14.868	0.86803				2
2025.07.15	00:55:16.334	0.86801				2
2025.07.15	00:55:16.747	0.86800				2
2025.07.15	00:55:17.091	0.86799				2
2025.07.15	00:55:18.374	0.86795				2
2025.07.15	00:55:21.218	0.86803				2
2025.07.15	00:55:21.734	0.86801				2
2025.07.15	00:55:23.801	0.86802				2
2025.07.15	00:55:31.411	0.86801				2
2025.07.15	00:55:33.166	0.86802				2
2025.07.15	00:55:34.371	0.86801				2
2025.07.15	00:55:36.403	0.86802				2
2025.07.15	00:55:42.477	0.86801				2
2025.07.15	00:55:44.760	0.86802				2
2025.07.15	00:55:45.420	0.86801				2
2025.07.15	00:55:46.968	0.86802				2
2025.07.15	00:55:48.389		0.86866			4
2025.07.15	00:55:52.896		0.86867			4
2025.07.15	00:55:54.169	0.86801				2
2025.07.15	00:55:55.932	0.86798				2
2025.07.15	00:55:56.420	0.86797				2
2025.07.15	00:55:58.063		0.86861			4
2025.07.15	00:56:00.173	0.86798				2
2025.07.15	00:56:04.029	0.86789				2
2025.07.15	00:56:06.516	0.86798				2
2025.07.15	00:56:19.753	0.86789				2
2025.07.15	00:56:20.880	0.86798				2
2025.07.15	00:56:27.034	0.86799				2
2025.07.15	00:56:58.342		0.86861			4
2025.07.15	00:57:05.211	0.86799				2
2025.07.15	00:57:22.068	0.86802				2
2025.07.15	00:58:00.569	0.86802	0.86861			6
2025.07.15	00:58:17.069	0.86801				2
2025.07.15	00:58:37.395	0.86794	0.86879			6
2025.07.15	00:58:38.077	0.86788	0.86876			6
2025.07.15	00:58:39.053		0.86875			4
2025.07.15	00:58:40.719	0.86800	0.86879			6
2025.07.15	00:58:41.853	0.86796	0.86877			6
2025.07.15	00:58:42.167		0.86876			4
2025.07.15	00:58:43.026	0.86797				2
2025.07.15	00:58:43.926	0.86803	0.86877			6
2025.07.15	00:58:44.859		0.86876			4
2025.07.15	00:58:51.129	0.86802				2
2025.07.15	00:58:51.439		0.86880			4
2025.07.15	00:58:52.342	0.86785	0.86876			6
2025.07.15	00:58:52.676	0.86786				2
2025.07.15	00:58:53.843	0.86787	0.86875			6
2025.07.15	00:58:55.908	0.86801	0.86877			6
2025.07.15	00:58:57.266	0.86802				2
2025.07.15	00:58:57.679	0.86799				2
2025.07.15	00:58:58.190	0.86802				2
2025.07.15	00:58:58.598	0.86803				2
2025.07.15	00:58:59.039	0.86794				2
2025.07.15	00:58:59.463	0.86788	0.86876			6
2025.07.15	00:59:00.504	0.86796	0.86878			6
2025.07.15	00:59:01.068	0.86802				2
2025.07.15	00:59:01.499	0.86801	0.86877			6
2025.07.15	00:59:01.827	0.86803				2
2025.07.15	00:59:02.258	0.86795				2
2025.07.15	00:59:03.095	0.86803				2
2025.07.15	00:59:04.392	0.86799				2
2025.07.15	00:59:04.708	0.86802				2
2025.07.15	00:59:05.331		0.86878			4
2025.07.15	00:59:06.173	0.86795	0.86873			6
2025.07.15	00:59:10.071	0.86800				2
2025.07.15	00:59:11.308	0.86805				2
2025.07.15	00:59:23.911	0.86802				2
2025.07.15	00:59:33.901	0.86805				2
2025.07.15	00:59:44.324	0.86802				2
2025.07.15	00:59:44.651	0.86805				2
2025.07.15	00:59:48.754	0.86802				2
2025.07.15	01:00:00.307	0.86790	0.86863			6
2025.07.15	01:00:00.619	0.86794				2
2025.07.15	01:00:01.158	0.86820				2
2025.07.15	01:00:02.601	0.86818				2
2025.07.15	01:00:02.917	0.86834	0.86856			6
2025.07.15	01:00:03.581	0.86822	0.86876			6
2025.07.15	01:00:03.899	0.86823				2
2025.07.15	01:00:04.202	0.86816	0.86884			6
2025.07.15	01:00:04.504	0.86820	0.86879			6
2025.07.15	01:00:04.807	0.86824	0.86881			6
2025.07.15	01:00:05.109	0.86822	0.86880			6
2025.07.15	01:00:05.413	0.86824	0.86876			6
2025.07.15	01:00:05.714	0.86826	0.86877			6
2025.07.15	01:00:06.322	0.86824	0.86882			6
2025.07.15	01:00:06.624	0.86826	0.86879			6
2025.07.15	01:00:06.926	0.86835	0.86856			6
2025.07.15	01:00:13.645	0.86853				2
2025.07.15	01:00:14.184	0.86852				2
2025.07.15	01:00:15.186	0.86853				2
2025.07.15	01:00:15.917	0.86855				2
2025.07.15	01:00:16.632	0.86852				2
2025.07.15	01:00:17.706	0.86835				2
2025.07.15	01:00:18.047	0.86848	0.86859			6
2025.07.15	01:00:18.352	0.86847				2
2025.07.15	01:00:19.223	0.86855				2
2025.07.15	01:00:19.889		0.86856			4
2025.07.15	01:00:20.207	0.86847				2
2025.07.15	01:00:20.548	0.86845				2
2025.07.15	01:00:24.023		0.86859			4
2025.07.15	01:00:25.300	0.86856				2
2025.07.15	01:00:26.931	0.86845				2
2025.07.15	01:00:37.857	0.86859	0.86860			6
2025.07.15	01:00:38.206	0.86857	0.86859			6
2025.07.15	01:00:38.531	0.86859	0.86860			6
2025.07.15	01:00:38.920	0.86858	0.86859			6
2025.07.15	01:00:39.430	0.86857				2
2025.07.15	01:00:40.637	0.86858				2
2025.07.15	01:00:42.262	0.86857				2
2025.07.15	01:00:42.579	0.86858				2
2025.07.15	01:00:43.256	0.86843				2
2025.07.15	01:00:44.880	0.86858				2
2025.07.15	01:00:45.587	0.86859	0.86860			6
2025.07.15	01:00:46.076	0.86858	0.86859			6
2025.07.15	01:00:52.357	0.86859	0.86860			6
2025.07.15	01:00:55.584	0.86860	0.86861			6
2025.07.15	01:00:57.383	0.86859	0.86860			6
2025.07.15	01:01:00.314	0.86860	0.86861			6
2025.07.15	01:01:00.630	0.86859	0.86860			6
2025.07.15	01:01:01.477	0.86860	0.86861			6
2025.07.15	01:01:02.204	0.86858	0.86859			6
2025.07.15	01:01:03.082	0.86857				2
2025.07.15	01:01:03.535	0.86858				2
2025.07.15	01:01:04.139	0.86859	0.86860			6
2025.07.15	01:01:08.346	0.86857	0.86859			6
2025.07.15	01:01:08.710	0.86845				2
2025.07.15	01:01:09.013	0.86858				2
2025.07.15	01:01:11.227	0.86851				2
2025.07.15	01:01:13.494	0.86845				2
2025.07.15	01:01:13.818	0.86852				2
2025.07.15	01:01:15.159	0.86851				2
2025.07.15	01:01:15.481	0.86850				2
2025.07.15	01:01:15.790	0.86852				2
2025.07.15	01:01:16.483	0.86845				2
2025.07.15	01:01:17.149	0.86867	0.86882			6
2025.07.15	01:01:17.459		0.86881			4
2025.07.15	01:01:17.785		0.86878			4
2025.07.15	01:01:18.098		0.86879			4
2025.07.15	01:01:18.400	0.86866	0.86880			6
2025.07.15	01:01:19.042		0.86871			4
2025.07.15	01:01:19.404		0.86870			4
2025.07.15	01:01:19.716		0.86872			4
2025.07.15	01:01:21.314		0.86871			4
2025.07.15	01:01:21.623	0.86868	0.86874			6
2025.07.15	01:01:21.945		0.86872			4
2025.07.15	01:01:22.259		0.86874			4
2025.07.15	01:01:22.628		0.86872			4
2025.07.15	01:01:22.950		0.86882			4
2025.07.15	01:01:26.368	0.86870	0.86876			6
2025.07.15	01:01:28.006		0.86877			4
2025.07.15	01:01:28.321		0.86876			4
2025.07.15	01:01:28.634		0.86875			4
2025.07.15	01:01:30.321		0.86876			4
2025.07.15	01:01:31.958	0.86869				2
2025.07.15	01:01:32.751		0.86875			4
2025.07.15	01:01:33.842	0.86873	0.86880			6
2025.07.15	01:01:34.166	0.86872	0.86882			6
2025.07.15	01:01:35.678	0.86873	0.86883			6
2025.07.15	01:01:36.304		0.86882			4
2025.07.15	01:01:36.619		0.86881			4
2025.07.15	01:01:37.301		0.86880			4
2025.07.15	01:01:39.635		0.86882			4
2025.07.15	01:01:40.751		0.86881			4
2025.07.15	01:01:41.060		0.86880			4
2025.07.15	01:01:41.804		0.86882			4
2025.07.15	01:01:43.011		0.86880			4
2025.07.15	01:01:43.317		0.86882			4
2025.07.15	01:01:44.444		0.86880			4
2025.07.15	01:01:44.768		0.86881			4
2025.07.15	01:01:46.993		0.86880			4
2025.07.15	01:01:51.678	0.86851	0.86863			6
2025.07.15	01:01:52.294	0.86853	0.86866			6
2025.07.15	01:01:52.602	0.86854				2
2025.07.15	01:01:53.332	0.86874	0.86882			6
2025.07.15	01:01:53.643		0.86879			4
2025.07.15	01:01:54.973		0.86878			4
2025.07.15	01:01:55.279		0.86879			4
2025.07.15	01:01:56.201		0.86880			4
2025.07.15	01:01:59.057		0.86879			4
2025.07.15	01:02:00.003	0.86874				2
2025.07.15	01:02:00.320		0.86880			4
2025.07.15	01:02:00.640		0.86879			4
2025.07.15	01:02:02.902		0.86878			4
2025.07.15	01:02:03.212	0.86859				2
2025.07.15	01:02:03.538	0.86858				2
2025.07.15	01:02:03.898	0.86859				2
2025.07.15	01:02:04.224		0.86879			4
2025.07.15	01:02:04.536	0.86860				2
2025.07.15	01:02:04.857	0.86859				2
2025.07.15	01:02:05.159	0.86858	0.86878			6
2025.07.15	01:02:05.460	0.86859	0.86879			6
2025.07.15	01:02:05.787	0.86860	0.86880			6
2025.07.15	01:02:06.456		0.86879			4
2025.07.15	01:02:06.775	0.86859				2
2025.07.15	01:02:07.080	0.86860				2
2025.07.15	01:02:07.527	0.86858	0.86877			6
2025.07.15	01:02:07.920		0.86881			4
2025.07.15	01:02:08.222		0.86877			4
2025.07.15	01:02:08.533	0.86859	0.86878			6
2025.07.15	01:02:09.992	0.86858				2
2025.07.15	01:02:10.957		0.86877			4
2025.07.15	01:02:11.271	0.86859	0.86878			6
2025.07.15	01:02:19.794	0.86858				2
2025.07.15	01:02:20.266	0.86857	0.86877			6
2025.07.15	01:02:20.588	0.86858	0.86878			6
2025.07.15	01:02:21.880	0.86859				2
2025.07.15	01:02:23.273	0.86858	0.86877			6
2025.07.15	01:02:25.008	0.86857				2
2025.07.15	01:02:25.350	0.86860	0.86879			6
2025.07.15	01:02:25.742	0.86858	0.86878			6
2025.07.15	01:02:26.220	0.86860				2
2025.07.15	01:02:26.541	0.86870	0.86880			6
2025.07.15	01:02:26.845		0.86881			4
2025.07.15	01:02:27.552		0.86880			4
2025.07.15	01:02:28.003		0.86881			4
2025.07.15	01:02:28.402		0.86879			4
2025.07.15	01:02:29.485		0.86881			4
2025.07.15	01:02:32.434		0.86882			4
2025.07.15	01:02:35.412		0.86881			4
2025.07.15	01:02:35.787		0.86882			4
2025.07.15	01:02:36.568		0.86881			4
2025.07.15	01:02:38.348		0.86880			4
2025.07.15	01:02:38.703		0.86881			4
2025.07.15	01:02:41.506	0.86861				2
2025.07.15	01:02:41.818	0.86863	0.86882			6
2025.07.15	01:02:42.142	0.86861	0.86880			6
2025.07.15	01:02:42.533		0.86881			4
2025.07.15	01:02:42.880	0.86863	0.86882			6
2025.07.15	01:02:44.312	0.86864				2
2025.07.15	01:02:44.616	0.86865	0.86883			6
2025.07.15	01:02:44.925	0.86864				2
2025.07.15	01:02:45.235		0.86882			4
2025.07.15	01:02:45.557		0.86883			4
2025.07.15	01:02:45.873		0.86882			4
2025.07.15	01:02:46.253		0.86883			4
2025.07.15	01:02:46.569	0.86865				2
2025.07.15	01:02:47.286	0.86864				2
2025.07.15	01:02:47.600		0.86882			4
2025.07.15	01:02:48.251		0.86883			4
2025.07.15	01:02:50.498	0.86865				2
2025.07.15	01:02:50.851	0.86864				2
2025.07.15	01:02:51.292		0.86882			4
2025.07.15	01:02:51.914	0.86862	0.86881			6
2025.07.15	01:02:52.219	0.86861	0.86880			6
2025.07.15	01:02:52.842	0.86862				2
2025.07.15	01:02:53.470	0.86863				2
2025.07.15	01:02:54.378		0.86881			4
2025.07.15	01:02:55.084		0.86880			4
2025.07.15	01:02:56.501		0.86881			4
2025.07.15	01:02:57.959		0.86880			4
2025.07.15	01:02:58.261		0.86881			4
2025.07.15	01:03:00.451	0.86863				2
2025.07.15	01:03:02.882	0.86862	0.86880			6
2025.07.15	01:03:03.201	0.86863				2
2025.07.15	01:03:03.542		0.86881			4
2025.07.15	01:03:04.705		0.86880			4
2025.07.15	01:03:07.175	0.86864				2
2025.07.15	01:03:09.992	0.86863				2
2025.07.15	01:03:10.826		0.86879			4
2025.07.15	01:03:11.444		0.86882			4
2025.07.15	01:03:12.085		0.86885			4
2025.07.15	01:03:12.424	0.86864	0.86882			6
2025.07.15	01:03:12.796		0.86884			4
2025.07.15	01:03:13.196		0.86882			4
2025.07.15	01:03:13.774	0.86863				2
2025.07.15	01:03:14.115		0.86881			4
2025.07.15	01:03:14.418		0.86884			4
2025.07.15	01:03:16.598	0.86864				2
2025.07.15	01:03:16.919		0.86882			4
2025.07.15	01:03:17.658		0.86884			4
2025.07.15	01:03:18.676		0.86881			4
2025.07.15	01:03:19.079		0.86882			4
2025.07.15	01:03:20.700	0.86863	0.86881			6
2025.07.15	01:03:21.981		0.86882			4
2025.07.15	01:03:22.381		0.86881			4
2025.07.15	01:03:22.808	0.86864	0.86884			6
2025.07.15	01:03:23.143		0.86882			4
2025.07.15	01:03:23.865		0.86884			4
2025.07.15	01:03:24.269		0.86882			4
2025.07.15	01:03:24.591		0.86881			4
2025.07.15	01:03:25.245		0.86884			4
2025.07.15	01:03:32.412		0.86882			4
2025.07.15	01:03:32.759		0.86883			4
2025.07.15	01:03:33.577	0.86859	0.86872			6
2025.07.15	01:03:34.744	0.86860				2
2025.07.15	01:03:35.268	0.86864	0.86882			6
2025.07.15	01:03:35.596		0.86881			4
2025.07.15	01:03:35.980		0.86880			4
2025.07.15	01:03:36.941		0.86882			4
2025.07.15	01:03:37.926		0.86881			4
2025.07.15	01:03:38.348		0.86883			4
2025.07.15	01:03:38.749		0.86882			4
2025.07.15	01:03:39.276		0.86883			4
2025.07.15	01:03:41.284		0.86881			4
2025.07.15	01:03:42.597		0.86883			4
2025.07.15	01:03:42.988		0.86881			4
2025.07.15	01:03:43.698		0.86875			4
2025.07.15	01:03:44.033		0.86876			4
2025.07.15	01:03:44.356		0.86877			4
2025.07.15	01:03:46.162		0.86881			4
2025.07.15	01:03:46.502	0.86859				2
2025.07.15	01:03:48.849	0.86858	0.86870			6
2025.07.15	01:03:49.928	0.86856				2
2025.07.15	01:03:50.316	0.86858				2
2025.07.15	01:03:51.722	0.86864	0.86880			6
2025.07.15	01:03:52.048		0.86882			4
2025.07.15	01:03:55.158	0.86865				2
2025.07.15	01:04:00.252	0.86866	0.86879			6
2025.07.15	01:04:10.171	0.86865				2
2025.07.15	01:04:36.538		0.86880			4
2025.07.15	01:04:45.752	0.86861	0.86871			6
2025.07.15	01:04:50.740	0.86865	0.86881			6
2025.07.15	01:04:51.087		0.86879			4
2025.07.15	01:04:51.591	0.86856				2
2025.07.15	01:04:51.908	0.86865	0.86878			6
2025.07.15	01:04:52.571		0.86877			4
2025.07.15	01:04:53.382		0.86880			4
2025.07.15	01:04:59.286		0.86879			4
2025.07.15	01:04:59.797		0.86877			4
2025.07.15	01:05:00.110	0.86865	0.86879			6
2025.07.15	01:05:00.439		0.86877			4
2025.07.15	01:05:00.740		0.86872			4
2025.07.15	01:05:01.050		0.86875			4
2025.07.15	01:05:01.669		0.86874			4
2025.07.15	01:05:02.527		0.86878			4
2025.07.15	01:05:02.830	0.86863	0.86876			6
2025.07.15	01:05:03.134		0.86877			4
2025.07.15	01:05:03.449		0.86876			4
2025.07.15	01:05:04.597	0.86866	0.86878			6
2025.07.15	01:05:05.894		0.86876			4
2025.07.15	01:05:06.204	0.86860	0.86877			6
2025.07.15	01:05:06.532	0.86863	0.86880			6
2025.07.15	01:05:06.869	0.86864				2
2025.07.15	01:05:08.563	0.86868				2
2025.07.15	01:05:11.438		0.86881			4
2025.07.15	01:05:12.818		0.86880			4
2025.07.15	01:05:26.165		0.86881			4
2025.07.15	01:05:28.624		0.86880			4
2025.07.15	01:05:30.454		0.86881			4
2025.07.15	01:05:33.679		0.86880			4
2025.07.15	01:05:38.703	0.86870	0.86884			6
2025.07.15	01:05:39.023		0.86883			4
2025.07.15	01:05:39.768	0.86871				2
2025.07.15	01:05:40.250		0.86882			4
2025.07.15	01:05:40.584		0.86883			4
2025.07.15	01:05:41.266		0.86884			4
2025.07.15	01:05:41.579		0.86883			4
2025.07.15	01:05:44.005		0.86882			4
2025.07.15	01:05:44.691		0.86883			4
2025.07.15	01:05:45.023	0.86865	0.86882			6
2025.07.15	01:05:45.685	0.86867				2
2025.07.15	01:05:48.453	0.86868				2
2025.07.15	01:05:48.758	0.86871	0.86885			6
2025.07.15	01:05:50.248		0.86884			4
2025.07.15	01:05:51.063	0.86870				2
2025.07.15	01:05:51.523	0.86871				2
2025.07.15	01:05:53.828	0.86872	0.86886			6
2025.07.15	01:05:56.078	0.86869				2
2025.07.15	01:05:58.458	0.86871	0.86887			6
2025.07.15	01:05:58.761		0.86886			4
2025.07.15	01:06:00.055	0.86871				2
2025.07.15	01:06:00.388	0.86872				2
2025.07.15	01:06:01.035		0.86885			4
2025.07.15	01:06:01.412		0.86886			4
2025.07.15	01:06:01.717		0.86885			4
2025.07.15	01:06:02.048	0.86868	0.86886			6
2025.07.15	01:06:02.370		0.86885			4
2025.07.15	01:06:03.366	0.86869				2
2025.07.15	01:06:03.674	0.86868				2
2025.07.15	01:06:04.412		0.86886			4
2025.07.15	01:06:04.723		0.86885			4
2025.07.15	01:06:05.030	0.86869	0.86886			6
2025.07.15	01:06:05.336	0.86867	0.86885			6
2025.07.15	01:06:05.655	0.86868				2
2025.07.15	01:06:05.992	0.86869				2
2025.07.15	01:06:06.358	0.86868				2
2025.07.15	01:06:08.040	0.86867	0.86886			6
2025.07.15	01:06:09.396		0.86885			4
2025.07.15	01:06:09.754	0.86866				2
2025.07.15	01:06:10.402	0.86871	0.86886			6
2025.07.15	01:06:10.719	0.86872	0.86885			6
2025.07.15	01:06:11.048		0.86886			4
2025.07.15	01:06:12.658		0.86885			4
2025.07.15	01:06:15.161	0.86870	0.86886			6
2025.07.15	01:06:18.684		0.86885			4
2025.07.15	01:06:20.770	0.86871				2
2025.07.15	01:06:21.079		0.86886			4
2025.07.15	01:06:22.756	0.86872				2
2025.07.15	01:06:35.940		0.86885			4
2025.07.15	01:06:37.613		0.86884			4
2025.07.15	01:06:53.106		0.86885			4
2025.07.15	01:06:54.860		0.86884			4
2025.07.15	01:06:56.758	0.86877				2
2025.07.15	01:06:57.067		0.86885			4
2025.07.15	01:06:58.012		0.86886			4
2025.07.15	01:06:58.740		0.86887			4
2025.07.15	01:06:59.608		0.86886			4
2025.07.15	01:07:00.257	0.86877	0.86885			6
2025.07.15	01:07:00.560		0.86887			4
2025.07.15	01:07:01.901		0.86886			4
2025.07.15	01:07:02.875		0.86887			4
2025.07.15	01:07:03.577		0.86886			4
2025.07.15	01:07:06.182	0.86878	0.86889			6
2025.07.15	01:07:10.481		0.86887			4
2025.07.15	01:07:22.788	0.86877				2
2025.07.15	01:07:26.624		0.86886			4
2025.07.15	01:07:27.986		0.86887			4
2025.07.15	01:07:30.865		0.86886			4
2025.07.15	01:07:33.709	0.86879	0.86889			6
2025.07.15	01:07:35.447	0.86880	0.86890			6
2025.07.15	01:07:59.854	0.86884	0.86892			6
2025.07.15	01:08:00.156	0.86884	0.86893			6
2025.07.15	01:08:01.278	0.86883				2
2025.07.15	01:08:02.581		0.86892			4
2025.07.15	01:08:07.366		0.86893			4
2025.07.15	01:08:07.670		0.86892			4
2025.07.15	01:08:07.990		0.86893			4
2025.07.15	01:08:09.677		0.86892			4
2025.07.15	01:08:09.987		0.86893			4
2025.07.15	01:08:14.154	0.86884				2
2025.07.15	01:08:15.234	0.86883	0.86894			6
2025.07.15	01:08:16.209	0.86884				2
2025.07.15	01:08:17.025		0.86893			4
2025.07.15	01:08:18.082		0.86894			4
2025.07.15	01:08:20.461	0.86883				2
2025.07.15	01:08:20.817		0.86893			4
2025.07.15	01:08:23.502		0.86894			4
2025.07.15	01:08:30.205		0.86893			4
2025.07.15	01:08:30.544		0.86894			4
2025.07.15	01:08:31.553	0.86885	0.86893			6
2025.07.15	01:08:31.922		0.86894			4
2025.07.15	01:08:32.985		0.86893			4
2025.07.15	01:08:33.505	0.86883				2
2025.07.15	01:08:33.810		0.86892			4
2025.07.15	01:08:35.171	0.86882				2
2025.07.15	01:08:35.619		0.86893			4
2025.07.15	01:08:37.718		0.86892			4
2025.07.15	01:08:38.359		0.86893			4
2025.07.15	01:08:38.681	0.86879	0.86892			6
2025.07.15	01:08:38.999	0.86873	0.86882			6
2025.07.15	01:08:39.305	0.86875	0.86883			6
2025.07.15	01:08:41.272	0.86873				2
2025.07.15	01:08:44.785		0.86884			4
2025.07.15	01:08:47.172		0.86883			4
2025.07.15	01:08:48.946		0.86884			4
2025.07.15	01:08:51.668	0.86870	0.86881			6
2025.07.15	01:08:53.906	0.86871	0.86883			6
2025.07.15	01:08:55.036	0.86873				2
2025.07.15	01:08:57.309	0.86871				2
2025.07.15	01:08:59.484	0.86872				2
2025.07.15	01:09:00.105	0.86873				2
2025.07.15	01:09:00.467	0.86872				2
2025.07.15	01:09:01.803	0.86873				2
2025.07.15	01:09:04.840		0.86885			4
2025.07.15	01:09:06.284	0.86871				2
2025.07.15	01:09:23.957	0.86873				2
2025.07.15	01:09:24.339		0.86883			4
2025.07.15	01:09:24.674	0.86872	0.86884			6
2025.07.15	01:09:25.341		0.86885			4
2025.07.15	01:09:31.944		0.86884			4
2025.07.15	01:09:32.497	0.86873	0.86885			6
2025.07.15	01:09:35.139	0.86875				2
2025.07.15	01:09:36.873	0.86879	0.86886			6
2025.07.15	01:09:37.537		0.86887			4
2025.07.15	01:09:46.389		0.86886			4
2025.07.15	01:09:46.707	0.86881	0.86889			6
2025.07.15	01:09:53.590		0.86888			4
2025.07.15	01:09:57.163		0.86889			4
2025.07.15	01:09:57.483		0.86888			4
2025.07.15	01:10:00.378	0.86881				2
2025.07.15	01:10:03.707		0.86889			4
2025.07.15	01:10:05.468		0.86888			4
2025.07.15	01:10:23.638	0.86880	0.86886			6
2025.07.15	01:10:35.574	0.86878				2
2025.07.15	01:10:37.072	0.86877				2
2025.07.15	01:10:37.507		0.86885			4
2025.07.15	01:10:42.106		0.86888			4
2025.07.15	01:10:42.440		0.86884			4
2025.07.15	01:10:46.544		0.86885			4
2025.07.15	01:10:48.593		0.86884			4
2025.07.15	01:10:49.878		0.86885			4
2025.07.15	01:10:51.878		0.86886			4
2025.07.15	01:10:52.760	0.86876	0.86885			6
2025.07.15	01:10:55.168		0.86883			4
2025.07.15	01:10:55.841		0.86884			4
2025.07.15	01:10:58.984	0.86877				2
2025.07.15	01:10:59.358		0.86885			4
2025.07.15	01:10:59.675		0.86884			4
2025.07.15	01:11:00.130	0.86877				2
2025.07.15	01:11:01.482	0.86875	0.86883			6
2025.07.15	01:11:05.479		0.86884			4
2025.07.15	01:11:11.122		0.86883			4
2025.07.15	01:11:12.304		0.86884			4
2025.07.15	01:11:14.111		0.86883			4
2025.07.15	01:11:17.573		0.86884			4
2025.07.15	01:11:20.880		0.86883			4
2025.07.15	01:11:24.479		0.86884			4
2025.07.15	01:11:24.830		0.86883			4
2025.07.15	01:11:37.141	0.86876	0.86884			6
2025.07.15	01:11:46.082		0.86883			4
2025.07.15	01:11:47.304	0.86875				2
2025.07.15	01:11:47.651		0.86884			4
2025.07.15	01:11:49.081		0.86883			4
2025.07.15	01:12:00.085	0.86875				2
2025.07.15	01:12:09.122		0.86884			4
2025.07.15	01:12:12.696		0.86883			4
2025.07.15	01:12:21.465		0.86882			4
2025.07.15	01:12:27.688		0.86883			4
2025.07.15	01:12:30.917		0.86882			4
2025.07.15	01:12:35.935		0.86883			4
2025.07.15	01:12:44.879		0.86882			4
2025.07.15	01:12:45.196		0.86883			4
2025.07.15	01:12:46.230		0.86882			4
2025.07.15	01:12:47.305		0.86883			4
2025.07.15	01:12:49.630		0.86882			4
2025.07.15	01:12:56.073	0.86874				2
2025.07.15	01:13:00.927	0.86874	0.86881			6
2025.07.15	01:13:03.964		0.86882			4
2025.07.15	01:13:06.074	0.86878	0.86884			6
2025.07.15	01:13:07.304	0.86877				2
2025.07.15	01:13:08.304	0.86873				2
2025.07.15	01:13:09.092	0.86875				2
2025.07.15	01:13:15.988	0.86865	0.86874			6
2025.07.15	01:13:16.311	0.86868	0.86882			6
2025.07.15	01:13:16.626		0.86881			4
2025.07.15	01:13:17.044	0.86869				2
2025.07.15	01:13:17.991	0.86870				2
2025.07.15	01:13:20.214	0.86868	0.86877			6
2025.07.15	01:13:22.463		0.86879			4
2025.07.15	01:13:23.760		0.86881			4
2025.07.15	01:13:24.080	0.86860	0.86880			6
2025.07.15	01:13:24.701	0.86859				2
2025.07.15	01:13:25.215	0.86860				2
2025.07.15	01:13:26.274	0.86861				2
2025.07.15	01:13:27.735	0.86860				2
2025.07.15	01:13:32.353	0.86861	0.86879			6
2025.07.15	01:13:34.003	0.86858	0.86877			6
2025.07.15	01:13:34.359	0.86850	0.86880			6
2025.07.15	01:13:34.810	0.86860	0.86879			6
2025.07.15	01:13:37.705		0.86880			4
2025.07.15	01:13:42.371	0.86850				2
2025.07.15	01:13:42.680	0.86861				2
2025.07.15	01:13:43.392	0.86862				2
2025.07.15	01:13:44.025	0.86861				2
2025.07.15	01:13:44.355	0.86857	0.86877			6
2025.07.15	01:13:44.659	0.86866	0.86880			6
2025.07.15	01:13:48.681	0.86867				2
2025.07.15	01:13:52.177	0.86872				2
2025.07.15	01:14:00.038	0.86872	0.86881			6
2025.07.15	01:14:16.347	0.86870	0.86880			6
2025.07.15	01:14:21.171	0.86873				2
2025.07.15	01:14:21.514		0.86881			4
2025.07.15	01:14:23.793		0.86880			4
2025.07.15	01:14:24.118		0.86881			4
2025.07.15	01:14:36.066	0.86872				2
2025.07.15	01:14:38.077	0.86873	0.86883			6
2025.07.15	01:14:39.215	0.86876				2
2025.07.15	01:14:45.585		0.86882			4
2025.07.15	01:14:45.898		0.86883			4
2025.07.15	01:14:46.305	0.86874				2
2025.07.15	01:14:47.070	0.86876				2
2025.07.15	01:14:48.303	0.86874				2
2025.07.15	01:14:52.656	0.86872	0.86881			6
2025.07.15	01:14:53.512		0.86882			4
2025.07.15	01:15:00.378	0.86876	0.86885			6
2025.07.15	01:15:00.994	0.86873	0.86883			6
2025.07.15	01:15:01.304		0.86882			4
2025.07.15	01:15:01.927		0.86881			4
2025.07.15	01:15:03.200	0.86874	0.86882			6
2025.07.15	01:15:03.520		0.86883			4
2025.07.15	01:15:03.887		0.86884			4
2025.07.15	01:15:06.678		0.86883			4
2025.07.15	01:15:07.010		0.86884			4
2025.07.15	01:15:07.663		0.86883			4
2025.07.15	01:15:08.427		0.86884			4
2025.07.15	01:15:23.345	0.86876	0.86885			6
2025.07.15	01:15:23.662	0.86877				2
2025.07.15	01:15:23.968	0.86878	0.86886			6
2025.07.15	01:15:24.948		0.86887			4
2025.07.15	01:15:30.375	0.86879	0.86889			6
2025.07.15	01:15:31.033		0.86890			4
2025.07.15	01:15:31.344		0.86889			4
2025.07.15	01:15:31.672		0.86888			4
2025.07.15	01:15:36.619		0.86889			4
2025.07.15	01:15:36.934		0.86890			4
2025.07.15	01:15:37.310		0.86888			4
2025.07.15	01:15:37.642		0.86890			4
2025.07.15	01:15:47.629	0.86881	0.86891			6
2025.07.15	01:15:47.938	0.86880				2
2025.07.15	01:15:48.245		0.86890			4
2025.07.15	01:15:49.836		0.86891			4
2025.07.15	01:15:50.832		0.86890			4
2025.07.15	01:15:51.288		0.86891			4
2025.07.15	01:15:57.431		0.86890			4
2025.07.15	01:15:58.013		0.86889			4
2025.07.15	01:16:00.541	0.86880	0.86890			6
2025.07.15	01:16:02.857		0.86891			4
2025.07.15	01:16:03.288		0.86890			4
2025.07.15	01:16:03.606		0.86891			4
2025.07.15	01:16:04.452		0.86890			4
2025.07.15	01:16:04.798		0.86889			4
2025.07.15	01:16:05.442		0.86890			4
2025.07.15	01:16:06.597		0.86889			4
2025.07.15	01:16:06.923		0.86890			4
2025.07.15	01:16:07.271		0.86891			4
2025.07.15	01:16:07.619		0.86890			4
2025.07.15	01:16:08.101		0.86891			4
2025.07.15	01:16:08.457		0.86890			4
2025.07.15	01:16:11.203		0.86891			4
2025.07.15	01:16:11.561		0.86890			4
2025.07.15	01:16:12.539	0.86882	0.86891			6
2025.07.15	01:16:12.852	0.86883				2
2025.07.15	01:16:13.158	0.86882				2
2025.07.15	01:16:13.481	0.86883	0.86892			6
2025.07.15	01:16:13.842	0.86882	0.86891			6
2025.07.15	01:16:14.179	0.86883				2
2025.07.15	01:16:14.905		0.86893			4
2025.07.15	01:16:15.219		0.86891			4
2025.07.15	01:16:17.179		0.86893			4
2025.07.15	01:16:17.964		0.86892			4
2025.07.15	01:16:18.264		0.86893			4
2025.07.15	01:16:18.578	0.86882	0.86891			6
2025.07.15	01:16:18.894	0.86883				2
2025.07.15	01:16:19.905		0.86893			4
2025.07.15	01:16:21.282	0.86884				2
2025.07.15	01:16:23.720	0.86883				2
2025.07.15	01:16:44.196	0.86885	0.86892			6
2025.07.15	01:16:46.336	0.86883	0.86893			6
2025.07.15	01:16:46.641	0.86881	0.86888			6
2025.07.15	01:16:46.952		0.86889			4
2025.07.15	01:16:47.346		0.86892			4
2025.07.15	01:16:47.689		0.86891			4
2025.07.15	01:16:48.655		0.86890			4
2025.07.15	01:16:49.006		0.86891			4
2025.07.15	01:16:51.327		0.86890			4
2025.07.15	01:16:51.657		0.86891			4
2025.07.15	01:16:52.427		0.86890			4
2025.07.15	01:16:53.506		0.86891			4
2025.07.15	01:16:54.689		0.86890			4
2025.07.15	01:16:55.475		0.86891			4
2025.07.15	01:16:56.209		0.86890			4
2025.07.15	01:16:56.525		0.86891			4
2025.07.15	01:16:56.992		0.86890			4
2025.07.15	01:16:57.356		0.86891			4
2025.07.15	01:16:58.302		0.86892			4
2025.07.15	01:16:58.618		0.86890			4
2025.07.15	01:16:58.920		0.86892			4
2025.07.15	01:16:59.538		0.86891			4
2025.07.15	01:17:00.185	0.86881				2
2025.07.15	01:17:01.242		0.86890			4
2025.07.15	01:17:01.551		0.86892			4
2025.07.15	01:17:05.330		0.86891			4
2025.07.15	01:17:06.202	0.86880	0.86890			6
2025.07.15	01:17:07.009		0.86888			4
2025.07.15	01:17:07.783		0.86890			4
2025.07.15	01:17:08.086		0.86888			4
2025.07.15	01:17:08.400	0.86881	0.86890			6
2025.07.15	01:17:09.188		0.86891			4
2025.07.15	01:17:09.813		0.86889			4
2025.07.15	01:17:10.138		0.86890			4
2025.07.15	01:17:10.484		0.86889			4
2025.07.15	01:17:10.924		0.86890			4
2025.07.15	01:17:11.289		0.86889			4
2025.07.15	01:17:11.595	0.86880				2
2025.07.15	01:17:11.914		0.86890			4
2025.07.15	01:17:12.886		0.86888			4
2025.07.15	01:17:13.207		0.86887			4
2025.07.15	01:17:13.574		0.86889			4
2025.07.15	01:17:13.932		0.86888			4
2025.07.15	01:17:14.242		0.86889			4
2025.07.15	01:17:14.587		0.86887			4
2025.07.15	01:17:15.249		0.86890			4
2025.07.15	01:17:15.565		0.86888			4
2025.07.15	01:17:16.191		0.86889			4
2025.07.15	01:17:16.921		0.86890			4
2025.07.15	01:17:19.839		0.86891			4
2025.07.15	01:17:20.152		0.86890			4
2025.07.15	01:17:24.938		0.86889			4
2025.07.15	01:17:26.736		0.86890			4
2025.07.15	01:17:27.705		0.86889			4
2025.07.15	01:17:28.687		0.86890			4
2025.07.15	01:17:29.036		0.86889			4
2025.07.15	01:17:29.703		0.86890			4
2025.07.15	01:17:30.087		0.86889			4
2025.07.15	01:17:32.158		0.86890			4
2025.07.15	01:17:32.849		0.86889			4
2025.07.15	01:17:33.162		0.86890			4
2025.07.15	01:17:34.877		0.86891			4
2025.07.15	01:17:35.217		0.86890			4
2025.07.15	01:17:39.673		0.86889			4
2025.07.15	01:17:40.290		0.86890			4
2025.07.15	01:17:41.117		0.86889			4
2025.07.15	01:17:41.493		0.86890			4
2025.07.15	01:17:41.813	0.86881	0.86889			6
2025.07.15	01:17:42.165		0.86891			4
2025.07.15	01:17:42.867		0.86889			4
2025.07.15	01:17:43.609		0.86891			4
2025.07.15	01:17:44.002		0.86890			4
2025.07.15	01:17:44.710		0.86889			4
2025.07.15	01:17:45.808		0.86890			4
2025.07.15	01:17:50.760		0.86891			4
2025.07.15	01:17:54.438		0.86890			4
2025.07.15	01:17:56.184		0.86891			4
2025.07.15	01:18:00.189	0.86881	0.86890			6
2025.07.15	01:18:00.529		0.86891			4
2025.07.15	01:18:01.709		0.86890			4
2025.07.15	01:18:02.104		0.86891			4
2025.07.15	01:18:02.495	0.86882	0.86889			6
2025.07.15	01:18:02.802		0.86891			4
2025.07.15	01:18:04.652		0.86892			4
2025.07.15	01:18:05.260		0.86891			4
2025.07.15	01:18:05.649		0.86892			4
2025.07.15	01:18:07.559		0.86891			4
2025.07.15	01:18:08.012		0.86893			4
2025.07.15	01:18:11.179		0.86892			4
2025.07.15	01:18:11.802		0.86893			4
2025.07.15	01:18:12.148	0.86883				2
2025.07.15	01:18:12.460	0.86882	0.86892			6
2025.07.15	01:18:14.637		0.86893			4
2025.07.15	01:18:14.951		0.86892			4
2025.07.15	01:18:20.430		0.86893			4
2025.07.15	01:18:20.747		0.86892			4
2025.07.15	01:18:26.762		0.86893			4
2025.07.15	01:18:27.647		0.86892			4
2025.07.15	01:18:38.918		0.86893			4
2025.07.15	01:18:39.238		0.86892			4
2025.07.15	01:18:55.077		0.86893			4
2025.07.15	01:18:55.409		0.86892			4
2025.07.15	01:18:55.738		0.86893			4
2025.07.15	01:18:56.178		0.86892			4
2025.07.15	01:19:00.182	0.86882	0.86893			6
2025.07.15	01:19:01.462		0.86892			4
2025.07.15	01:19:02.422		0.86893			4
2025.07.15	01:19:04.007	0.86883				2
2025.07.15	01:19:04.315		0.86892			4
2025.07.15	01:19:04.705		0.86893			4
2025.07.15	01:19:06.775		0.86892			4
2025.07.15	01:19:07.779		0.86893			4
2025.07.15	01:19:09.185		0.86892			4
2025.07.15	01:19:09.583		0.86893			4
2025.07.15	01:19:09.908		0.86892			4
2025.07.15	01:19:10.242		0.86893			4
2025.07.15	01:19:11.769		0.86892			4
2025.07.15	01:19:12.096		0.86893			4
2025.07.15	01:19:12.519		0.86892			4
2025.07.15	01:19:12.926		0.86893			4
2025.07.15	01:19:14.363		0.86892			4
2025.07.15	01:19:15.103		0.86893			4
2025.07.15	01:19:15.780		0.86892			4
2025.07.15	01:19:16.181		0.86893			4
2025.07.15	01:19:16.812		0.86892			4
2025.07.15	01:19:17.195		0.86893			4
2025.07.15	01:19:18.291		0.86892			4
2025.07.15	01:19:19.453		0.86893			4
2025.07.15	01:19:20.530		0.86892			4
2025.07.15	01:19:21.258		0.86893			4
2025.07.15	01:19:22.956		0.86892			4
2025.07.15	01:19:23.260	0.86882				2
2025.07.15	01:19:23.601	0.86883	0.86893			6
2025.07.15	01:19:24.247		0.86892			4
2025.07.15	01:19:24.872		0.86894			4
2025.07.15	01:19:25.200		0.86892			4
2025.07.15	01:19:25.840		0.86894			4
2025.07.15	01:19:26.509		0.86893			4
2025.07.15	01:19:26.902		0.86894			4
2025.07.15	01:19:27.256		0.86892			4
2025.07.15	01:19:27.924		0.86893			4
2025.07.15	01:19:28.270		0.86894			4
2025.07.15	01:19:28.640		0.86892			4
2025.07.15	01:19:28.944		0.86894			4
2025.07.15	01:19:29.671		0.86892			4
2025.07.15	01:19:29.973		0.86893			4
2025.07.15	01:19:30.288		0.86891			4
2025.07.15	01:19:30.615	0.86882				2
2025.07.15	01:19:30.925		0.86892			4
2025.07.15	01:19:31.551		0.86891			4
2025.07.15	01:19:32.500		0.86893			4
2025.07.15	01:19:32.860		0.86892			4
2025.07.15	01:19:33.198		0.86891			4
2025.07.15	01:19:33.505		0.86892			4
2025.07.15	01:19:35.314		0.86891			4
2025.07.15	01:19:35.623		0.86892			4
2025.07.15	01:19:43.936		0.86893			4
2025.07.15	01:19:44.268		0.86892			4
2025.07.15	01:19:47.527		0.86891			4
2025.07.15	01:19:47.829		0.86892			4
2025.07.15	01:19:49.251		0.86893			4
2025.07.15	01:19:50.257		0.86892			4
2025.07.15	01:19:50.614		0.86893			4
2025.07.15	01:19:51.351		0.86892			4
2025.07.15	01:19:51.735		0.86893			4
2025.07.15	01:19:52.662		0.86892			4
2025.07.15	01:19:52.985		0.86893			4
2025.07.15	01:19:54.104		0.86892			4
2025.07.15	01:19:54.415		0.86893			4
2025.07.15	01:19:56.596		0.86892			4
2025.07.15	01:19:56.990		0.86893			4
2025.07.15	01:19:58.040		0.86892			4
2025.07.15	01:19:59.522	0.86883				2
2025.07.15	01:20:00.634	0.86883				2
2025.07.15	01:20:01.453		0.86893			4
2025.07.15	01:20:02.460		0.86892			4
2025.07.15	01:20:03.117		0.86893			4
2025.07.15	01:20:04.900		0.86892			4
2025.07.15	01:20:06.043		0.86893			4
2025.07.15	01:20:06.366		0.86891			4
2025.07.15	01:20:09.029	0.86882				2
2025.07.15	01:20:14.161		0.86890			4
2025.07.15	01:20:18.808		0.86891			4
2025.07.15	01:20:19.128		0.86890			4
2025.07.15	01:20:19.550		0.86891			4
2025.07.15	01:20:20.903		0.86892			4
2025.07.15	01:20:24.796	0.86883				2
2025.07.15	01:20:28.599		0.86893			4
2025.07.15	01:20:28.910		0.86891			4
2025.07.15	01:20:29.256		0.86893			4
2025.07.15	01:20:30.277		0.86891			4
2025.07.15	01:20:30.594		0.86892			4
2025.07.15	01:20:31.354		0.86893			4
2025.07.15	01:20:31.975		0.86892			4
2025.07.15	01:20:33.374		0.86891			4
2025.07.15	01:20:33.716		0.86893			4
2025.07.15	01:20:34.190		0.86892			4
2025.07.15	01:20:34.933		0.86893			4
2025.07.15	01:20:36.383		0.86892			4
2025.07.15	01:20:37.782		0.86891			4
2025.07.15	01:20:38.321		0.86893			4
2025.07.15	01:20:38.878		0.86892			4
2025.07.15	01:20:39.315		0.86891			4
2025.07.15	01:20:39.621		0.86892			4
2025.07.15	01:20:41.058		0.86891			4
2025.07.15	01:20:41.367		0.86892			4
2025.07.15	01:20:41.767		0.86893			4
2025.07.15	01:20:42.769		0.86892			4
2025.07.15	01:20:43.264		0.86893			4
2025.07.15	01:20:45.406		0.86892			4
2025.07.15	01:20:46.028		0.86893			4
2025.07.15	01:20:47.164		0.86892			4
2025.07.15	01:20:47.877		0.86893			4
2025.07.15	01:20:48.583		0.86892			4
2025.07.15	01:20:48.922		0.86893			4
2025.07.15	01:20:49.258		0.86890			4
2025.07.15	01:20:49.561		0.86891			4
2025.07.15	01:20:52.761		0.86892			4
2025.07.15	01:20:57.270		0.86891			4
2025.07.15	01:20:57.616		0.86892			4
2025.07.15	01:20:58.209		0.86891			4
2025.07.15	01:20:59.944		0.86892			4
2025.07.15	01:21:01.413	0.86883				2
2025.07.15	01:21:02.290		0.86891			4
2025.07.15	01:21:03.432		0.86892			4
2025.07.15	01:21:03.910		0.86891			4
2025.07.15	01:21:04.775		0.86892			4
2025.07.15	01:21:05.969		0.86891			4
2025.07.15	01:21:06.781		0.86892			4
2025.07.15	01:21:07.188		0.86891			4
2025.07.15	01:21:08.066		0.86892			4
2025.07.15	01:21:08.449		0.86891			4
2025.07.15	01:21:09.530		0.86892			4
2025.07.15	01:21:09.839		0.86891			4
2025.07.15	01:21:10.698		0.86892			4
2025.07.15	01:21:11.005		0.86891			4
2025.07.15	01:21:12.233		0.86892			4
2025.07.15	01:21:12.540		0.86891			4
2025.07.15	01:21:17.586		0.86892			4
2025.07.15	01:21:18.402		0.86891			4
2025.07.15	01:21:18.720		0.86892			4
2025.07.15	01:21:19.123		0.86891			4
2025.07.15	01:21:19.633		0.86892			4
2025.07.15	01:21:24.463		0.86891			4
2025.07.15	01:21:24.770		0.86892			4
2025.07.15	01:21:27.899		0.86891			4
2025.07.15	01:21:28.739		0.86892			4
2025.07.15	01:21:29.059		0.86891			4
2025.07.15	01:21:29.491		0.86892			4
2025.07.15	01:21:32.581		0.86891			4
2025.07.15	01:21:32.973		0.86892			4
2025.07.15	01:21:37.230		0.86891			4
2025.07.15	01:21:37.550		0.86892			4
2025.07.15	01:21:38.239		0.86891			4
2025.07.15	01:21:38.576		0.86892			4
2025.07.15	01:21:39.528		0.86891			4
2025.07.15	01:21:40.038		0.86892			4
2025.07.15	01:21:40.479		0.86891			4
2025.07.15	01:21:41.347		0.86892			4
2025.07.15	01:21:41.744		0.86891			4
2025.07.15	01:21:42.092		0.86892			4
2025.07.15	01:21:44.574		0.86891			4
2025.07.15	01:21:44.886		0.86892			4
2025.07.15	01:21:55.154		0.86891			4
2025.07.15	01:21:55.455		0.86892			4
2025.07.15	01:22:00.319	0.86883				2
2025.07.15	01:22:03.244		0.86893			4
2025.07.15	01:22:26.040		0.86891			4
2025.07.15	01:22:26.385		0.86893			4
2025.07.15	01:22:27.727		0.86891			4
2025.07.15	01:22:28.182		0.86893			4
2025.07.15	01:22:29.106		0.86892			4
2025.07.15	01:22:29.567		0.86893			4
2025.07.15	01:22:30.581		0.86892			4
2025.07.15	01:22:31.501		0.86893			4
2025.07.15	01:22:33.342		0.86892			4
2025.07.15	01:22:35.313		0.86893			4
2025.07.15	01:22:36.337		0.86892			4
2025.07.15	01:22:37.005		0.86893			4
2025.07.15	01:22:38.544		0.86892			4
2025.07.15	01:22:38.849		0.86893			4
2025.07.15	01:22:39.882		0.86892			4
2025.07.15	01:22:40.664		0.86893			4
2025.07.15	01:22:42.247		0.86892			4
2025.07.15	01:22:43.427		0.86893			4
2025.07.15	01:22:44.579		0.86892			4
2025.07.15	01:22:45.535		0.86893			4
2025.07.15	01:22:46.316		0.86892			4
2025.07.15	01:22:46.759		0.86893			4
2025.07.15	01:22:50.273		0.86892			4
2025.07.15	01:22:50.644		0.86893			4
2025.07.15	01:22:51.682		0.86892			4
2025.07.15	01:22:52.060		0.86893			4
2025.07.15	01:22:53.138	0.86882	0.86891			6
2025.07.15	01:22:53.453	0.86883				2
2025.07.15	01:22:54.065		0.86892			4
2025.07.15	01:22:54.758		0.86891			4
2025.07.15	01:22:56.146		0.86892			4
2025.07.15	01:22:56.537		0.86891			4
2025.07.15	01:22:57.176		0.86893			4
2025.07.15	01:22:57.478		0.86892			4
2025.07.15	01:22:57.848		0.86891			4
2025.07.15	01:22:58.635		0.86892			4
2025.07.15	01:22:59.006		0.86891			4
2025.07.15	01:22:59.421	0.86882	0.86890			6
2025.07.15	01:22:59.747	0.86883				2
2025.07.15	01:23:00.082	0.86883	0.86892			6
2025.07.15	01:23:00.396		0.86891			4
2025.07.15	01:23:00.700	0.86882	0.86890			6
2025.07.15	01:23:01.095	0.86883	0.86891			6
2025.07.15	01:23:01.500		0.86892			4
2025.07.15	01:23:05.677		0.86893			4
2025.07.15	01:23:06.051		0.86891			4
2025.07.15	01:23:06.394		0.86892			4
2025.07.15	01:23:07.475		0.86891			4
2025.07.15	01:23:07.962		0.86892			4
2025.07.15	01:23:09.275		0.86893			4
2025.07.15	01:23:09.936		0.86891			4
2025.07.15	01:23:10.446		0.86893			4
2025.07.15	01:23:13.866		0.86892			4
2025.07.15	01:23:14.911		0.86893			4
2025.07.15	01:23:16.588		0.86892			4
2025.07.15	01:23:17.027		0.86893			4
2025.07.15	01:23:24.410		0.86892			4
2025.07.15	01:23:37.465		0.86893			4
2025.07.15	01:23:38.725		0.86892			4
2025.07.15	01:23:45.050		0.86893			4
2025.07.15	01:23:45.359		0.86892			4
2025.07.15	01:24:00.937	0.86883				2
2025.07.15	01:24:11.114		0.86893			4
2025.07.15	01:24:11.572		0.86891			4
2025.07.15	01:24:11.884		0.86892			4
2025.07.15	01:24:12.322		0.86893			4
2025.07.15	01:24:12.740		0.86892			4
2025.07.15	01:24:28.630		0.86893			4
2025.07.15	01:24:32.938		0.86892			4
2025.07.15	01:24:41.002		0.86891			4
2025.07.15	01:24:41.429	0.86884	0.86892			6
2025.07.15	01:24:47.345		0.86893			4
2025.07.15	01:24:57.479		0.86892			4
2025.07.15	01:25:00.390	0.86884				2
2025.07.15	01:25:00.873		0.86891			4
2025.07.15	01:25:01.335		0.86892			4
2025.07.15	01:25:02.043		0.86891			4
2025.07.15	01:25:02.459		0.86892			4
2025.07.15	01:25:04.119		0.86891			4
2025.07.15	01:25:05.721		0.86892			4
2025.07.15	01:25:15.136		0.86893			4
2025.07.15	01:25:42.840		0.86892			4
2025.07.15	01:25:43.262	0.86886	0.86897			6
2025.07.15	01:25:44.309		0.86896			4
2025.07.15	01:25:45.473		0.86897			4
2025.07.15	01:25:46.381		0.86896			4
2025.07.15	01:25:48.996		0.86895			4
2025.07.15	01:25:50.062		0.86896			4
2025.07.15	01:25:50.985		0.86895			4
2025.07.15	01:25:51.926	0.86887	0.86896			6
2025.07.15	01:25:52.246	0.86886	0.86894			6
2025.07.15	01:25:53.150	0.86887	0.86896			6
2025.07.15	01:25:53.841		0.86895			4
2025.07.15	01:25:55.915		0.86896			4
2025.07.15	01:25:57.736		0.86895			4
2025.07.15	01:25:58.099		0.86894			4
2025.07.15	01:25:58.442		0.86893			4
2025.07.15	01:25:58.832		0.86895			4
2025.07.15	01:25:59.572		0.86894			4
2025.07.15	01:26:00.289	0.86887	0.86895			6
2025.07.15	01:26:00.599		0.86896			4
2025.07.15	01:26:00.921		0.86895			4
2025.07.15	01:26:01.551		0.86894			4
2025.07.15	01:26:01.897		0.86895			4
2025.07.15	01:26:02.202		0.86896			4
2025.07.15	01:26:02.808		0.86894			4
2025.07.15	01:26:03.844		0.86896			4
2025.07.15	01:26:04.283		0.86895			4
2025.07.15	01:26:04.645		0.86896			4
2025.07.15	01:26:05.394		0.86895			4
2025.07.15	01:26:06.852		0.86894			4
2025.07.15	01:26:07.626		0.86896			4
2025.07.15	01:26:07.978		0.86895			4
2025.07.15	01:26:10.259		0.86896			4
2025.07.15	01:26:10.584		0.86895			4
2025.07.15	01:26:10.944		0.86894			4
2025.07.15	01:26:11.966		0.86895			4
2025.07.15	01:26:14.418		0.86896			4
2025.07.15	01:26:14.749		0.86895			4
2025.07.15	01:26:15.120		0.86896			4
2025.07.15	01:26:15.684		0.86895			4
2025.07.15	01:26:16.925		0.86896			4
2025.07.15	01:26:18.982		0.86895			4
2025.07.15	01:26:20.177		0.86894			4
2025.07.15	01:26:20.489		0.86896			4
2025.07.15	01:26:20.802		0.86894			4
2025.07.15	01:26:21.198		0.86895			4
2025.07.15	01:26:22.548		0.86894			4
2025.07.15	01:26:23.004		0.86896			4
2025.07.15	01:26:23.675		0.86894			4
2025.07.15	01:26:24.514		0.86895			4
2025.07.15	01:26:25.575		0.86894			4
2025.07.15	01:26:26.601		0.86896			4
2025.07.15	01:26:28.175		0.86895			4
2025.07.15	01:26:28.514		0.86896			4
2025.07.15	01:26:28.850		0.86895			4
2025.07.15	01:26:29.660	0.86886	0.86893			6
2025.07.15	01:26:29.971	0.86882	0.86889			6
2025.07.15	01:26:30.279	0.86883	0.86890			6
2025.07.15	01:26:33.073		0.86889			4
2025.07.15	01:26:34.464		0.86890			4
2025.07.15	01:26:35.274		0.86889			4
2025.07.15	01:26:36.317		0.86891			4
2025.07.15	01:26:36.633		0.86890			4
2025.07.15	01:26:37.332		0.86891			4
2025.07.15	01:26:38.425		0.86890			4
2025.07.15	01:26:40.270		0.86889			4
2025.07.15	01:26:41.889		0.86891			4
2025.07.15	01:26:44.678	0.86884	0.86894			6
2025.07.15	01:26:45.057	0.86885				2
2025.07.15	01:26:46.074		0.86895			4
2025.07.15	01:26:58.985	0.86883	0.86894			6
2025.07.15	01:26:59.577		0.86893			4
2025.07.15	01:27:00.071	0.86883				2
2025.07.15	01:27:02.594		0.86892			4
2025.07.15	01:27:03.319		0.86893			4
2025.07.15	01:27:04.047		0.86892			4
2025.07.15	01:27:05.515		0.86893			4
2025.07.15	01:27:09.020		0.86891			4
2025.07.15	01:27:09.984		0.86892			4
2025.07.15	01:27:10.922		0.86893			4
2025.07.15	01:27:11.298		0.86892			4
2025.07.15	01:27:11.811		0.86893			4
2025.07.15	01:27:12.424		0.86892			4
2025.07.15	01:27:14.229		0.86893			4
2025.07.15	01:27:15.291		0.86892			4
2025.07.15	01:27:16.055		0.86893			4
2025.07.15	01:27:17.125		0.86892			4
2025.07.15	01:27:17.656		0.86893			4
2025.07.15	01:27:20.224		0.86892			4
2025.07.15	01:27:21.319		0.86893			4
2025.07.15	01:27:22.351	0.86884	0.86891			6
2025.07.15	01:27:22.660	0.86886	0.86893			6
2025.07.15	01:27:22.979		0.86895			4
2025.07.15	01:27:23.300		0.86894			4
2025.07.15	01:27:24.706		0.86895			4
2025.07.15	01:27:31.361		0.86894			4
2025.07.15	01:27:32.008		0.86895			4
2025.07.15	01:27:34.776		0.86894			4
2025.07.15	01:27:35.499		0.86893			4
2025.07.15	01:27:35.903	0.86884	0.86892			6
2025.07.15	01:27:36.270		0.86895			4
2025.07.15	01:27:36.581		0.86893			4
2025.07.15	01:27:36.949		0.86894			4
2025.07.15	01:27:37.585		0.86893			4
2025.07.15	01:27:38.209		0.86894			4
2025.07.15	01:27:38.525		0.86893			4
2025.07.15	01:27:39.139		0.86894			4
2025.07.15	01:27:40.802		0.86893			4
2025.07.15	01:27:41.121		0.86894			4
2025.07.15	01:27:42.059		0.86893			4
2025.07.15	01:27:42.365		0.86892			4
2025.07.15	01:27:42.679		0.86895			4
2025.07.15	01:27:43.920		0.86894			4
2025.07.15	01:27:44.297		0.86895			4
2025.07.15	01:27:47.804		0.86894			4
2025.07.15	01:27:48.109		0.86895			4
2025.07.15	01:27:48.473		0.86894			4
2025.07.15	01:27:48.850		0.86895			4
2025.07.15	01:27:49.845		0.86893			4
2025.07.15	01:27:50.159		0.86895			4
2025.07.15	01:27:57.735		0.86894			4
2025.07.15	01:27:58.046		0.86895			4
2025.07.15	01:27:58.368		0.86894			4
2025.07.15	01:28:00.078	0.86884				2
2025.07.15	01:28:04.837	0.86885	0.86895			6
2025.07.15	01:28:05.895	0.86886				2
2025.07.15	01:28:12.982		0.86894			4
2025.07.15	01:28:13.824		0.86895			4
2025.07.15	01:28:15.909		0.86894			4
2025.07.15	01:28:17.004		0.86895			4
2025.07.15	01:28:33.737		0.86896			4
2025.07.15	01:28:35.795		0.86894			4
2025.07.15	01:28:36.400		0.86896			4
2025.07.15	01:28:36.804		0.86894			4
2025.07.15	01:28:37.122		0.86895			4
2025.07.15	01:28:37.465		0.86896			4
2025.07.15	01:28:37.802		0.86895			4
2025.07.15	01:28:38.196		0.86896			4
2025.07.15	01:28:38.926		0.86895			4
2025.07.15	01:28:39.251		0.86896			4
2025.07.15	01:28:39.933		0.86894			4
2025.07.15	01:28:40.366		0.86896			4
2025.07.15	01:28:40.675		0.86894			4
2025.07.15	01:28:42.369		0.86895			4
2025.07.15	01:28:44.109		0.86896			4
2025.07.15	01:28:44.416		0.86894			4
2025.07.15	01:28:45.091		0.86895			4
2025.07.15	01:28:47.195		0.86896			4
2025.07.15	01:28:48.060		0.86894			4
2025.07.15	01:28:52.913		0.86893			4
2025.07.15	01:28:53.772		0.86894			4
2025.07.15	01:28:54.799		0.86895			4
2025.07.15	01:28:55.113		0.86894			4
2025.07.15	01:28:56.221		0.86896			4
2025.07.15	01:28:57.244		0.86895			4
2025.07.15	01:28:58.872		0.86894			4
2025.07.15	01:28:59.850		0.86896			4
2025.07.15	01:29:00.430	0.86886				2
2025.07.15	01:29:00.742		0.86894			4
2025.07.15	01:29:02.268		0.86895			4
2025.07.15	01:29:02.773		0.86894			4
2025.07.15	01:29:03.143		0.86895			4
2025.07.15	01:29:03.444		0.86894			4
2025.07.15	01:29:03.771		0.86896			4
2025.07.15	01:29:04.832		0.86894			4
2025.07.15	01:29:05.784		0.86895			4
2025.07.15	01:29:06.184		0.86894			4
2025.07.15	01:29:06.511		0.86896			4
2025.07.15	01:29:07.235		0.86894			4
2025.07.15	01:29:07.605		0.86895			4
2025.07.15	01:29:09.930		0.86894			4
2025.07.15	01:29:10.336		0.86895			4
2025.07.15	01:29:10.777		0.86894			4
2025.07.15	01:29:12.563		0.86895			4
2025.07.15	01:29:15.389		0.86896			4
2025.07.15	01:29:15.737		0.86895			4
2025.07.15	01:29:16.056		0.86896			4
2025.07.15	01:29:16.420		0.86895			4
2025.07.15	01:29:19.639		0.86896			4
2025.07.15	01:29:20.842		0.86894			4
2025.07.15	01:29:21.553		0.86896			4
2025.07.15	01:29:22.001		0.86894			4
2025.07.15	01:29:22.397		0.86895			4
2025.07.15	01:29:22.742		0.86894			4
2025.07.15	01:29:23.443	0.86882	0.86893			6
2025.07.15	01:29:23.748	0.86883	0.86892			6
2025.07.15	01:29:27.136		0.86893			4
2025.07.15	01:29:29.538		0.86891			4
2025.07.15	01:29:29.903		0.86892			4
2025.07.15	01:29:30.733		0.86891			4
2025.07.15	01:29:31.379		0.86892			4
2025.07.15	01:29:32.403		0.86893			4
2025.07.15	01:29:34.858		0.86891			4
2025.07.15	01:29:35.184		0.86893			4
2025.07.15	01:29:35.818		0.86892			4
2025.07.15	01:29:36.449	0.86884	0.86893			6
2025.07.15	01:29:37.478	0.86883				2
2025.07.15	01:29:38.529		0.86892			4
2025.07.15	01:29:38.921		0.86893			4
2025.07.15	01:29:42.503		0.86892			4
2025.07.15	01:29:42.854		0.86893			4
2025.07.15	01:29:46.134		0.86892			4
2025.07.15	01:29:46.788		0.86893			4
2025.07.15	01:29:47.184		0.86892			4
2025.07.15	01:29:47.561		0.86893			4
2025.07.15	01:29:47.878		0.86892			4
2025.07.15	01:29:48.512		0.86893			4
2025.07.15	01:29:48.820	0.86884				2
2025.07.15	01:29:49.543		0.86891			4
2025.07.15	01:29:50.197		0.86893			4
2025.07.15	01:29:50.592		0.86892			4
2025.07.15	01:29:50.918	0.86883				2
2025.07.15	01:29:51.219		0.86893			4
2025.07.15	01:29:53.345		0.86892			4
2025.07.15	01:29:53.738		0.86893			4
2025.07.15	01:29:54.525		0.86892			4
2025.07.15	01:29:54.918		0.86893			4
2025.07.15	01:29:55.313		0.86892			4
2025.07.15	01:29:55.708		0.86893			4
2025.07.15	01:29:56.034		0.86892			4
2025.07.15	01:29:56.690		0.86893			4
2025.07.15	01:29:58.446		0.86892			4
2025.07.15	01:29:58.854		0.86893			4
2025.07.15	01:29:59.246		0.86892			4
2025.07.15	01:30:00.025	0.86883	0.86893			6
2025.07.15	01:30:00.401	0.86882	0.86892			6
2025.07.15	01:30:00.711	0.86883	0.86893			6
2025.07.15	01:30:03.010	0.86885	0.86886			6
2025.07.15	01:30:04.552	0.86886	0.86887			6
2025.07.15	01:30:04.854	0.86884	0.86885			6
2025.07.15	01:30:05.461	0.86885	0.86886			6
2025.07.15	01:30:06.068	0.86886	0.86887			6
2025.07.15	01:30:06.672	0.86883	0.86892			6
2025.07.15	01:30:06.988		0.86891			4
2025.07.15	01:30:07.366	0.86879	0.86890			6
2025.07.15	01:30:07.680	0.86882				2
2025.07.15	01:30:07.989	0.86883	0.86889			6
2025.07.15	01:30:09.875	0.86881	0.86890			6
2025.07.15	01:30:12.217		0.86889			4
2025.07.15	01:30:13.019		0.86890			4
2025.07.15	01:30:14.705		0.86889			4
2025.07.15	01:30:15.078		0.86890			4
2025.07.15	01:30:15.404		0.86889			4
2025.07.15	01:30:21.543		0.86890			4
2025.07.15	01:30:22.329		0.86888			4
2025.07.15	01:30:22.686		0.86889			4
2025.07.15	01:30:25.312		0.86888			4
2025.07.15	01:30:26.395		0.86889			4
2025.07.15	01:30:26.789		0.86888			4
2025.07.15	01:30:27.150		0.86889			4
2025.07.15	01:30:27.955		0.86888			4
2025.07.15	01:30:29.271		0.86889			4
2025.07.15	01:30:36.996	0.86883	0.86891			6
2025.07.15	01:30:40.298		0.86892			4
2025.07.15	01:30:40.599		0.86891			4
2025.07.15	01:30:40.934		0.86892			4
2025.07.15	01:30:41.603		0.86891			4
2025.07.15	01:30:42.281	0.86880	0.86888			6
2025.07.15	01:30:42.657		0.86887			4
2025.07.15	01:30:43.451		0.86888			4
2025.07.15	01:30:44.229		0.86887			4
2025.07.15	01:30:45.182		0.86888			4
2025.07.15	01:30:46.187	0.86878	0.86885			6
2025.07.15	01:30:49.285		0.86886			4
2025.07.15	01:30:49.610		0.86885			4
2025.07.15	01:30:50.571		0.86884			4
2025.07.15	01:31:00.220	0.86878				2
2025.07.15	01:31:02.842		0.86885			4
2025.07.15	01:31:07.038		0.86884			4
2025.07.15	01:31:09.939	0.86879	0.86886			6
2025.07.15	01:31:12.484	0.86878				2
2025.07.15	01:31:12.799	0.86879				2
2025.07.15	01:31:16.128	0.86880	0.86889			6
2025.07.15	01:31:16.438		0.86888			4
2025.07.15	01:31:17.327		0.86889			4
2025.07.15	01:31:18.237		0.86886			4
2025.07.15	01:31:18.544		0.86888			4
2025.07.15	01:31:19.770		0.86886			4
2025.07.15	01:31:20.808		0.86888			4
2025.07.15	01:31:21.852		0.86886			4
2025.07.15	01:31:22.222		0.86888			4
2025.07.15	01:31:23.371		0.86887			4
2025.07.15	01:31:24.091		0.86888			4
2025.07.15	01:31:25.116		0.86887			4
2025.07.15	01:31:26.977		0.86888			4
2025.07.15	01:31:31.461		0.86886			4
2025.07.15	01:31:32.378		0.86888			4
2025.07.15	01:31:35.602		0.86889			4
2025.07.15	01:31:36.847		0.86888			4
2025.07.15	01:31:37.852	0.86881	0.86890			6
2025.07.15	01:31:38.159	0.86882	0.86889			6
2025.07.15	01:31:38.914		0.86892			4
2025.07.15	01:31:40.278		0.86891			4
2025.07.15	01:31:40.954		0.86892			4
2025.07.15	01:31:43.093		0.86891			4
2025.07.15	01:31:43.412		0.86892			4
2025.07.15	01:31:44.034		0.86891			4
2025.07.15	01:31:45.832		0.86892			4
2025.07.15	01:31:49.814		0.86891			4
2025.07.15	01:31:50.137		0.86892			4
2025.07.15	01:31:52.085		0.86889			4
2025.07.15	01:31:52.412		0.86888			4
2025.07.15	01:31:52.721		0.86889			4
2025.07.15	01:31:53.845		0.86887			4
2025.07.15	01:31:54.164		0.86889			4
2025.07.15	01:31:56.779		0.86887			4
2025.07.15	01:31:57.090		0.86888			4
2025.07.15	01:31:57.403		0.86889			4
2025.07.15	01:31:58.845		0.86887			4
2025.07.15	01:31:59.149		0.86889			4
2025.07.15	01:31:59.494		0.86887			4
2025.07.15	01:31:59.799		0.86889			4
2025.07.15	01:32:00.137	0.86882				2
2025.07.15	01:32:00.810		0.86887			4
2025.07.15	01:32:01.119	0.86883	0.86889			6
2025.07.15	01:32:01.429	0.86882				2
2025.07.15	01:32:02.063		0.86887			4
2025.07.15	01:32:02.379	0.86881	0.86888			6
2025.07.15	01:32:02.682	0.86882	0.86889			6
2025.07.15	01:32:02.999	0.86881	0.86888			6
2025.07.15	01:32:06.082	0.86880				2
2025.07.15	01:32:09.244		0.86887			4
2025.07.15	01:32:09.558		0.86888			4
2025.07.15	01:32:09.861		0.86887			4
2025.07.15	01:32:13.423		0.86888			4
2025.07.15	01:32:14.039		0.86887			4
2025.07.15	01:32:14.341		0.86889			4
2025.07.15	01:32:15.333		0.86888			4
2025.07.15	01:32:15.646		0.86889			4
2025.07.15	01:32:19.776		0.86888			4
2025.07.15	01:32:20.111		0.86889			4
2025.07.15	01:32:20.493		0.86888			4
2025.07.15	01:32:27.584		0.86889			4
2025.07.15	01:32:27.886		0.86886			4
2025.07.15	01:32:29.684		0.86885			4
2025.07.15	01:32:32.177		0.86886			4
2025.07.15	01:32:32.497		0.86885			4
2025.07.15	01:32:33.619		0.86889			4
2025.07.15	01:32:35.697		0.86888			4
2025.07.15	01:32:37.699		0.86889			4
2025.07.15	01:32:42.118		0.86888			4
2025.07.15	01:32:49.356		0.86889			4
2025.07.15	01:32:53.413	0.86881	0.86888			6
2025.07.15	01:32:53.854	0.86880				2
2025.07.15	01:32:57.166		0.86889			4
2025.07.15	01:33:00.773	0.86880				2
2025.07.15	01:33:04.214		0.86888			4
2025.07.15	01:33:11.898	0.86881	0.86889			6
2025.07.15	01:33:13.592	0.86878	0.86886			6
2025.07.15	01:33:13.963	0.86879				2
2025.07.15	01:33:14.268		0.86887			4
2025.07.15	01:33:14.905		0.86889			4
2025.07.15	01:33:15.317		0.86888			4
2025.07.15	01:33:15.842		0.86889			4
2025.07.15	01:33:16.227		0.86888			4
2025.07.15	01:33:16.927		0.86890			4
2025.07.15	01:33:17.263		0.86888			4
2025.07.15	01:33:19.334		0.86889			4
2025.07.15	01:33:20.474		0.86888			4
2025.07.15	01:33:21.408		0.86890			4
2025.07.15	01:33:21.743		0.86888			4
2025.07.15	01:33:22.593		0.86887			4
2025.07.15	01:33:22.897		0.86890			4
2025.07.15	01:33:23.609		0.86888			4
2025.07.15	01:33:24.470		0.86890			4
2025.07.15	01:33:24.810		0.86889			4
2025.07.15	01:33:25.499		0.86890			4
2025.07.15	01:33:26.885		0.86889			4
2025.07.15	01:33:27.526		0.86890			4
2025.07.15	01:33:27.831		0.86889			4
2025.07.15	01:33:28.543		0.86890			4
2025.07.15	01:33:29.233		0.86889			4
2025.07.15	01:33:30.509		0.86890			4
2025.07.15	01:33:30.943		0.86889			4
2025.07.15	01:33:32.192	0.86880	0.86887			6
2025.07.15	01:33:32.540	0.86879	0.86889			6
2025.07.15	01:33:33.164		0.86890			4
2025.07.15	01:33:34.312	0.86880	0.86888			6
2025.07.15	01:33:35.208	0.86881	0.86890			6
2025.07.15	01:33:35.789		0.86889			4
2025.07.15	01:33:36.792		0.86891			4
2025.07.15	01:33:48.548		0.86887			4
2025.07.15	01:34:00.291	0.86881				2
2025.07.15	01:34:26.897		0.86888			4
2025.07.15	01:34:27.309		0.86891			4
2025.07.15	01:34:30.909	0.86879	0.86887			6
2025.07.15	01:34:31.279	0.86880	0.86888			6
2025.07.15	01:34:31.585		0.86889			4
2025.07.15	01:34:32.249		0.86890			4
2025.07.15	01:34:32.557		0.86887			4
2025.07.15	01:34:32.941		0.86890			4
2025.07.15	01:34:33.618		0.86888			4
2025.07.15	01:34:34.021		0.86886			4
2025.07.15	01:34:34.350		0.86888			4
2025.07.15	01:34:34.664	0.86879	0.86886			6
2025.07.15	01:34:34.978		0.86888			4
2025.07.15	01:34:35.306	0.86880	0.86889			6
2025.07.15	01:34:35.616	0.86879	0.86887			6
2025.07.15	01:34:35.926		0.86888			4
2025.07.15	01:34:37.304		0.86886			4
2025.07.15	01:34:37.649		0.86887			4
2025.07.15	01:34:38.310		0.86888			4
2025.07.15	01:34:38.619		0.86885			4
2025.07.15	01:34:38.961		0.86888			4
2025.07.15	01:34:40.238	0.86880	0.86891			6
2025.07.15	01:34:40.544		0.86890			4
2025.07.15	01:34:41.870		0.86889			4
2025.07.15	01:34:42.940		0.86890			4
2025.07.15	01:34:43.460	0.86882				2
2025.07.15	01:34:43.786		0.86889			4
2025.07.15	01:34:46.340	0.86884	0.86891			6
2025.07.15	01:34:51.948		0.86892			4
2025.07.15	01:34:55.388		0.86891			4
2025.07.15	01:35:00.085	0.86884				2
2025.07.15	01:35:00.390		0.86893			4
2025.07.15	01:35:01.249		0.86892			4
2025.07.15	01:35:02.206		0.86893			4
2025.07.15	01:35:07.421		0.86892			4
2025.07.15	01:35:11.672		0.86891			4
2025.07.15	01:35:12.039		0.86892			4
2025.07.15	01:35:13.080		0.86891			4
2025.07.15	01:35:13.424		0.86892			4
2025.07.15	01:35:15.829		0.86891			4
2025.07.15	01:35:16.474		0.86892			4
2025.07.15	01:35:16.890		0.86891			4
2025.07.15	01:35:17.219		0.86892			4
2025.07.15	01:35:18.571		0.86891			4
2025.07.15	01:35:18.872		0.86892			4
2025.07.15	01:35:20.432		0.86891			4
2025.07.15	01:35:20.741		0.86892			4
2025.07.15	01:35:21.360		0.86891			4
2025.07.15	01:35:22.013		0.86892			4
2025.07.15	01:35:22.343		0.86891			4
2025.07.15	01:35:23.005		0.86892			4
2025.07.15	01:35:25.681		0.86891			4
2025.07.15	01:35:26.070		0.86892			4
2025.07.15	01:35:26.857		0.86891			4
2025.07.15	01:35:27.513		0.86892			4
2025.07.15	01:35:28.300		0.86891			4
2025.07.15	01:35:28.621		0.86892			4
2025.07.15	01:35:29.916		0.86891			4
2025.07.15	01:35:30.663		0.86892			4
2025.07.15	01:35:31.427		0.86891			4
2025.07.15	01:35:32.163		0.86892			4
2025.07.15	01:35:33.139		0.86891			4
2025.07.15	01:35:33.808		0.86892			4
2025.07.15	01:35:34.182		0.86891			4
2025.07.15	01:35:34.805		0.86892			4
2025.07.15	01:35:36.743		0.86891			4
2025.07.15	01:35:38.180		0.86892			4
2025.07.15	01:35:40.104	0.86885				2
2025.07.15	01:35:40.424	0.86886	0.86893			6
2025.07.15	01:35:40.744		0.86892			4
2025.07.15	01:35:45.320	0.86885				2
2025.07.15	01:35:45.652	0.86886				2
2025.07.15	01:35:46.376		0.86891			4
2025.07.15	01:35:46.681	0.86885	0.86892			6
2025.07.15	01:35:47.052	0.86886				2
2025.07.15	01:35:51.327	0.86885				2
2025.07.15	01:35:52.938	0.86886				2
2025.07.15	01:35:53.240	0.86885				2
2025.07.15	01:35:53.613	0.86883	0.86891			6
2025.07.15	01:35:53.918		0.86890			4
2025.07.15	01:35:55.709		0.86892			4
2025.07.15	01:36:00.037	0.86883				2
2025.07.15	01:36:03.994		0.86893			4
2025.07.15	01:36:05.026	0.86884	0.86892			6
2025.07.15	01:36:05.415	0.86883	0.86893			6
2025.07.15	01:36:06.436	0.86884	0.86892			6
2025.07.15	01:36:06.858	0.86883	0.86893			6
2025.07.15	01:36:07.619	0.86884	0.86892			6
2025.07.15	01:36:07.978	0.86883	0.86893			6
2025.07.15	01:36:08.957		0.86892			4
2025.07.15	01:36:09.691		0.86893			4
2025.07.15	01:36:10.398		0.86892			4
2025.07.15	01:36:10.723		0.86893			4
2025.07.15	01:36:12.759		0.86892			4
2025.07.15	01:36:13.477		0.86893			4
2025.07.15	01:36:14.546		0.86892			4
2025.07.15	01:36:15.253		0.86893			4
2025.07.15	01:36:18.401		0.86892			4
2025.07.15	01:36:23.593		0.86891			4
2025.07.15	01:36:23.955		0.86892			4
2025.07.15	01:36:24.693		0.86891			4
2025.07.15	01:36:25.001		0.86892			4
2025.07.15	01:36:25.305		0.86889			4
2025.07.15	01:36:28.037		0.86888			4
2025.07.15	01:36:28.343		0.86889			4
2025.07.15	01:36:29.904		0.86888			4
2025.07.15	01:36:30.221		0.86889			4
2025.07.15	01:36:35.637		0.86888			4
2025.07.15	01:36:36.258		0.86889			4
2025.07.15	01:36:44.283		0.86888			4
2025.07.15	01:36:44.589		0.86889			4
2025.07.15	01:36:46.468		0.86887			4
2025.07.15	01:36:46.782		0.86889			4
2025.07.15	01:36:48.800	0.86882	0.86888			6
2025.07.15	01:36:49.112		0.86889			4
2025.07.15	01:36:50.274		0.86888			4
2025.07.15	01:36:50.581		0.86889			4
2025.07.15	01:36:53.392		0.86887			4
2025.07.15	01:36:53.703		0.86889			4
2025.07.15	01:36:55.621		0.86888			4
2025.07.15	01:36:55.930		0.86889			4
2025.07.15	01:37:00.109	0.86882				2
2025.07.15	01:37:01.420		0.86888			4
2025.07.15	01:37:01.814		0.86889			4
2025.07.15	01:37:02.207	0.86883	0.86892			6
2025.07.15	01:37:02.526		0.86891			4
2025.07.15	01:37:03.166		0.86893			4
2025.07.15	01:37:03.519		0.86892			4
2025.07.15	01:37:03.841		0.86893			4
2025.07.15	01:37:05.363		0.86892			4
2025.07.15	01:37:05.698		0.86893			4
2025.07.15	01:37:06.404		0.86892			4
2025.07.15	01:37:07.192	0.86885				2
2025.07.15	01:37:08.220		0.86890			4
2025.07.15	01:37:08.837		0.86891			4
2025.07.15	01:37:12.537		0.86890			4
2025.07.15	01:37:12.850		0.86891			4
2025.07.15	01:37:13.527		0.86890			4
2025.07.15	01:37:14.159		0.86891			4
2025.07.15	01:37:20.390	0.86884	0.86892			6
2025.07.15	01:37:32.070	0.86881	0.86890			6
2025.07.15	01:37:32.680		0.86887			4
2025.07.15	01:37:33.697		0.86886			4
2025.07.15	01:37:33.999		0.86888			4
2025.07.15	01:37:36.044		0.86887			4
2025.07.15	01:37:36.798		0.86888			4
2025.07.15	01:37:37.616		0.86887			4
2025.07.15	01:37:38.404		0.86888			4
2025.07.15	01:37:39.423	0.86880				2
2025.07.15	01:37:39.734	0.86881				2
2025.07.15	01:37:40.868	0.86880				2
2025.07.15	01:37:41.178	0.86881				2
2025.07.15	01:37:41.976		0.86887			4
2025.07.15	01:37:42.340		0.86888			4
2025.07.15	01:37:42.650	0.86880				2
2025.07.15	01:37:43.313		0.86887			4
2025.07.15	01:37:44.027		0.86888			4
2025.07.15	01:37:44.762		0.86887			4
2025.07.15	01:37:46.141	0.86879	0.86888			6
2025.07.15	01:37:47.145	0.86880	0.86887			6
2025.07.15	01:37:47.786		0.86888			4
2025.07.15	01:37:48.412	0.86879				2
2025.07.15	01:37:48.770	0.86880				2
2025.07.15	01:37:52.702		0.86889			4
2025.07.15	01:37:53.747		0.86888			4
2025.07.15	01:37:54.926		0.86889			4
2025.07.15	01:37:55.228		0.86888			4
2025.07.15	01:37:56.702		0.86889			4
2025.07.15	01:37:57.815		0.86888			4
2025.07.15	01:37:58.463		0.86889			4
2025.07.15	01:37:59.890		0.86888			4
2025.07.15	01:38:00.191	0.86880	0.86889			6
2025.07.15	01:38:00.509		0.86888			4
2025.07.15	01:38:02.001		0.86889			4
2025.07.15	01:38:03.105	0.86883	0.86892			6
2025.07.15	01:38:03.419		0.86891			4
2025.07.15	01:38:04.108	0.86882	0.86892			6
2025.07.15	01:38:04.421	0.86883	0.86891			6
2025.07.15	01:38:04.729	0.86882	0.86892			6
2025.07.15	01:38:05.045		0.86893			4
2025.07.15	01:38:05.503		0.86892			4
2025.07.15	01:38:06.332		0.86891			4
2025.07.15	01:38:06.711		0.86893			4
2025.07.15	01:38:07.155		0.86891			4
2025.07.15	01:38:08.583		0.86893			4
2025.07.15	01:38:13.418		0.86892			4
2025.07.15	01:38:13.762		0.86891			4
2025.07.15	01:38:14.391		0.86892			4
2025.07.15	01:38:14.739		0.86893			4
2025.07.15	01:38:15.075		0.86892			4
2025.07.15	01:38:15.395		0.86893			4
2025.07.15	01:38:20.093	0.86884	0.86894			6
2025.07.15	01:38:20.400		0.86893			4
2025.07.15	01:38:20.787		0.86892			4
2025.07.15	01:38:21.092		0.86893			4
2025.07.15	01:38:23.012		0.86892			4
2025.07.15	01:38:23.388		0.86893			4
2025.07.15	01:38:30.585		0.86894			4
2025.07.15	01:38:31.602		0.86893			4
2025.07.15	01:38:31.910		0.86894			4
2025.07.15	01:38:33.081		0.86892			4
2025.07.15	01:38:33.486		0.86894			4
2025.07.15	01:38:34.134		0.86893			4
2025.07.15	01:38:34.484		0.86894			4
2025.07.15	01:38:34.797		0.86893			4
2025.07.15	01:38:37.118		0.86894			4
2025.07.15	01:38:43.957		0.86893			4
2025.07.15	01:38:44.265		0.86894			4
2025.07.15	01:38:45.420		0.86893			4
2025.07.15	01:38:45.857		0.86894			4
2025.07.15	01:38:47.869		0.86893			4
2025.07.15	01:38:48.175		0.86894			4
2025.07.15	01:38:48.567		0.86893			4
2025.07.15	01:38:55.823		0.86892			4
2025.07.15	01:38:57.746		0.86891			4
2025.07.15	01:38:58.088		0.86893			4
2025.07.15	01:39:00.190	0.86884				2
2025.07.15	01:39:04.573	0.86882	0.86891			6
2025.07.15	01:39:04.886		0.86890			4
2025.07.15	01:39:05.919		0.86892			4
2025.07.15	01:39:08.639	0.86884				2
2025.07.15	01:39:09.888		0.86894			4
2025.07.15	01:39:11.992		0.86895			4
2025.07.15	01:39:14.079		0.86894			4
2025.07.15	01:39:15.194		0.86895			4
2025.07.15	01:39:19.243		0.86893			4
2025.07.15	01:39:19.608		0.86894			4
2025.07.15	01:39:22.350		0.86893			4
2025.07.15	01:39:22.748		0.86894			4
2025.07.15	01:39:32.766		0.86895			4
2025.07.15	01:39:35.521	0.86883	0.86893			6
2025.07.15	01:39:35.822		0.86892			4
2025.07.15	01:39:36.141		0.86893			4
2025.07.15	01:39:38.725		0.86890			4
2025.07.15	01:39:39.038		0.86892			4
2025.07.15	01:39:39.341		0.86889			4
2025.07.15	01:39:39.729		0.86890			4
2025.07.15	01:39:40.039	0.86884	0.86894			6
2025.07.15	01:39:40.644		0.86890			4
2025.07.15	01:39:41.275		0.86889			4
2025.07.15	01:39:41.889		0.86890			4
2025.07.15	01:39:42.607		0.86894			4
2025.07.15	01:39:43.268	0.86885	0.86895			6
2025.07.15	01:39:46.354		0.86893			4
2025.07.15	01:39:46.959		0.86894			4
2025.07.15	01:39:47.329		0.86893			4
2025.07.15	01:39:47.633		0.86894			4
2025.07.15	01:39:47.986		0.86895			4
2025.07.15	01:39:49.298		0.86894			4
2025.07.15	01:39:49.952		0.86895			4
2025.07.15	01:40:00.016	0.86885				2
2025.07.15	01:40:06.999		0.86896			4
2025.07.15	01:40:07.304		0.86895			4
2025.07.15	01:40:07.917		0.86896			4
2025.07.15	01:40:08.219		0.86893			4
2025.07.15	01:40:08.532		0.86894			4
2025.07.15	01:40:09.138		0.86895			4
2025.07.15	01:40:09.596		0.86893			4
2025.07.15	01:40:10.442		0.86895			4
2025.07.15	01:40:13.231		0.86894			4
2025.07.15	01:40:14.944		0.86895			4
2025.07.15	01:40:16.213		0.86894			4
2025.07.15	01:40:17.227		0.86895			4
2025.07.15	01:40:17.901		0.86894			4
2025.07.15	01:40:20.465		0.86895			4
2025.07.15	01:40:20.777		0.86894			4
2025.07.15	01:40:21.858		0.86895			4
2025.07.15	01:40:23.202		0.86894			4
2025.07.15	01:40:26.220		0.86895			4
2025.07.15	01:40:26.539		0.86894			4
2025.07.15	01:40:27.195		0.86895			4
2025.07.15	01:40:27.498		0.86894			4
2025.07.15	01:40:27.815		0.86896			4
2025.07.15	01:40:28.118		0.86895			4
2025.07.15	01:40:29.655		0.86894			4
2025.07.15	01:40:30.089		0.86895			4
2025.07.15	01:40:30.449		0.86894			4
2025.07.15	01:40:31.921		0.86895			4
2025.07.15	01:40:32.285		0.86894			4
2025.07.15	01:40:32.594		0.86895			4
2025.07.15	01:40:33.853		0.86894			4
2025.07.15	01:40:34.158		0.86896			4
2025.07.15	01:40:34.467		0.86894			4
2025.07.15	01:40:35.137		0.86895			4
2025.07.15	01:40:35.465		0.86894			4
2025.07.15	01:40:35.829		0.86895			4
2025.07.15	01:40:37.186		0.86896			4
2025.07.15	01:40:37.498		0.86895			4
2025.07.15	01:40:38.187		0.86896			4
2025.07.15	01:40:38.607		0.86894			4
2025.07.15	01:40:38.997		0.86895			4
2025.07.15	01:40:39.386		0.86896			4
2025.07.15	01:40:39.697		0.86894			4
2025.07.15	01:40:40.000		0.86896			4
2025.07.15	01:40:40.311		0.86894			4
2025.07.15	01:40:40.633		0.86895			4
2025.07.15	01:40:40.945		0.86893			4
2025.07.15	01:40:41.250		0.86894			4
2025.07.15	01:40:41.562		0.86896			4
2025.07.15	01:40:41.862		0.86894			4
2025.07.15	01:40:42.279		0.86895			4
2025.07.15	01:40:42.612		0.86894			4
2025.07.15	01:40:42.934		0.86895			4
2025.07.15	01:40:43.322		0.86894			4
2025.07.15	01:40:43.631		0.86895			4
2025.07.15	01:40:44.278		0.86894			4
2025.07.15	01:40:45.224	0.86884	0.86895			6
2025.07.15	01:40:48.682		0.86894			4
2025.07.15	01:40:49.388		0.86895			4
2025.07.15	01:40:49.699		0.86894			4
2025.07.15	01:40:50.409		0.86895			4
2025.07.15	01:40:50.734		0.86894			4
2025.07.15	01:40:51.909		0.86895			4
2025.07.15	01:40:52.639		0.86894			4
2025.07.15	01:40:53.273		0.86895			4
2025.07.15	01:40:53.890	0.86885	0.86893			6
2025.07.15	01:40:55.255		0.86895			4
2025.07.15	01:40:55.928		0.86892			4
2025.07.15	01:40:57.861	0.86886	0.86894			6
2025.07.15	01:40:58.179		0.86893			4
2025.07.15	01:40:59.239		0.86890			4
2025.07.15	01:40:59.542	0.86885	0.86892			6
2025.07.15	01:41:00.244	0.86885				2
2025.07.15	01:41:01.602	0.86886	0.86894			6
2025.07.15	01:41:02.651	0.86887				2
2025.07.15	01:41:06.213		0.86896			4
2025.07.15	01:41:06.837		0.86894			4
2025.07.15	01:41:07.827		0.86895			4
2025.07.15	01:41:08.130		0.86897			4
2025.07.15	01:41:08.448		0.86898			4
2025.07.15	01:41:08.758		0.86897			4
2025.07.15	01:41:09.059		0.86898			4
2025.07.15	01:41:10.139	0.86886	0.86893			6
2025.07.15	01:41:10.449		0.86891			4
2025.07.15	01:41:10.759		0.86893			4
2025.07.15	01:41:11.103		0.86894			4
2025.07.15	01:41:11.423	0.86885				2
2025.07.15	01:41:11.737		0.86891			4
2025.07.15	01:41:13.147		0.86894			4
2025.07.15	01:41:13.468		0.86890			4
2025.07.15	01:41:14.582		0.86891			4
2025.07.15	01:41:14.884		0.86890			4
2025.07.15	01:41:15.190		0.86891			4
2025.07.15	01:41:16.246		0.86893			4
2025.07.15	01:41:16.571		0.86891			4
2025.07.15	01:41:17.297	0.86884				2
2025.07.15	01:41:17.600	0.86885	0.86894			6
2025.07.15	01:41:17.956		0.86891			4
2025.07.15	01:41:18.306		0.86894			4
2025.07.15	01:41:18.651	0.86883	0.86890			6
2025.07.15	01:41:18.963		0.86893			4
2025.07.15	01:41:19.571		0.86890			4
2025.07.15	01:41:20.037		0.86889			4
2025.07.15	01:41:21.366	0.86882				2
2025.07.15	01:41:34.189		0.86888			4
2025.07.15	01:41:34.505	0.86876	0.86886			6
2025.07.15	01:41:34.820	0.86878	0.86883			6
2025.07.15	01:41:35.141		0.86884			4
2025.07.15	01:41:41.081		0.86883			4
2025.07.15	01:41:42.028		0.86882			4
2025.07.15	01:41:43.531	0.86877				2
2025.07.15	01:41:43.844	0.86878				2
2025.07.15	01:41:44.504		0.86883			4
2025.07.15	01:41:45.142		0.86882			4
2025.07.15	01:41:46.342	0.86877	0.86883			6
2025.07.15	01:41:47.713	0.86878	0.86886			6
2025.07.15	01:41:51.556		0.86883			4
2025.07.15	01:41:56.926		0.86882			4
2025.07.15	01:42:00.034	0.86878				2
2025.07.15	01:42:01.292		0.86883			4
2025.07.15	01:42:02.568		0.86886			4
2025.07.15	01:42:03.915		0.86883			4
2025.07.15	01:42:05.267		0.86884			4
2025.07.15	01:42:06.304		0.86883			4
2025.07.15	01:42:14.451	0.86876				2
2025.07.15	01:42:14.763		0.86882			4
2025.07.15	01:42:15.104	0.86877	0.86881			6
2025.07.15	01:42:15.407	0.86878				2
2025.07.15	01:42:16.149	0.86879				2
2025.07.15	01:42:16.460	0.86878				2
2025.07.15	01:42:16.849	0.86879				2
2025.07.15	01:42:18.523		0.86882			4
2025.07.15	01:42:19.408	0.86878	0.86881			6
2025.07.15	01:42:20.765		0.86883			4
2025.07.15	01:42:21.415	0.86879				2
2025.07.15	01:42:21.718	0.86877				2
2025.07.15	01:42:22.794	0.86878	0.86886			6
2025.07.15	01:42:23.105	0.86879				2
2025.07.15	01:42:23.412	0.86878				2
2025.07.15	01:42:23.719	0.86877				2
2025.07.15	01:42:24.390		0.86881			4
2025.07.15	01:42:24.691	0.86879				2
2025.07.15	01:42:31.584	0.86877	0.86886			6
2025.07.15	01:42:31.910	0.86880	0.86888			6
2025.07.15	01:42:32.315	0.86881	0.86889			6
2025.07.15	01:42:32.632		0.86890			4
2025.07.15	01:42:35.582	0.86882	0.86887			6
2025.07.15	01:42:36.246	0.86880				2
2025.07.15	01:42:36.559		0.86886			4
2025.07.15	01:42:37.323		0.86887			4
2025.07.15	01:42:37.634		0.86886			4
2025.07.15	01:42:38.610		0.86885			4
2025.07.15	01:42:39.597	0.86879				2
2025.07.15	01:42:40.617	0.86880				2
2025.07.15	01:42:42.467		0.86886			4
2025.07.15	01:42:43.442		0.86887			4
2025.07.15	01:42:44.119		0.86886			4
2025.07.15	01:42:45.086		0.86887			4
2025.07.15	01:42:46.125		0.86886			4
2025.07.15	01:42:46.841		0.86885			4
2025.07.15	01:42:47.159	0.86874	0.86882			6
2025.07.15	01:42:47.790		0.86884			4
2025.07.15	01:42:48.117	0.86875	0.86880			6
2025.07.15	01:42:48.434	0.86874	0.86882			6
2025.07.15	01:42:48.797	0.86875				2
2025.07.15	01:42:49.205	0.86877				2
2025.07.15	01:42:49.638	0.86876				2
2025.07.15	01:42:49.959	0.86874				2
2025.07.15	01:42:51.542		0.86881			4
2025.07.15	01:42:52.976		0.86882			4
2025.07.15	01:42:59.246	0.86875				2
2025.07.15	01:42:59.757	0.86874				2
2025.07.15	01:43:00.248	0.86874				2
2025.07.15	01:43:00.945		0.86883			4
2025.07.15	01:43:15.655	0.86875	0.86884			6
2025.07.15	01:43:16.359		0.86883			4
2025.07.15	01:43:16.664		0.86884			4
2025.07.15	01:43:17.009		0.86882			4
2025.07.15	01:43:17.319		0.86883			4
2025.07.15	01:43:17.634		0.86884			4
2025.07.15	01:43:17.954		0.86883			4
2025.07.15	01:43:39.181	0.86876				2
2025.07.15	01:43:51.348		0.86884			4
2025.07.15	01:44:00.493	0.86876				2
2025.07.15	01:44:03.891	0.86875	0.86883			6
2025.07.15	01:44:04.788		0.86884			4
2025.07.15	01:44:05.105		0.86883			4
2025.07.15	01:44:05.638		0.86884			4
2025.07.15	01:44:06.324	0.86876				2
2025.07.15	01:44:06.646	0.86875				2
2025.07.15	01:44:09.784		0.86883			4
2025.07.15	01:44:10.182		0.86884			4
2025.07.15	01:44:10.511		0.86883			4
2025.07.15	01:44:11.570		0.86884			4
2025.07.15	01:44:12.778		0.86883			4
2025.07.15	01:44:14.264	0.86876	0.86884			6
2025.07.15	01:44:17.760	0.86875	0.86883			6
2025.07.15	01:44:27.975	0.86876	0.86884			6
2025.07.15	01:44:30.397	0.86875	0.86886			6
2025.07.15	01:45:00.100	0.86875				2
2025.07.15	01:45:02.030		0.86885			4
2025.07.15	01:45:19.831		0.86884			4
2025.07.15	01:45:25.417	0.86874				2
2025.07.15	01:45:30.565	0.86875	0.86885			6
2025.07.15	01:45:35.164	0.86878	0.86882			6
2025.07.15	01:45:42.525		0.86881			4
2025.07.15	01:45:45.672	0.86875	0.86886			6
2025.07.15	01:45:47.598		0.86884			4
2025.07.15	01:45:51.296	0.86878				2
2025.07.15	01:45:51.627		0.86883			4
2025.07.15	01:45:56.409	0.86875				2
2025.07.15	01:45:59.537	0.86878				2
2025.07.15	01:46:00.323	0.86878	0.86886			6
2025.07.15	01:46:13.177	0.86875				2
2025.07.15	01:46:27.806	0.86878				2
2025.07.15	01:46:39.001	0.86880				2
2025.07.15	01:46:42.167	0.86878				2
2025.07.15	01:46:42.800	0.86880				2
2025.07.15	01:46:43.915	0.86878				2
2025.07.15	01:46:47.147	0.86880	0.86883			6
2025.07.15	01:46:55.934		0.86881			4
2025.07.15	01:46:56.328		0.86883			4
2025.07.15	01:46:59.080		0.86886			4
2025.07.15	01:46:59.713	0.86879				2
2025.07.15	01:47:00.159	0.86879				2
2025.07.15	01:47:17.759	0.86878				2
2025.07.15	01:47:18.083		0.86885			4
2025.07.15	01:47:18.887		0.86883			4
2025.07.15	01:47:37.770		0.86885			4
2025.07.15	01:47:49.219		0.86886			4
2025.07.15	01:47:50.357		0.86885			4
2025.07.15	01:47:56.191	0.86879				2
2025.07.15	01:48:00.210	0.86879	0.86886			6
2025.07.15	01:48:03.576		0.86885			4
2025.07.15	01:48:03.891		0.86886			4
2025.07.15	01:48:04.234		0.86885			4
2025.07.15	01:48:04.538	0.86878	0.86886			6
2025.07.15	01:48:11.339		0.86885			4
2025.07.15	01:48:12.257		0.86886			4
2025.07.15	01:48:14.196		0.86885			4
2025.07.15	01:48:14.500		0.86886			4
2025.07.15	01:48:18.098	0.86879				2
2025.07.15	01:48:18.799	0.86878				2
2025.07.15	01:48:19.945		0.86885			4
2025.07.15	01:48:24.153	0.86879				2
2025.07.15	01:48:28.997	0.86878				2
2025.07.15	01:48:30.348	0.86879				2
2025.07.15	01:48:31.800	0.86878	0.86886			6
2025.07.15	01:48:33.603		0.86885			4
2025.07.15	01:48:33.923	0.86879	0.86886			6
2025.07.15	01:48:34.293	0.86880				2
2025.07.15	01:48:34.600	0.86879	0.86883			6
2025.07.15	01:48:35.157	0.86880				2
2025.07.15	01:48:35.695	0.86881				2
2025.07.15	01:48:42.520	0.86882	0.86887			6
2025.07.15	01:48:45.112	0.86881				2
2025.07.15	01:48:45.419	0.86882				2
2025.07.15	01:48:47.890	0.86880	0.86881			6
2025.07.15	01:48:50.824	0.86881	0.86882			6
2025.07.15	01:48:59.772	0.86882	0.86883			6
2025.07.15	01:49:00.576	0.86882				2
2025.07.15	01:49:01.843	0.86881	0.86882			6
2025.07.15	01:49:06.260	0.86880	0.86886			6
2025.07.15	01:49:09.257	0.86879				2
2025.07.15	01:49:09.635	0.86881				2
2025.07.15	01:49:09.939	0.86880				2
2025.07.15	01:49:10.719	0.86881				2
2025.07.15	01:49:11.036	0.86879				2
2025.07.15	01:49:13.307	0.86881				2
2025.07.15	01:49:15.561	0.86880				2
2025.07.15	01:49:15.980	0.86879				2
2025.07.15	01:49:18.051	0.86880				2
2025.07.15	01:49:27.455	0.86881				2
2025.07.15	01:49:31.083		0.86888			4
2025.07.15	01:49:32.005		0.86886			4
2025.07.15	01:49:32.540		0.86888			4
2025.07.15	01:49:33.804		0.86886			4
2025.07.15	01:49:34.146		0.86888			4
2025.07.15	01:49:35.177		0.86886			4
2025.07.15	01:49:36.342		0.86888			4
2025.07.15	01:49:37.352		0.86886			4
2025.07.15	01:49:38.856		0.86888			4
2025.07.15	01:49:48.345	0.86882				2
2025.07.15	01:49:54.424	0.86879	0.86882			6
2025.07.15	01:49:59.971		0.86881			4
2025.07.15	01:50:00.564	0.86880	0.86887			6
2025.07.15	01:50:00.868	0.86881				2
2025.07.15	01:50:02.879	0.86882	0.86886			6
2025.07.15	01:50:05.703	0.86878	0.86884			6
2025.07.15	01:50:11.041	0.86882	0.86886			6
2025.07.15	01:50:11.358		0.86888			4
2025.07.15	01:50:12.038	0.86884	0.86889			6
2025.07.15	01:50:13.608	0.86883	0.86887			6
2025.07.15	01:50:21.256	0.86884				2
2025.07.15	01:50:21.669	0.86883				2
2025.07.15	01:50:30.144	0.86882				2
2025.07.15	01:50:33.285	0.86881	0.86886			6
2025.07.15	01:50:33.599		0.86887			4
2025.07.15	01:50:36.375	0.86882				2
2025.07.15	01:50:38.185		0.86886			4
2025.07.15	01:50:38.494		0.86887			4
2025.07.15	01:50:41.068	0.86881				2
2025.07.15	01:50:42.782	0.86882	0.86888			6
2025.07.15	01:50:47.133	0.86883				2
2025.07.15	01:50:48.484	0.86882	0.86889			6
2025.07.15	01:50:48.855	0.86883				2
