<DATE>	<TIME>	<BID>	<ASK>	<LAST>	<VOLUME>	<FLAGS>
2025.03.03	00:00:00.189	0.82578	0.82782			6
2025.03.03	00:00:31.299		0.82722			4
2025.03.03	00:00:44.226		0.82721			4
2025.03.03	00:00:45.319	0.82608	0.82702			6
2025.03.03	00:01:00.243	0.82608				2
2025.03.03	00:01:10.884	0.82618	0.82692			6
2025.03.03	00:02:08.717	0.82618				2
2025.03.03	00:02:11.678		0.82692			4
2025.03.03	00:03:00.358	0.82618				2
2025.03.03	00:03:05.208	0.82614				2
2025.03.03	00:03:06.530	0.82620	0.82698			6
2025.03.03	00:03:11.806	0.82610	0.82708			6
2025.03.03	00:03:13.202	0.82604	0.82702			6
2025.03.03	00:03:23.563	0.82610	0.82708			6
2025.03.03	00:03:57.306	0.82618	0.82692			6
2025.03.03	00:04:00.440	0.82618				2
2025.03.03	00:04:57.673		0.82692			4
2025.03.03	00:05:00.306	0.82618				2
2025.03.03	00:05:10.463	0.82621				2
2025.03.03	00:06:01.482	0.82621	0.82692			6
2025.03.03	00:06:24.679	0.82636				2
2025.03.03	00:06:25.019	0.82634				2
2025.03.03	00:07:00.464	0.82634				2
2025.03.03	00:07:03.766		0.82692			4
2025.03.03	00:07:36.318	0.82646	0.82698			6
2025.03.03	00:07:38.359	0.82641				2
2025.03.03	00:07:40.322	0.82629				2
2025.03.03	00:07:44.013	0.82634	0.82705			6
2025.03.03	00:07:48.350	0.82637				2
2025.03.03	00:07:50.274	0.82638				2
2025.03.03	00:07:52.787	0.82637				2
2025.03.03	00:07:55.395	0.82638				2
2025.03.03	00:07:57.928	0.82637				2
2025.03.03	00:08:00.516	0.82638				2
2025.03.03	00:08:03.054	0.82637				2
2025.03.03	00:08:05.665	0.82640				2
2025.03.03	00:08:08.176	0.82637				2
2025.03.03	00:08:08.906	0.82638				2
2025.03.03	00:08:10.782	0.82640				2
2025.03.03	00:08:29.187	0.82642	0.82698			6
2025.03.03	00:09:01.477	0.82642				2
2025.03.03	00:09:31.481		0.82698			4
2025.03.03	00:10:00.352	0.82642				2
2025.03.03	00:10:32.045		0.82698			4
2025.03.03	00:11:01.474	0.82642				2
2025.03.03	00:11:33.833		0.82698			4
2025.03.03	00:12:00.231	0.82642				2
2025.03.03	00:12:28.417	0.82635	0.82692			6
2025.03.03	00:13:00.987	0.82635				2
2025.03.03	00:13:23.538	0.82636	0.82693			6
2025.03.03	00:14:01.475	0.82636				2
2025.03.03	00:14:18.484	0.82635	0.82692			6
2025.03.03	00:14:49.369	0.82639	0.82695			6
2025.03.03	00:14:51.476	0.82628	0.82692			6
2025.03.03	00:14:51.790	0.82614	0.82698			6
2025.03.03	00:14:53.233	0.82613				2
2025.03.03	00:14:56.032	0.82614	0.82697			6
2025.03.03	00:15:00.233	0.82614				2
2025.03.03	00:15:01.387	0.82613	0.82698			6
2025.03.03	00:15:02.789		0.82699			4
2025.03.03	00:15:04.354		0.82700			4
2025.03.03	00:15:04.753		0.82699			4
2025.03.03	00:15:15.895		0.82698			4
2025.03.03	00:15:18.836		0.82699			4
2025.03.03	00:15:24.496	0.82614	0.82696			6
2025.03.03	00:15:37.179	0.82616	0.82692			6
2025.03.03	00:15:38.332	0.82617				2
2025.03.03	00:15:40.734	0.82616				2
2025.03.03	00:15:46.059	0.82617				2
2025.03.03	00:15:46.990	0.82616				2
2025.03.03	00:15:57.231	0.82617				2
2025.03.03	00:15:59.397	0.82614				2
2025.03.03	00:16:00.831	0.82614				2
2025.03.03	00:16:07.477		0.82691			4
2025.03.03	00:16:09.532		0.82690			4
2025.03.03	00:16:14.337	0.82616				2
2025.03.03	00:16:27.056	0.82617	0.82689			6
2025.03.03	00:16:32.337	0.82615	0.82691			6
2025.03.03	00:16:35.617	0.82616	0.82690			6
2025.03.03	00:16:40.059		0.82689			4
2025.03.03	00:16:43.434	0.82617				2
2025.03.03	00:17:00.232	0.82617				2
2025.03.03	00:17:14.337	0.82616	0.82688			6
2025.03.03	00:17:16.132	0.82617				2
2025.03.03	00:17:30.923	0.82616	0.82687			6
2025.03.03	00:17:32.446	0.82617				2
2025.03.03	00:17:34.240	0.82618	0.82685			6
2025.03.03	00:17:34.732	0.82617	0.82686			6
2025.03.03	00:17:36.624	0.82616	0.82687			6
2025.03.03	00:17:42.317	0.82615	0.82688			6
2025.03.03	00:17:42.637		0.82687			4
2025.03.03	00:17:47.935		0.82688			4
2025.03.03	00:17:55.471		0.82689			4
2025.03.03	00:18:01.475	0.82615				2
2025.03.03	00:18:05.332		0.82688			4
2025.03.03	00:18:54.343		0.82687			4
2025.03.03	00:19:00.318	0.82620				2
2025.03.03	00:19:02.936		0.82686			4
2025.03.03	00:19:03.833		0.82687			4
2025.03.03	00:19:04.713	0.82618				2
2025.03.03	00:19:05.331		0.82686			4
2025.03.03	00:19:09.379	0.82619				2
2025.03.03	00:19:14.525	0.82620				2
2025.03.03	00:19:19.450	0.82618				2
2025.03.03	00:19:20.787	0.82615	0.82687			6
2025.03.03	00:19:40.732	0.82616				2
2025.03.03	00:19:56.188		0.82686			4
2025.03.03	00:20:01.474	0.82616				2
2025.03.03	00:20:04.925	0.82615	0.82685			6
2025.03.03	00:20:15.981		0.82686			4
2025.03.03	00:20:18.238	0.82616				2
2025.03.03	00:20:19.861	0.82615				2
2025.03.03	00:20:29.812		0.82687			4
2025.03.03	00:20:40.880		0.82686			4
2025.03.03	00:20:44.036		0.82685			4
2025.03.03	00:20:46.817	0.82617	0.82683			6
2025.03.03	00:20:50.519	0.82616	0.82684			6
2025.03.03	00:20:51.526	0.82615	0.82685			6
2025.03.03	00:20:56.877		0.82684			4
2025.03.03	00:21:00.128	0.82615				2
2025.03.03	00:21:01.719		0.82685			4
2025.03.03	00:21:10.735		0.82686			4
2025.03.03	00:21:15.525		0.82685			4
2025.03.03	00:21:16.996	0.82616				2
2025.03.03	00:21:17.675	0.82623				2
2025.03.03	00:21:21.778	0.82618				2
2025.03.03	00:21:23.070		0.82686			4
2025.03.03	00:21:27.446	0.82627	0.82692			6
2025.03.03	00:22:00.833	0.82627				2
2025.03.03	00:22:02.332		0.82691			4
2025.03.03	00:23:00.231	0.82627				2
2025.03.03	00:23:06.532		0.82691			4
2025.03.03	00:23:10.913		0.82690			4
2025.03.03	00:23:12.431		0.82691			4
2025.03.03	00:23:18.114	0.82628	0.82692			6
2025.03.03	00:24:00.595	0.82628				2
2025.03.03	00:24:21.232		0.82692			4
2025.03.03	00:24:22.733	0.82629				2
2025.03.03	00:24:27.474	0.82631	0.82694			6
2025.03.03	00:24:30.831		0.82693			4
2025.03.03	00:24:53.323		0.82701			4
2025.03.03	00:24:56.566	0.82627	0.82697			6
2025.03.03	00:24:57.837	0.82628				2
2025.03.03	00:25:00.308	0.82629	0.82699			6
2025.03.03	00:25:01.433	0.82630				2
2025.03.03	00:25:08.031	0.82631				2
2025.03.03	00:25:09.435	0.82635	0.82700			6
2025.03.03	00:25:11.632		0.82699			4
2025.03.03	00:25:18.233		0.82698			4
2025.03.03	00:25:19.788		0.82699			4
2025.03.03	00:25:23.517		0.82698			4
2025.03.03	00:25:33.604	0.82636				2
2025.03.03	00:25:34.735	0.82637	0.82696			6
2025.03.03	00:25:40.256	0.82638	0.82698			6
2025.03.03	00:25:40.562	0.82636	0.82703			6
2025.03.03	00:25:45.196	0.82628	0.82698			6
2025.03.03	00:25:45.832		0.82697			4
2025.03.03	00:25:47.033		0.82698			4
2025.03.03	00:25:48.683	0.82588	0.82692			6
2025.03.03	00:25:54.323		0.82691			4
2025.03.03	00:25:59.349		0.82692			4
2025.03.03	00:26:00.362	0.82588				2
2025.03.03	00:26:02.335		0.82688			4
2025.03.03	00:26:05.581		0.82689			4
2025.03.03	00:26:06.431	0.82598	0.82690			6
2025.03.03	00:26:13.583		0.82691			4
2025.03.03	00:26:16.101	0.82588				2
2025.03.03	00:26:20.178		0.82690			4
2025.03.03	00:26:34.521	0.82605	0.82698			6
2025.03.03	00:26:41.035	0.82606				2
2025.03.03	00:26:41.933	0.82607				2
2025.03.03	00:26:42.832	0.82608				2
2025.03.03	00:26:44.776	0.82609				2
2025.03.03	00:26:45.534	0.82610				2
2025.03.03	00:26:46.734	0.82611				2
2025.03.03	00:26:47.334	0.82617	0.82694			6
2025.03.03	00:27:00.888	0.82617				2
2025.03.03	00:27:07.133		0.82695			4
2025.03.03	00:27:52.972	0.82613	0.82706			6
2025.03.03	00:27:56.036	0.82614	0.82705			6
2025.03.03	00:28:00.836	0.82615	0.82704			6
2025.03.03	00:28:01.548	0.82611	0.82700			6
2025.03.03	00:28:07.233	0.82612	0.82699			6
2025.03.03	00:28:08.848	0.82614	0.82701			6
2025.03.03	00:28:15.531	0.82615	0.82700			6
2025.03.03	00:28:27.832		0.82699			4
2025.03.03	00:28:29.631	0.82616				2
2025.03.03	00:28:51.237		0.82698			4
2025.03.03	00:28:52.331	0.82617				2
2025.03.03	00:29:00.840	0.82617				2
2025.03.03	00:29:04.919	0.82616	0.82696			6
2025.03.03	00:29:19.431	0.82617				2
2025.03.03	00:29:28.439	0.82619	0.82694			6
2025.03.03	00:29:47.932	0.82618	0.82693			6
2025.03.03	00:29:48.961	0.82617	0.82692			6
2025.03.03	00:30:00.304	0.82617				2
2025.03.03	00:30:02.033	0.82607				2
2025.03.03	00:30:08.167		0.82691			4
2025.03.03	00:30:14.636	0.82608				2
2025.03.03	00:30:17.396	0.82605	0.82696			6
2025.03.03	00:30:20.635		0.82695			4
2025.03.03	00:30:21.473		0.82696			4
2025.03.03	00:30:25.985	0.82613	0.82697			6
2025.03.03	00:30:26.397	0.82614	0.82696			6
2025.03.03	00:30:32.915		0.82695			4
2025.03.03	00:30:34.773	0.82610				2
2025.03.03	00:30:35.098	0.82614				2
2025.03.03	00:30:39.236	0.82615				2
2025.03.03	00:30:44.754	0.82614	0.82694			6
2025.03.03	00:30:51.210	0.82615				2
2025.03.03	00:30:51.844	0.82614	0.82693			6
2025.03.03	00:31:00.104	0.82614				2
2025.03.03	00:31:06.834	0.82613	0.82694			6
2025.03.03	00:31:36.180		0.82692			4
2025.03.03	00:31:37.108	0.82614				2
2025.03.03	00:31:54.768	0.82613				2
2025.03.03	00:32:00.395	0.82613				2
2025.03.03	00:32:11.091	0.82615				2
2025.03.03	00:32:16.334	0.82614				2
2025.03.03	00:32:20.146	0.82612				2
2025.03.03	00:32:36.193		0.82692			4
2025.03.03	00:33:00.392	0.82612				2
2025.03.03	00:33:37.675		0.82692			4
2025.03.03	00:33:39.155	0.82613				2
2025.03.03	00:34:00.154	0.82617				2
2025.03.03	00:34:02.205	0.82619	0.82691			6
2025.03.03	00:34:04.103	0.82624	0.82692			6
2025.03.03	00:34:05.343	0.82623				2
2025.03.03	00:34:08.605	0.82621				2
2025.03.03	00:34:11.142	0.82620				2
2025.03.03	00:34:16.238	0.82612				2
2025.03.03	00:34:21.310	0.82613	0.82693			6
2025.03.03	00:34:43.704	0.82615				2
2025.03.03	00:34:45.531	0.82616				2
2025.03.03	00:34:52.874	0.82624	0.82703			6
2025.03.03	00:35:00.236	0.82624				2
2025.03.03	00:35:00.962		0.82702			4
2025.03.03	00:35:03.230		0.82701			4
2025.03.03	00:35:06.834		0.82700			4
2025.03.03	00:35:08.464		0.82699			4
2025.03.03	00:35:09.732		0.82697			4
2025.03.03	00:35:11.035		0.82698			4
2025.03.03	00:35:14.032		0.82697			4
2025.03.03	00:35:17.633		0.82696			4
2025.03.03	00:35:26.906	0.82627	0.82687			6
2025.03.03	00:35:27.216		0.82688			4
2025.03.03	00:35:27.908		0.82687			4
2025.03.03	00:35:29.160		0.82688			4
2025.03.03	00:35:30.833		0.82687			4
2025.03.03	00:35:32.631		0.82685			4
2025.03.03	00:35:36.106		0.82683			4
2025.03.03	00:35:38.114		0.82685			4
2025.03.03	00:35:38.679		0.82686			4
2025.03.03	00:35:48.072		0.82685			4
2025.03.03	00:35:49.433		0.82684			4
2025.03.03	00:35:50.110		0.82685			4
2025.03.03	00:36:00.533	0.82627	0.82684			6
2025.03.03	00:36:01.479		0.82685			4
2025.03.03	00:36:04.653		0.82686			4
2025.03.03	00:36:11.001		0.82688			4
2025.03.03	00:36:14.335	0.82626				2
2025.03.03	00:36:23.066	0.82625	0.82691			6
2025.03.03	00:36:25.123		0.82692			4
2025.03.03	00:36:26.398		0.82693			4
2025.03.03	00:36:29.685		0.82692			4
2025.03.03	00:36:33.164		0.82690			4
2025.03.03	00:36:33.832		0.82691			4
2025.03.03	00:36:42.590	0.82626	0.82688			6
2025.03.03	00:36:51.234	0.82627				2
2025.03.03	00:37:01.472	0.82627				2
2025.03.03	00:37:11.307	0.82632				2
2025.03.03	00:37:41.333		0.82689			4
2025.03.03	00:37:45.231		0.82688			4
2025.03.03	00:37:46.734		0.82689			4
2025.03.03	00:38:01.472	0.82632				2
2025.03.03	00:38:50.933		0.82689			4
2025.03.03	00:39:00.235	0.82632				2
2025.03.03	00:39:31.076		0.82686			4
2025.03.03	00:39:39.832		0.82687			4
2025.03.03	00:39:50.995		0.82688			4
2025.03.03	00:39:51.687		0.82686			4
2025.03.03	00:40:00.978	0.82632				2
2025.03.03	00:40:17.254	0.82635				2
2025.03.03	00:40:52.037		0.82686			4
2025.03.03	00:41:00.008	0.82635				2
2025.03.03	00:41:51.514	0.82627	0.82676			6
2025.03.03	00:41:58.474		0.82677			4
2025.03.03	00:42:01.583	0.82627				2
2025.03.03	00:42:04.241	0.82603	0.82670			6
2025.03.03	00:42:04.976	0.82601	0.82663			6
2025.03.03	00:42:08.300		0.82664			4
2025.03.03	00:42:10.157		0.82663			4
2025.03.03	00:42:13.115		0.82664			4
2025.03.03	00:42:40.030		0.82665			4
2025.03.03	00:42:43.135		0.82666			4
2025.03.03	00:42:48.825	0.82587	0.82649			6
2025.03.03	00:42:49.125		0.82648			4
2025.03.03	00:42:49.445		0.82649			4
2025.03.03	00:42:51.866		0.82665			4
2025.03.03	00:42:52.309		0.82661			4
2025.03.03	00:42:52.640		0.82660			4
2025.03.03	00:42:53.336		0.82659			4
2025.03.03	00:42:54.444		0.82661			4
2025.03.03	00:42:55.482		0.82657			4
2025.03.03	00:42:56.024		0.82654			4
2025.03.03	00:42:57.288		0.82660			4
2025.03.03	00:42:57.830	0.82591	0.82655			6
2025.03.03	00:43:00.071	0.82591				2
2025.03.03	00:43:01.947	0.82593	0.82657			6
2025.03.03	00:43:02.275	0.82591	0.82655			6
2025.03.03	00:43:38.304	0.82593				2
2025.03.03	00:43:43.733		0.82654			4
2025.03.03	00:43:53.338		0.82650			4
2025.03.03	00:43:56.074		0.82659			4
2025.03.03	00:43:57.401		0.82656			4
2025.03.03	00:43:59.871		0.82650			4
2025.03.03	00:44:01.230	0.82593				2
2025.03.03	00:44:13.594		0.82651			4
2025.03.03	00:44:16.620	0.82589	0.82650			6
2025.03.03	00:44:36.233		0.82649			4
2025.03.03	00:45:00.071	0.82589				2
2025.03.03	00:45:00.412	0.82595	0.82663			6
2025.03.03	00:45:02.053	0.82585	0.82656			6
2025.03.03	00:45:04.196	0.82596	0.82663			6
2025.03.03	00:45:08.854	0.82608	0.82651			6
2025.03.03	00:45:12.277	0.82609				2
2025.03.03	00:45:13.666	0.82610				2
2025.03.03	00:45:17.530	0.82608				2
2025.03.03	00:45:31.477	0.82609				2
2025.03.03	00:45:35.797	0.82612				2
2025.03.03	00:45:36.303	0.82609				2
2025.03.03	00:45:42.224	0.82611				2
2025.03.03	00:45:59.915	0.82609				2
2025.03.03	00:46:00.418	0.82609				2
2025.03.03	00:46:10.437		0.82651			4
2025.03.03	00:46:16.424	0.82610				2
2025.03.03	00:47:01.475	0.82610				2
2025.03.03	00:47:02.055	0.82599	0.82644			6
2025.03.03	00:47:04.207	0.82610	0.82651			6
2025.03.03	00:47:41.143	0.82611				2
2025.03.03	00:48:00.231	0.82611				2
2025.03.03	00:48:07.436		0.82651			4
2025.03.03	00:48:48.604	0.82614	0.82668			6
2025.03.03	00:48:49.140	0.82611				2
2025.03.03	00:48:50.933	0.82612				2
2025.03.03	00:48:52.074	0.82613				2
2025.03.03	00:48:52.731		0.82666			4
2025.03.03	00:48:54.973	0.82612				2
2025.03.03	00:49:00.181	0.82612				2
2025.03.03	00:49:00.545	0.82613				2
2025.03.03	00:49:48.136	0.82612	0.82667			6
2025.03.03	00:49:49.214		0.82666			4
2025.03.03	00:49:50.153	0.82613				2
2025.03.03	00:49:51.717	0.82610	0.82667			6
2025.03.03	00:49:53.554	0.82611				2
2025.03.03	00:49:53.985	0.82614	0.82665			6
2025.03.03	00:49:56.994	0.82612	0.82666			6
2025.03.03	00:49:58.241	0.82611	0.82667			6
2025.03.03	00:50:00.531	0.82611				2
2025.03.03	00:50:05.031	0.82612				2
2025.03.03	00:50:14.204		0.82666			4
2025.03.03	00:50:21.006	0.82613	0.82667			6
2025.03.03	00:50:24.909	0.82614	0.82662			6
2025.03.03	00:50:25.719	0.82613				2
2025.03.03	00:50:27.882	0.82615				2
2025.03.03	00:50:42.246	0.82616				2
2025.03.03	00:50:46.943	0.82620				2
2025.03.03	00:50:47.679	0.82618				2
2025.03.03	00:50:48.174	0.82617				2
2025.03.03	00:50:49.392	0.82618				2
2025.03.03	00:51:00.538	0.82618				2
2025.03.03	00:51:07.750	0.82619				2
2025.03.03	00:51:26.931		0.82662			4
2025.03.03	00:51:35.496	0.82618				2
2025.03.03	00:51:40.136	0.82619				2
2025.03.03	00:51:41.630	0.82618				2
2025.03.03	00:51:49.732	0.82619				2
2025.03.03	00:52:01.434	0.82619				2
2025.03.03	00:52:07.123	0.82622				2
2025.03.03	00:52:08.145	0.82619				2
2025.03.03	00:52:10.146	0.82622				2
2025.03.03	00:52:16.133	0.82623				2
2025.03.03	00:52:28.132		0.82662			4
2025.03.03	00:52:56.326	0.82622				2
2025.03.03	00:53:00.237	0.82622				2
2025.03.03	00:53:02.233	0.82616	0.82643			6
2025.03.03	00:53:02.568	0.82620	0.82649			6
2025.03.03	00:53:02.945		0.82653			4
2025.03.03	00:53:08.931	0.82621				2
2025.03.03	00:53:09.258	0.82622	0.82651			6
2025.03.03	00:53:12.253	0.82618	0.82655			6
2025.03.03	00:53:17.631	0.82619				2
2025.03.03	00:53:19.467	0.82618				2
2025.03.03	00:53:20.622	0.82621	0.82658			6
2025.03.03	00:53:20.986		0.82649			4
2025.03.03	00:53:25.391	0.82622	0.82661			6
2025.03.03	00:53:27.134	0.82623	0.82660			6
2025.03.03	00:53:29.253	0.82625	0.82658			6
2025.03.03	00:53:52.354	0.82623	0.82660			6
2025.03.03	00:53:53.032	0.82622	0.82661			6
2025.03.03	00:53:54.186	0.82620	0.82662			6
2025.03.03	00:53:58.419	0.82621	0.82661			6
2025.03.03	00:53:58.727	0.82622	0.82660			6
2025.03.03	00:54:01.432	0.82623				2
2025.03.03	00:54:02.462		0.82659			4
2025.03.03	00:54:03.435	0.82620	0.82660			6
2025.03.03	00:54:06.594		0.82662			4
2025.03.03	00:54:20.680	0.82621	0.82661			6
2025.03.03	00:54:24.834		0.82660			4
2025.03.03	00:54:28.694	0.82624	0.82658			6
2025.03.03	00:54:29.229	0.82622	0.82660			6
2025.03.03	00:54:53.934	0.82623				2
2025.03.03	00:55:00.404	0.82623				2
2025.03.03	00:55:04.117		0.82663			4
2025.03.03	00:55:04.716	0.82624	0.82662			6
2025.03.03	00:55:19.432	0.82625				2
2025.03.03	00:55:27.580	0.82624	0.82663			6
2025.03.03	00:55:29.399		0.82662			4
2025.03.03	00:55:29.724		0.82648			4
2025.03.03	00:55:30.814	0.82621	0.82651			6
2025.03.03	00:55:34.769	0.82624	0.82648			6
2025.03.03	00:55:35.318	0.82621	0.82652			6
2025.03.03	00:55:36.119	0.82624	0.82648			6
2025.03.03	00:55:37.721		0.82649			4
2025.03.03	00:55:38.217	0.82621	0.82652			6
2025.03.03	00:55:45.239		0.82651			4
2025.03.03	00:55:47.703	0.82624	0.82648			6
2025.03.03	00:55:56.933	0.82625				2
2025.03.03	00:55:58.689	0.82624				2
2025.03.03	00:56:01.871	0.82624				2
2025.03.03	00:56:19.766	0.82618	0.82657			6
2025.03.03	00:56:20.081	0.82621	0.82660			6
2025.03.03	00:56:20.386	0.82619	0.82656			6
2025.03.03	00:56:20.939	0.82620	0.82655			6
2025.03.03	00:56:21.288	0.82621	0.82654			6
2025.03.03	00:56:22.682	0.82622	0.82659			6
2025.03.03	00:56:23.116		0.82660			4
2025.03.03	00:56:23.824	0.82618	0.82657			6
2025.03.03	00:56:24.340	0.82614	0.82661			6
2025.03.03	00:56:25.104	0.82615	0.82660			6
2025.03.03	00:56:27.109	0.82618	0.82657			6
2025.03.03	00:56:27.691	0.82614	0.82661			6
2025.03.03	00:56:29.332	0.82615	0.82660			6
2025.03.03	00:56:30.231	0.82616	0.82659			6
2025.03.03	00:56:31.076	0.82614	0.82662			6
2025.03.03	00:56:31.628	0.82617	0.82658			6
2025.03.03	00:56:32.563	0.82618	0.82657			6
2025.03.03	00:56:32.931	0.82619	0.82656			6
2025.03.03	00:56:33.370	0.82620	0.82655			6
2025.03.03	00:56:33.831	0.82621	0.82654			6
2025.03.03	00:56:34.180	0.82622	0.82653			6
2025.03.03	00:56:36.531	0.82623	0.82652			6
2025.03.03	00:56:42.833	0.82624	0.82651			6
2025.03.03	00:56:49.441	0.82628	0.82654			6
2025.03.03	00:56:50.615	0.82622	0.82660			6
2025.03.03	00:56:50.983	0.82620	0.82662			6
2025.03.03	00:56:52.055	0.82621				2
2025.03.03	00:56:53.011		0.82661			4
2025.03.03	00:56:53.931	0.82622				2
2025.03.03	00:56:55.132		0.82660			4
2025.03.03	00:56:56.931	0.82623	0.82659			6
2025.03.03	00:56:57.834	0.82624	0.82658			6
2025.03.03	00:56:58.432	0.82625				2
2025.03.03	00:56:59.334	0.82626	0.82657			6
2025.03.03	00:56:59.688	0.82623	0.82660			6
2025.03.03	00:57:00.003	0.82623				2
2025.03.03	00:57:00.789	0.82620	0.82663			6
2025.03.03	00:57:02.031		0.82662			4
2025.03.03	00:57:03.532	0.82621	0.82661			6
2025.03.03	00:57:05.030	0.82622	0.82660			6
2025.03.03	00:57:05.331	0.82623	0.82659			6
2025.03.03	00:57:06.241	0.82624	0.82658			6
2025.03.03	00:57:07.439	0.82625				2
2025.03.03	00:57:08.640		0.82657			4
2025.03.03	00:57:09.683	0.82623	0.82659			6
2025.03.03	00:57:13.012	0.82624	0.82658			6
2025.03.03	00:57:14.642	0.82620	0.82662			6
2025.03.03	00:57:15.531	0.82621	0.82661			6
2025.03.03	00:57:16.732	0.82622				2
2025.03.03	00:57:17.332		0.82660			4
2025.03.03	00:57:17.932	0.82623	0.82659			6
2025.03.03	00:57:18.836	0.82624	0.82658			6
2025.03.03	00:57:19.648	0.82625	0.82657			6
2025.03.03	00:57:20.031	0.82627	0.82656			6
2025.03.03	00:57:20.402	0.82624	0.82662			6
2025.03.03	00:57:21.146	0.82619	0.82667			6
2025.03.03	00:57:21.536	0.82620	0.82666			6
2025.03.03	00:57:22.265	0.82622	0.82664			6
2025.03.03	00:57:23.631	0.82623	0.82663			6
2025.03.03	00:57:24.233	0.82624	0.82662			6
2025.03.03	00:57:25.433		0.82661			4
2025.03.03	00:57:26.759	0.82625				2
2025.03.03	00:57:27.840		0.82660			4
2025.03.03	00:57:28.215	0.82624	0.82662			6
2025.03.03	00:57:28.648	0.82625	0.82661			6
2025.03.03	00:57:30.330	0.82624	0.82662			6
2025.03.03	00:57:31.049	0.82623				2
2025.03.03	00:57:33.246	0.82618	0.82668			6
2025.03.03	00:57:33.970	0.82620	0.82666			6
2025.03.03	00:57:35.032		0.82665			4
2025.03.03	00:57:36.212	0.82624	0.82662			6
2025.03.03	00:57:37.084	0.82622	0.82664			6
2025.03.03	00:57:38.318	0.82617	0.82657			6
2025.03.03	00:57:38.660		0.82656			4
2025.03.03	00:57:38.964	0.82616	0.82658			6
2025.03.03	00:57:39.352	0.82622	0.82653			6
2025.03.03	00:57:39.717	0.82619	0.82656			6
2025.03.03	00:57:40.060	0.82623	0.82652			6
2025.03.03	00:57:40.379	0.82622				2
2025.03.03	00:57:41.933	0.82625	0.82650			6
2025.03.03	00:57:42.443	0.82623	0.82642			6
2025.03.03	00:57:42.781	0.82625	0.82649			6
2025.03.03	00:57:45.533		0.82650			4
2025.03.03	00:57:47.645		0.82649			4
2025.03.03	00:57:52.778	0.82626				2
2025.03.03	00:57:53.644		0.82648			4
2025.03.03	00:57:55.364	0.82625	0.82649			6
2025.03.03	00:57:58.771	0.82626	0.82647			6
2025.03.03	00:58:00.441	0.82626				2
2025.03.03	00:58:06.197	0.82627				2
2025.03.03	00:58:07.376	0.82626				2
2025.03.03	00:58:12.539	0.82627	0.82646			6
2025.03.03	00:58:13.659		0.82647			4
2025.03.03	00:58:13.972	0.82626	0.82646			6
2025.03.03	00:58:15.272	0.82625	0.82647			6
2025.03.03	00:58:21.791	0.82629	0.82648			6
2025.03.03	00:58:23.916	0.82628	0.82647			6
2025.03.03	00:58:33.411	0.82623	0.82653			6
2025.03.03	00:58:35.631	0.82622				2
2025.03.03	00:58:42.049	0.82615	0.82650			6
2025.03.03	00:58:42.435	0.82616	0.82652			6
2025.03.03	00:58:43.197	0.82619	0.82648			6
2025.03.03	00:58:44.048	0.82616	0.82651			6
2025.03.03	00:58:45.182	0.82617	0.82650			6
2025.03.03	00:58:48.520	0.82611	0.82652			6
2025.03.03	00:58:51.077	0.82617	0.82650			6
2025.03.03	00:58:53.033	0.82618				2
2025.03.03	00:58:55.195	0.82611	0.82652			6
2025.03.03	00:58:58.482	0.82607	0.82627			6
2025.03.03	00:58:58.842	0.82604	0.82624			6
2025.03.03	00:59:00.221	0.82602	0.82626			6
2025.03.03	00:59:01.788	0.82601	0.82627			6
2025.03.03	00:59:14.228	0.82599	0.82618			6
2025.03.03	00:59:14.580	0.82598	0.82623			6
2025.03.03	00:59:15.976	0.82595	0.82625			6
2025.03.03	00:59:19.136		0.82626			4
2025.03.03	00:59:22.942	0.82598	0.82654			6
2025.03.03	00:59:23.284	0.82612	0.82638			6
2025.03.03	00:59:23.666	0.82613	0.82637			6
2025.03.03	00:59:24.199	0.82615	0.82635			6
2025.03.03	00:59:31.086		0.82636			4
2025.03.03	00:59:32.646	0.82614	0.82645			6
2025.03.03	00:59:32.961	0.82612	0.82650			6
2025.03.03	00:59:33.818	0.82616	0.82645			6
2025.03.03	00:59:35.403	0.82617	0.82644			6
2025.03.03	00:59:39.753	0.82618				2
2025.03.03	00:59:44.055		0.82643			4
2025.03.03	00:59:47.584	0.82617	0.82644			6
2025.03.03	00:59:48.279	0.82616	0.82645			6
2025.03.03	00:59:48.817	0.82615	0.82646			6
2025.03.03	00:59:49.345	0.82617	0.82665			6
2025.03.03	00:59:50.374	0.82616	0.82666			6
2025.03.03	00:59:51.377	0.82618	0.82664			6
2025.03.03	00:59:53.022	0.82617	0.82665			6
2025.03.03	00:59:56.186		0.82664			4
2025.03.03	01:00:00.310	0.82621	0.82654			6
2025.03.03	01:00:00.611	0.82623	0.82665			6
2025.03.03	01:00:00.927	0.82616	0.82663			6
2025.03.03	01:00:01.256	0.82620	0.82660			6
2025.03.03	01:00:01.580	0.82619	0.82641			6
2025.03.03	01:00:01.888	0.82612	0.82635			6
2025.03.03	01:00:02.192	0.82610	0.82633			6
2025.03.03	01:00:02.503	0.82617	0.82643			6
2025.03.03	01:00:02.807	0.82607	0.82633			6
2025.03.03	01:00:03.119	0.82610	0.82636			6
2025.03.03	01:00:03.423	0.82609				2
2025.03.03	01:00:03.726	0.82607	0.82633			6
2025.03.03	01:00:04.031	0.82604	0.82630			6
2025.03.03	01:00:04.637	0.82605	0.82632			6
2025.03.03	01:00:04.939	0.82604	0.82636			6
2025.03.03	01:00:05.244	0.82610	0.82640			6
2025.03.03	01:00:05.613	0.82609	0.82631			6
2025.03.03	01:00:05.927	0.82611	0.82639			6
2025.03.03	01:00:06.277	0.82604	0.82641			6
2025.03.03	01:00:06.588	0.82610	0.82631			6
2025.03.03	01:00:06.893	0.82606	0.82632			6
2025.03.03	01:00:07.207	0.82609	0.82642			6
2025.03.03	01:00:07.526	0.82613	0.82652			6
2025.03.03	01:00:07.847	0.82615	0.82648			6
2025.03.03	01:00:08.164	0.82614	0.82647			6
2025.03.03	01:00:08.470		0.82646			4
2025.03.03	01:00:08.822	0.82615	0.82643			6
2025.03.03	01:00:09.291	0.82612	0.82638			6
2025.03.03	01:00:09.644		0.82637			4
2025.03.03	01:00:10.153		0.82636			4
2025.03.03	01:00:10.500	0.82611	0.82637			6
2025.03.03	01:00:12.411	0.82609	0.82636			6
2025.03.03	01:00:12.887	0.82608	0.82637			6
2025.03.03	01:00:13.752	0.82606	0.82635			6
2025.03.03	01:00:14.805	0.82608	0.82630			6
2025.03.03	01:00:15.105	0.82607	0.82631			6
2025.03.03	01:00:15.438	0.82605	0.82638			6
2025.03.03	01:00:15.747	0.82602	0.82636			6
2025.03.03	01:00:16.066	0.82603	0.82634			6
2025.03.03	01:00:16.368		0.82633			4
2025.03.03	01:00:16.685	0.82604	0.82632			6
2025.03.03	01:00:16.996	0.82603				2
2025.03.03	01:00:17.385		0.82627			4
2025.03.03	01:00:17.793	0.82599	0.82631			6
2025.03.03	01:00:18.131	0.82597	0.82632			6
2025.03.03	01:00:18.434	0.82601	0.82641			6
2025.03.03	01:00:18.781	0.82602	0.82642			6
2025.03.03	01:00:20.644	0.82601				2
2025.03.03	01:00:22.660	0.82603	0.82625			6
2025.03.03	01:00:22.966		0.82618			4
2025.03.03	01:00:23.272	0.82600				2
2025.03.03	01:00:23.581	0.82599				2
2025.03.03	01:00:24.846	0.82600	0.82617			6
2025.03.03	01:00:25.166	0.82599	0.82618			6
2025.03.03	01:00:25.467	0.82592	0.82611			6
2025.03.03	01:00:26.091	0.82593	0.82612			6
2025.03.03	01:00:26.791	0.82592				2
2025.03.03	01:00:27.901	0.82594				2
2025.03.03	01:00:29.137		0.82613			4
2025.03.03	01:00:30.005	0.82596	0.82616			6
2025.03.03	01:00:30.308		0.82615			4
2025.03.03	01:00:31.093	0.82597	0.82616			6
2025.03.03	01:00:31.408		0.82617			4
2025.03.03	01:00:31.710		0.82618			4
2025.03.03	01:00:32.113	0.82596	0.82616			6
2025.03.03	01:00:33.006		0.82615			4
2025.03.03	01:00:34.118	0.82597	0.82617			6
2025.03.03	01:00:35.372	0.82596	0.82612			6
2025.03.03	01:00:35.680		0.82611			4
2025.03.03	01:00:35.990	0.82594	0.82613			6
2025.03.03	01:00:42.148	0.82596	0.82609			6
2025.03.03	01:00:42.483	0.82594				2
2025.03.03	01:00:42.833		0.82610			4
2025.03.03	01:00:43.440	0.82595				2
2025.03.03	01:00:43.836	0.82600	0.82611			6
2025.03.03	01:00:44.187	0.82597				2
2025.03.03	01:00:44.525		0.82610			4
2025.03.03	01:00:46.500	0.82595	0.82608			6
2025.03.03	01:00:46.972	0.82602	0.82609			6
2025.03.03	01:00:47.693	0.82603				2
2025.03.03	01:00:48.021	0.82602				2
2025.03.03	01:00:48.710	0.82590	0.82608			6
2025.03.03	01:00:49.023	0.82602	0.82609			6
2025.03.03	01:00:49.331	0.82601	0.82611			6
2025.03.03	01:00:49.645		0.82610			4
2025.03.03	01:00:49.960	0.82599				2
2025.03.03	01:00:50.311	0.82592				2
2025.03.03	01:00:50.627	0.82598	0.82614			6
2025.03.03	01:00:50.944	0.82590	0.82616			6
2025.03.03	01:00:52.910	0.82594	0.82613			6
2025.03.03	01:00:54.453	0.82582	0.82610			6
2025.03.03	01:00:55.982	0.82586				2
2025.03.03	01:00:56.414	0.82584				2
2025.03.03	01:00:58.351	0.82583	0.82615			6
2025.03.03	01:00:59.162	0.82600	0.82617			6
2025.03.03	01:00:59.470		0.82618			4
2025.03.03	01:00:59.799	0.82605				2
2025.03.03	01:01:00.318	0.82605	0.82619			6
2025.03.03	01:01:00.626	0.82604	0.82620			6
2025.03.03	01:01:01.423	0.82589	0.82619			6
2025.03.03	01:01:02.675	0.82586	0.82615			6
2025.03.03	01:01:03.016	0.82584	0.82616			6
2025.03.03	01:01:03.409	0.82586	0.82615			6
2025.03.03	01:01:03.741	0.82587	0.82614			6
2025.03.03	01:01:04.382	0.82585	0.82613			6
2025.03.03	01:01:06.719	0.82586				2
2025.03.03	01:01:07.603	0.82587				2
2025.03.03	01:01:09.381	0.82583	0.82606			6
2025.03.03	01:01:09.686	0.82582	0.82608			6
2025.03.03	01:01:10.049	0.82584				2
2025.03.03	01:01:10.388	0.82587	0.82612			6
2025.03.03	01:01:10.713	0.82599	0.82610			6
2025.03.03	01:01:11.029	0.82596				2
2025.03.03	01:01:11.385	0.82583	0.82609			6
2025.03.03	01:01:11.820	0.82597				2
2025.03.03	01:01:12.307	0.82595	0.82608			6
2025.03.03	01:01:12.651	0.82596				2
2025.03.03	01:01:13.037	0.82595				2
2025.03.03	01:01:13.387	0.82596				2
2025.03.03	01:01:14.381	0.82594				2
2025.03.03	01:01:14.709	0.82583	0.82607			6
2025.03.03	01:01:15.385	0.82595				2
2025.03.03	01:01:16.075	0.82584	0.82609			6
2025.03.03	01:01:16.385	0.82594				2
2025.03.03	01:01:16.707	0.82596				2
2025.03.03	01:01:18.194	0.82595				2
2025.03.03	01:01:20.115	0.82596				2
2025.03.03	01:01:20.421	0.82597				2
2025.03.03	01:01:20.731	0.82596				2
2025.03.03	01:01:21.163	0.82597	0.82608			6
2025.03.03	01:01:21.465	0.82596				2
2025.03.03	01:01:21.768	0.82598	0.82605			6
2025.03.03	01:01:22.086	0.82597	0.82607			6
2025.03.03	01:01:22.405	0.82596	0.82612			6
2025.03.03	01:01:22.710	0.82584				2
2025.03.03	01:01:23.998	0.82585	0.82611			6
2025.03.03	01:01:24.301	0.82595	0.82607			6
2025.03.03	01:01:25.009		0.82606			4
2025.03.03	01:01:25.529	0.82596				2
2025.03.03	01:01:25.837	0.82590	0.82604			6
2025.03.03	01:01:26.778	0.82591				2
2025.03.03	01:01:27.364	0.82590				2
2025.03.03	01:01:27.676	0.82591				2
2025.03.03	01:01:28.305	0.82592	0.82601			6
2025.03.03	01:01:28.606	0.82590	0.82599			6
2025.03.03	01:01:29.243	0.82589				2
2025.03.03	01:01:29.601	0.82591				2
2025.03.03	01:01:29.920	0.82590				2
2025.03.03	01:01:30.448	0.82592				2
2025.03.03	01:01:30.868	0.82579				2
2025.03.03	01:01:31.805	0.82590				2
2025.03.03	01:01:32.385	0.82583	0.82602			6
2025.03.03	01:01:32.687	0.82588	0.82605			6
2025.03.03	01:01:32.996	0.82595	0.82607			6
2025.03.03	01:01:33.307	0.82597	0.82608			6
2025.03.03	01:01:33.615		0.82607			4
2025.03.03	01:01:33.967	0.82596	0.82608			6
2025.03.03	01:01:34.290	0.82595	0.82607			6
2025.03.03	01:01:34.624	0.82590	0.82605			6
2025.03.03	01:01:35.310	0.82594				2
2025.03.03	01:01:35.619	0.82593				2
2025.03.03	01:01:36.324	0.82594				2
2025.03.03	01:01:36.710	0.82587	0.82602			6
2025.03.03	01:01:37.038	0.82586				2
2025.03.03	01:01:37.372	0.82587				2
2025.03.03	01:01:37.964	0.82594	0.82604			6
2025.03.03	01:01:38.276	0.82593	0.82603			6
2025.03.03	01:01:38.784	0.82594	0.82604			6
2025.03.03	01:01:39.098	0.82593				2
2025.03.03	01:01:40.219	0.82594	0.82607			6
2025.03.03	01:01:40.614	0.82588	0.82608			6
2025.03.03	01:01:41.800	0.82590	0.82609			6
2025.03.03	01:01:42.299	0.82588				2
2025.03.03	01:01:42.740	0.82592				2
2025.03.03	01:01:43.301	0.82590				2
2025.03.03	01:01:43.961	0.82588				2
2025.03.03	01:01:45.517	0.82592				2
2025.03.03	01:01:46.221	0.82594				2
2025.03.03	01:01:47.844	0.82595	0.82608			6
2025.03.03	01:01:48.811	0.82588				2
2025.03.03	01:01:49.279	0.82594				2
2025.03.03	01:01:49.737		0.82607			4
2025.03.03	01:01:50.090	0.82592				2
2025.03.03	01:01:51.462	0.82594				2
2025.03.03	01:01:52.024	0.82589	0.82605			6
2025.03.03	01:01:52.395	0.82590	0.82603			6
2025.03.03	01:01:52.706	0.82589				2
2025.03.03	01:01:53.260		0.82606			4
2025.03.03	01:01:54.390	0.82590				2
2025.03.03	01:01:54.830	0.82589				2
2025.03.03	01:01:55.630		0.82604			4
2025.03.03	01:01:57.397	0.82590				2
2025.03.03	01:01:57.818		0.82605			4
2025.03.03	01:01:58.209	0.82591				2
2025.03.03	01:01:58.546	0.82590	0.82604			6
2025.03.03	01:01:59.554	0.82589				2
2025.03.03	01:01:59.944		0.82603			4
2025.03.03	01:02:00.410	0.82587	0.82605			6
2025.03.03	01:02:00.749	0.82593				2
2025.03.03	01:02:01.216	0.82590				2
2025.03.03	01:02:01.634		0.82607			4
2025.03.03	01:02:01.946	0.82591				2
2025.03.03	01:02:02.328		0.82606			4
2025.03.03	01:02:02.645	0.82589	0.82604			6
2025.03.03	01:02:02.945	0.82591	0.82607			6
2025.03.03	01:02:04.693		0.82606			4
2025.03.03	01:02:04.996	0.82592	0.82610			6
2025.03.03	01:02:05.297	0.82591				2
2025.03.03	01:02:06.343		0.82609			4
2025.03.03	01:02:06.675	0.82592	0.82608			6
2025.03.03	01:02:07.019		0.82607			4
2025.03.03	01:02:07.385		0.82606			4
2025.03.03	01:02:09.385	0.82596	0.82612			6
2025.03.03	01:02:09.687	0.82593	0.82610			6
2025.03.03	01:02:10.019	0.82596	0.82611			6
2025.03.03	01:02:10.364	0.82599				2
2025.03.03	01:02:10.938	0.82600				2
2025.03.03	01:02:11.306	0.82599	0.82610			6
2025.03.03	01:02:12.233		0.82612			4
2025.03.03	01:02:12.667	0.82596	0.82610			6
2025.03.03	01:02:13.273	0.82598				2
2025.03.03	01:02:13.592	0.82592				2
2025.03.03	01:02:14.622	0.82591	0.82609			6
2025.03.03	01:02:14.935	0.82601				2
2025.03.03	01:02:15.464	0.82600				2
2025.03.03	01:02:15.801	0.82590	0.82607			6
2025.03.03	01:02:16.444	0.82589				2
2025.03.03	01:02:16.746	0.82595	0.82606			6
2025.03.03	01:02:17.081	0.82589				2
2025.03.03	01:02:17.477	0.82593	0.82603			6
2025.03.03	01:02:17.788	0.82589	0.82602			6
2025.03.03	01:02:18.111	0.82585				2
2025.03.03	01:02:18.449	0.82594	0.82603			6
2025.03.03	01:02:18.778		0.82602			4
2025.03.03	01:02:19.248	0.82595	0.82605			6
2025.03.03	01:02:19.555	0.82593				2
2025.03.03	01:02:20.316	0.82592				2
2025.03.03	01:02:20.767	0.82593	0.82604			6
2025.03.03	01:02:21.112	0.82592				2
2025.03.03	01:02:21.761	0.82589	0.82603			6
2025.03.03	01:02:22.080	0.82586				2
2025.03.03	01:02:22.933	0.82589				2
2025.03.03	01:02:24.054	0.82590				2
2025.03.03	01:02:25.793		0.82604			4
2025.03.03	01:02:26.106	0.82591	0.82603			6
2025.03.03	01:02:27.110	0.82590				2
2025.03.03	01:02:27.813	0.82586	0.82604			6
2025.03.03	01:02:28.577		0.82603			4
2025.03.03	01:02:29.265		0.82602			4
2025.03.03	01:02:30.225		0.82603			4
2025.03.03	01:02:31.328		0.82602			4
2025.03.03	01:02:33.016	0.82589	0.82604			6
2025.03.03	01:02:34.286	0.82586	0.82602			6
2025.03.03	01:02:40.794	0.82585	0.82600			6
2025.03.03	01:02:41.870	0.82583	0.82598			6
2025.03.03	01:02:42.174	0.82585				2
2025.03.03	01:02:42.807	0.82584				2
2025.03.03	01:02:44.840	0.82585				2
2025.03.03	01:02:45.559	0.82584				2
2025.03.03	01:02:52.388	0.82585				2
2025.03.03	01:02:52.917	0.82586				2
2025.03.03	01:02:53.225	0.82585	0.82596			6
2025.03.03	01:02:53.598	0.82582	0.82592			6
2025.03.03	01:02:54.985	0.82581				2
2025.03.03	01:02:55.391	0.82582				2
2025.03.03	01:02:57.279	0.82581	0.82593			6
2025.03.03	01:02:57.590	0.82580				2
2025.03.03	01:02:57.940	0.82581				2
2025.03.03	01:02:59.228	0.82582	0.82594			6
2025.03.03	01:03:00.120	0.82576	0.82590			6
2025.03.03	01:03:00.489	0.82577				2
2025.03.03	01:03:01.430	0.82578	0.82591			6
2025.03.03	01:03:02.058		0.82592			4
2025.03.03	01:03:02.366	0.82577	0.82591			6
2025.03.03	01:03:05.879		0.82588			4
2025.03.03	01:03:06.186	0.82576				2
2025.03.03	01:03:06.495	0.82575				2
2025.03.03	01:03:07.536	0.82573	0.82585			6
2025.03.03	01:03:07.840	0.82572				2
2025.03.03	01:03:08.396		0.82584			4
2025.03.03	01:03:11.336	0.82573	0.82586			6
2025.03.03	01:03:11.636	0.82574	0.82587			6
2025.03.03	01:03:14.939	0.82572	0.82585			6
2025.03.03	01:03:15.508	0.82571				2
2025.03.03	01:03:16.433		0.82584			4
2025.03.03	01:03:16.736		0.82581			4
2025.03.03	01:03:17.046	0.82570				2
2025.03.03	01:03:22.733	0.82572	0.82582			6
2025.03.03	01:03:24.364	0.82571				2
2025.03.03	01:03:26.442	0.82570				2
2025.03.03	01:03:27.942	0.82569				2
2025.03.03	01:03:28.248	0.82570				2
2025.03.03	01:03:28.721		0.82585			4
2025.03.03	01:03:30.403	0.82571				2
2025.03.03	01:03:31.231	0.82572				2
2025.03.03	01:03:32.279	0.82571				2
2025.03.03	01:03:32.751	0.82572				2
2025.03.03	01:03:36.103	0.82573	0.82584			6
2025.03.03	01:03:38.390		0.82583			4
2025.03.03	01:03:38.808	0.82572				2
2025.03.03	01:03:39.432		0.82584			4
2025.03.03	01:03:39.754		0.82583			4
2025.03.03	01:03:40.104		0.82584			4
2025.03.03	01:03:40.731	0.82571				2
2025.03.03	01:03:41.049	0.82572	0.82585			6
2025.03.03	01:03:41.351		0.82586			4
2025.03.03	01:03:42.592	0.82571	0.82584			6
2025.03.03	01:03:44.846	0.82572	0.82583			6
2025.03.03	01:03:46.384		0.82582			4
2025.03.03	01:03:50.453		0.82583			4
2025.03.03	01:03:52.395		0.82582			4
2025.03.03	01:03:55.201		0.82583			4
2025.03.03	01:03:57.340		0.82582			4
2025.03.03	01:04:00.458	0.82572	0.82584			6
2025.03.03	01:04:01.376	0.82569	0.82581			6
2025.03.03	01:04:02.374	0.82568				2
2025.03.03	01:04:05.162	0.82571	0.82575			6
2025.03.03	01:04:05.457	0.82570	0.82574			6
2025.03.03	01:04:06.370		0.82573			4
2025.03.03	01:04:06.974	0.82571	0.82574			6
2025.03.03	01:04:07.279	0.82568	0.82578			6
2025.03.03	01:04:07.829		0.82579			4
2025.03.03	01:04:10.247	0.82569	0.82580			6
2025.03.03	01:04:11.148	0.82568				2
2025.03.03	01:04:13.546	0.82569				2
2025.03.03	01:04:14.429	0.82568				2
2025.03.03	01:04:14.993	0.82569	0.82581			6
2025.03.03	01:04:15.324	0.82568	0.82578			6
2025.03.03	01:04:15.964		0.82579			4
2025.03.03	01:04:19.511		0.82578			4
2025.03.03	01:04:19.943	0.82569	0.82581			6
2025.03.03	01:04:20.400	0.82568				2
2025.03.03	01:04:20.713	0.82567	0.82578			6
2025.03.03	01:04:21.704	0.82566	0.82577			6
2025.03.03	01:04:22.029		0.82578			4
2025.03.03	01:04:23.630	0.82567	0.82580			6
2025.03.03	01:04:24.394	0.82569	0.82581			6
2025.03.03	01:04:24.728	0.82571				2
2025.03.03	01:04:25.131	0.82569	0.82580			6
2025.03.03	01:04:25.689		0.82581			4
2025.03.03	01:04:26.397		0.82580			4
2025.03.03	01:04:29.577	0.82574	0.82576			6
2025.03.03	01:04:30.789	0.82575	0.82577			6
2025.03.03	01:04:31.699	0.82571	0.82579			6
2025.03.03	01:04:32.006	0.82569				2
2025.03.03	01:04:32.383	0.82567	0.82578			6
2025.03.03	01:04:33.691	0.82566				2
2025.03.03	01:04:44.729		0.82577			4
2025.03.03	01:04:48.703		0.82576			4
2025.03.03	01:04:49.021		0.82577			4
2025.03.03	01:04:49.387	0.82567				2
2025.03.03	01:04:49.840	0.82566	0.82576			6
2025.03.03	01:04:51.099	0.82567				2
2025.03.03	01:04:52.387		0.82578			4
2025.03.03	01:04:53.617		0.82579			4
2025.03.03	01:04:54.962	0.82566				2
2025.03.03	01:04:55.786	0.82567	0.82578			6
2025.03.03	01:04:57.266		0.82579			4
2025.03.03	01:05:00.357	0.82568				2
2025.03.03	01:05:00.755	0.82571				2
2025.03.03	01:05:01.161	0.82572				2
2025.03.03	01:05:01.474	0.82571				2
2025.03.03	01:05:02.904	0.82572	0.82578			6
2025.03.03	01:05:03.206		0.82579			4
2025.03.03	01:05:03.549	0.82577	0.82583			6
2025.03.03	01:05:05.042	0.82579	0.82585			6
2025.03.03	01:05:05.372	0.82578				2
2025.03.03	01:05:06.360		0.82586			4
2025.03.03	01:05:06.664	0.82575	0.82584			6
2025.03.03	01:05:07.132		0.82583			4
2025.03.03	01:05:08.963		0.82582			4
2025.03.03	01:05:16.346	0.82573	0.82580			6
2025.03.03	01:05:18.427	0.82571	0.82579			6
2025.03.03	01:05:18.795	0.82572				2
2025.03.03	01:05:19.423	0.82571				2
2025.03.03	01:05:19.818	0.82572				2
2025.03.03	01:05:20.870	0.82570	0.82577			6
2025.03.03	01:05:21.805		0.82578			4
2025.03.03	01:05:22.854		0.82577			4
2025.03.03	01:05:26.115	0.82571	0.82578			6
2025.03.03	01:05:26.677	0.82572	0.82579			6
2025.03.03	01:05:27.069	0.82573				2
2025.03.03	01:05:29.057		0.82580			4
2025.03.03	01:05:29.851	0.82572				2
2025.03.03	01:05:30.160	0.82573	0.82579			6
2025.03.03	01:05:32.931	0.82572	0.82578			6
2025.03.03	01:05:33.520	0.82571				2
2025.03.03	01:05:37.036		0.82577			4
2025.03.03	01:05:37.374	0.82570				2
2025.03.03	01:05:39.868	0.82571				2
2025.03.03	01:05:40.376	0.82570				2
2025.03.03	01:05:41.191	0.82571				2
2025.03.03	01:05:46.285		0.82578			4
2025.03.03	01:05:51.566	0.82570				2
2025.03.03	01:05:52.097	0.82571				2
2025.03.03	01:05:52.865	0.82570				2
2025.03.03	01:05:54.096	0.82571	0.82577			6
2025.03.03	01:05:54.531	0.82570				2
2025.03.03	01:05:57.473	0.82571				2
2025.03.03	01:06:00.352	0.82571				2
2025.03.03	01:06:06.414	0.82570				2
2025.03.03	01:06:08.344		0.82578			4
2025.03.03	01:06:14.909	0.82571	0.82577			6
2025.03.03	01:06:16.236	0.82570				2
2025.03.03	01:06:19.786	0.82569				2
2025.03.03	01:06:21.570	0.82570				2
2025.03.03	01:06:21.926		0.82578			4
2025.03.03	01:06:29.932	0.82569				2
2025.03.03	01:06:32.076	0.82570				2
2025.03.03	01:06:32.860	0.82569				2
2025.03.03	01:06:33.369	0.82570				2
2025.03.03	01:06:33.890	0.82572	0.82580			6
2025.03.03	01:06:34.913	0.82570				2
2025.03.03	01:06:35.230		0.82579			4
2025.03.03	01:06:43.716	0.82579	0.82585			6
2025.03.03	01:06:44.025	0.82580	0.82588			6
2025.03.03	01:06:44.346	0.82584	0.82592			6
2025.03.03	01:06:44.648	0.82585				2
2025.03.03	01:06:46.439	0.82586	0.82594			6
2025.03.03	01:06:46.863	0.82587				2
2025.03.03	01:06:50.883	0.82584	0.82590			6
2025.03.03	01:06:53.119	0.82583	0.82591			6
2025.03.03	01:06:56.013	0.82586	0.82593			6
2025.03.03	01:06:57.118	0.82584				2
2025.03.03	01:06:57.426		0.82592			4
2025.03.03	01:06:58.010	0.82583				2
2025.03.03	01:06:58.698	0.82580	0.82586			6
2025.03.03	01:06:59.013	0.82579				2
2025.03.03	01:07:00.232	0.82578	0.82584			6
2025.03.03	01:07:00.541		0.82585			4
2025.03.03	01:07:01.340	0.82577	0.82584			6
2025.03.03	01:07:01.942	0.82578				2
2025.03.03	01:07:02.318	0.82577				2
2025.03.03	01:07:02.625		0.82583			4
2025.03.03	01:07:02.926		0.82582			4
2025.03.03	01:07:03.477	0.82573	0.82581			6
2025.03.03	01:07:03.788	0.82570	0.82578			6
2025.03.03	01:07:04.131		0.82575			4
2025.03.03	01:07:04.448	0.82569				2
2025.03.03	01:07:04.984	0.82584	0.82590			6
2025.03.03	01:07:05.285	0.82583	0.82591			6
2025.03.03	01:07:07.825	0.82584				2
2025.03.03	01:07:08.554	0.82583	0.82590			6
2025.03.03	01:07:09.023	0.82585	0.82594			6
2025.03.03	01:07:09.327	0.82587	0.82592			6
2025.03.03	01:07:09.645	0.82586				2
2025.03.03	01:07:11.794		0.82591			4
2025.03.03	01:07:17.574	0.82587	0.82593			6
2025.03.03	01:07:18.186	0.82584	0.82591			6
2025.03.03	01:07:18.518	0.82587	0.82593			6
2025.03.03	01:07:19.980		0.82594			4
2025.03.03	01:07:21.753	0.82590	0.82596			6
2025.03.03	01:07:22.514		0.82597			4
2025.03.03	01:07:23.525	0.82591	0.82598			6
2025.03.03	01:07:24.759		0.82597			4
2025.03.03	01:07:25.694	0.82588	0.82593			6
2025.03.03	01:07:27.068		0.82594			4
2025.03.03	01:07:33.053		0.82593			4
2025.03.03	01:07:35.034		0.82594			4
2025.03.03	01:07:37.010	0.82580	0.82587			6
2025.03.03	01:07:37.800	0.82581	0.82586			6
2025.03.03	01:07:38.266	0.82601	0.82607			6
2025.03.03	01:07:38.572	0.82598				2
2025.03.03	01:07:40.018	0.82596	0.82604			6
2025.03.03	01:07:40.980	0.82598	0.82605			6
2025.03.03	01:07:41.329	0.82599				2
2025.03.03	01:07:41.713	0.82598				2
2025.03.03	01:07:42.119	0.82599				2
2025.03.03	01:07:45.303	0.82598				2
2025.03.03	01:07:45.865	0.82599				2
2025.03.03	01:07:47.370	0.82598				2
2025.03.03	01:07:50.109	0.82596	0.82603			6
2025.03.03	01:07:57.426	0.82595				2
2025.03.03	01:07:58.277	0.82596				2
2025.03.03	01:07:58.586		0.82604			4
2025.03.03	01:07:59.142	0.82597	0.82605			6
2025.03.03	01:08:00.435	0.82598	0.82606			6
2025.03.03	01:08:01.197	0.82601	0.82608			6
2025.03.03	01:08:01.507		0.82609			4
2025.03.03	01:08:03.241	0.82603	0.82610			6
2025.03.03	01:08:03.583	0.82604				2
2025.03.03	01:08:03.918	0.82603				2
2025.03.03	01:08:06.231		0.82611			4
2025.03.03	01:08:06.559	0.82606	0.82614			6
2025.03.03	01:08:06.873	0.82604	0.82612			6
2025.03.03	01:08:07.186	0.82603	0.82609			6
2025.03.03	01:08:10.449	0.82602	0.82610			6
2025.03.03	01:08:12.142		0.82609			4
2025.03.03	01:08:12.463		0.82610			4
2025.03.03	01:08:13.075	0.82601	0.82608			6
2025.03.03	01:08:13.409	0.82602				2
2025.03.03	01:08:13.763	0.82601				2
2025.03.03	01:08:15.268	0.82602				2
2025.03.03	01:08:15.633	0.82600	0.82607			6
2025.03.03	01:08:16.052		0.82608			4
2025.03.03	01:08:16.805	0.82601				2
2025.03.03	01:08:18.400	0.82600				2
2025.03.03	01:08:19.027	0.82599				2
2025.03.03	01:08:20.258	0.82600				2
2025.03.03	01:08:22.048	0.82602	0.82610			6
2025.03.03	01:08:24.832		0.82611			4
2025.03.03	01:08:26.346	0.82604	0.82612			6
2025.03.03	01:08:26.675	0.82603				2
2025.03.03	01:08:27.424	0.82604				2
2025.03.03	01:08:31.135	0.82605	0.82614			6
2025.03.03	01:08:31.853	0.82606				2
2025.03.03	01:08:32.165	0.82605				2
2025.03.03	01:08:32.816	0.82607				2
2025.03.03	01:08:34.701	0.82606				2
2025.03.03	01:08:37.996	0.82611	0.82618			6
2025.03.03	01:08:38.762	0.82612				2
2025.03.03	01:08:40.056	0.82609	0.82616			6
2025.03.03	01:08:40.361	0.82607	0.82615			6
2025.03.03	01:08:41.195	0.82610	0.82617			6
2025.03.03	01:08:43.108	0.82609				2
2025.03.03	01:08:43.433	0.82614	0.82619			6
2025.03.03	01:08:44.203		0.82620			4
2025.03.03	01:08:44.642	0.82613				2
2025.03.03	01:08:47.253	0.82610	0.82618			6
2025.03.03	01:08:48.473	0.82608	0.82615			6
2025.03.03	01:08:48.898	0.82607	0.82614			6
2025.03.03	01:08:50.228	0.82606				2
2025.03.03	01:08:51.119	0.82607				2
2025.03.03	01:08:52.332	0.82606				2
2025.03.03	01:08:52.653	0.82605				2
2025.03.03	01:08:54.523	0.82615	0.82622			6
2025.03.03	01:08:54.826	0.82616	0.82624			6
2025.03.03	01:08:55.130	0.82615	0.82621			6
2025.03.03	01:08:55.479		0.82623			4
2025.03.03	01:08:55.824	0.82616				2
2025.03.03	01:08:56.224		0.82624			4
2025.03.03	01:08:57.936	0.82622	0.82628			6
2025.03.03	01:08:58.248	0.82621				2
2025.03.03	01:08:59.773	0.82626	0.82632			6
2025.03.03	01:09:00.087	0.82629	0.82634			6
2025.03.03	01:09:00.402	0.82628				2
2025.03.03	01:09:01.107	0.82632	0.82638			6
2025.03.03	01:09:01.439	0.82633	0.82639			6
2025.03.03	01:09:02.658	0.82632				2
2025.03.03	01:09:04.354	0.82631	0.82638			6
2025.03.03	01:09:04.681	0.82630				2
2025.03.03	01:09:04.993	0.82631				2
2025.03.03	01:09:05.300	0.82630				2
2025.03.03	01:09:05.628	0.82631				2
2025.03.03	01:09:06.756	0.82625	0.82632			6
2025.03.03	01:09:07.068	0.82630	0.82637			6
2025.03.03	01:09:07.369	0.82629				2
2025.03.03	01:09:07.671	0.82630				2
2025.03.03	01:09:08.289	0.82627	0.82634			6
2025.03.03	01:09:09.902	0.82633	0.82639			6
2025.03.03	01:09:10.213	0.82632				2
2025.03.03	01:09:10.871	0.82635	0.82641			6
2025.03.03	01:09:11.302	0.82637				2
2025.03.03	01:09:11.931	0.82636				2
2025.03.03	01:09:15.037	0.82637	0.82645			6
2025.03.03	01:09:15.345	0.82638				2
2025.03.03	01:09:16.716	0.82640	0.82646			6
2025.03.03	01:09:17.026	0.82642	0.82648			6
2025.03.03	01:09:17.375	0.82641				2
2025.03.03	01:09:21.703	0.82637	0.82645			6
2025.03.03	01:09:22.060	0.82636	0.82643			6
2025.03.03	01:09:23.370	0.82635				2
2025.03.03	01:09:23.703		0.82642			4
2025.03.03	01:09:24.006	0.82634	0.82643			6
2025.03.03	01:09:24.322	0.82635	0.82642			6
2025.03.03	01:09:25.315	0.82634				2
2025.03.03	01:09:25.974		0.82641			4
2025.03.03	01:09:26.300	0.82631	0.82639			6
2025.03.03	01:09:26.606		0.82638			4
2025.03.03	01:09:27.387	0.82635	0.82642			6
2025.03.03	01:09:27.688	0.82633	0.82641			6
2025.03.03	01:09:30.007	0.82637	0.82644			6
2025.03.03	01:09:30.625	0.82638				2
2025.03.03	01:09:31.132	0.82637				2
2025.03.03	01:09:31.899	0.82638				2
2025.03.03	01:09:32.827	0.82637				2
2025.03.03	01:09:33.672	0.82643	0.82650			6
2025.03.03	01:09:33.980	0.82644				2
2025.03.03	01:09:34.324	0.82645				2
2025.03.03	01:09:35.820		0.82652			4
2025.03.03	01:09:36.662	0.82642	0.82648			6
2025.03.03	01:09:36.968	0.82640	0.82647			6
2025.03.03	01:09:38.413	0.82639				2
2025.03.03	01:09:38.726		0.82645			4
2025.03.03	01:09:39.084	0.82638				2
2025.03.03	01:09:39.400	0.82639				2
2025.03.03	01:09:39.737	0.82638				2
2025.03.03	01:09:43.490	0.82635	0.82642			6
2025.03.03	01:09:43.806		0.82641			4
2025.03.03	01:09:44.946	0.82634				2
2025.03.03	01:09:50.343	0.82635				2
2025.03.03	01:09:53.561	0.82634				2
2025.03.03	01:09:54.077		0.82640			4
2025.03.03	01:09:55.021		0.82641			4
2025.03.03	01:09:55.328	0.82635				2
2025.03.03	01:09:56.352	0.82633	0.82639			6
2025.03.03	01:09:56.798	0.82634				2
2025.03.03	01:09:57.236	0.82633				2
2025.03.03	01:09:57.579		0.82640			4
2025.03.03	01:09:58.688	0.82635	0.82641			6
2025.03.03	01:10:00.404	0.82635				2
2025.03.03	01:10:00.804		0.82642			4
2025.03.03	01:10:01.133	0.82634	0.82640			6
2025.03.03	01:10:02.429	0.82631	0.82639			6
2025.03.03	01:10:03.649	0.82630	0.82637			6
2025.03.03	01:10:03.969	0.82629	0.82635			6
2025.03.03	01:10:04.286	0.82630				2
2025.03.03	01:10:05.392	0.82632	0.82638			6
2025.03.03	01:10:06.169	0.82631				2
2025.03.03	01:10:06.485	0.82630	0.82635			6
2025.03.03	01:10:07.119	0.82629				2
2025.03.03	01:10:07.658	0.82631	0.82637			6
2025.03.03	01:10:07.967		0.82638			4
2025.03.03	01:10:08.271	0.82628	0.82635			6
2025.03.03	01:10:09.013	0.82627	0.82634			6
2025.03.03	01:10:10.368		0.82633			4
2025.03.03	01:10:15.996	0.82625	0.82632			6
2025.03.03	01:10:16.306		0.82631			4
2025.03.03	01:10:17.633		0.82630			4
2025.03.03	01:10:20.491		0.82631			4
2025.03.03	01:10:20.972	0.82624				2
2025.03.03	01:10:21.842		0.82630			4
2025.03.03	01:10:30.359	0.82620	0.82626			6
2025.03.03	01:10:30.665		0.82627			4
2025.03.03	01:10:41.017	0.82618	0.82625			6
2025.03.03	01:10:41.377	0.82616	0.82622			6
2025.03.03	01:10:41.693		0.82623			4
2025.03.03	01:10:42.424		0.82622			4
2025.03.03	01:10:42.725	0.82615				2
2025.03.03	01:10:46.732		0.82621			4
2025.03.03	01:10:50.152		0.82623			4
2025.03.03	01:10:50.712	0.82616				2
2025.03.03	01:10:56.510	0.82618	0.82625			6
2025.03.03	01:10:57.166	0.82619				2
2025.03.03	01:10:57.587	0.82615	0.82621			6
2025.03.03	01:10:59.326	0.82614	0.82620			6
2025.03.03	01:11:00.159	0.82614				2
2025.03.03	01:11:00.831	0.82615	0.82621			6
2025.03.03	01:11:02.631	0.82614	0.82620			6
2025.03.03	01:11:03.508		0.82619			4
2025.03.03	01:11:03.877	0.82613				2
2025.03.03	01:11:04.358	0.82614				2
2025.03.03	01:11:07.529		0.82621			4
2025.03.03	01:11:07.925	0.82613	0.82617			6
2025.03.03	01:11:08.288	0.82611				2
2025.03.03	01:11:08.593	0.82610	0.82615			6
2025.03.03	01:11:10.227	0.82612	0.82617			6
2025.03.03	01:11:10.773		0.82618			4
2025.03.03	01:11:14.599	0.82613				2
2025.03.03	01:11:19.041	0.82612				2
2025.03.03	01:11:19.448	0.82611				2
2025.03.03	01:11:23.934		0.82617			4
2025.03.03	01:11:27.832		0.82618			4
2025.03.03	01:11:28.292	0.82610	0.82615			6
2025.03.03	01:11:28.641	0.82613	0.82619			6
2025.03.03	01:11:29.705	0.82614				2
2025.03.03	01:11:32.031	0.82613				2
2025.03.03	01:11:33.010	0.82614				2
2025.03.03	01:11:33.681		0.82620			4
2025.03.03	01:11:34.420	0.82613				2
2025.03.03	01:11:36.234	0.82612	0.82619			6
2025.03.03	01:11:36.547	0.82611	0.82617			6
2025.03.03	01:11:36.866	0.82610				2
2025.03.03	01:11:37.276	0.82611				2
2025.03.03	01:11:42.340		0.82616			4
2025.03.03	01:11:43.745	0.82610	0.82617			6
2025.03.03	01:11:46.734		0.82616			4
2025.03.03	01:11:47.713	0.82607	0.82614			6
2025.03.03	01:11:48.018	0.82608				2
2025.03.03	01:11:53.328	0.82609	0.82615			6
2025.03.03	01:11:54.282	0.82610	0.82617			6
2025.03.03	01:11:54.586		0.82616			4
2025.03.03	01:11:54.998	0.82609				2
2025.03.03	01:12:00.037	0.82609				2
2025.03.03	01:12:00.376	0.82610				2
2025.03.03	01:12:02.974	0.82611	0.82617			6
2025.03.03	01:12:03.324		0.82618			4
2025.03.03	01:12:03.677	0.82612				2
2025.03.03	01:12:05.450	0.82611				2
2025.03.03	01:12:05.987	0.82610				2
2025.03.03	01:12:06.304		0.82617			4
2025.03.03	01:12:08.427	0.82612	0.82618			6
2025.03.03	01:12:10.596	0.82613				2
2025.03.03	01:12:12.059	0.82612	0.82617			6
2025.03.03	01:12:12.369	0.82611	0.82616			6
2025.03.03	01:12:12.671		0.82617			4
2025.03.03	01:12:13.702	0.82613	0.82618			6
2025.03.03	01:12:14.261	0.82612				2
2025.03.03	01:12:15.342		0.82616			4
2025.03.03	01:12:16.095		0.82617			4
2025.03.03	01:12:18.184		0.82618			4
2025.03.03	01:12:18.607	0.82610	0.82616			6
2025.03.03	01:12:21.048	0.82611				2
2025.03.03	01:12:21.539	0.82610				2
2025.03.03	01:12:24.455	0.82613	0.82617			6
2025.03.03	01:12:24.886		0.82616			4
2025.03.03	01:12:30.530	0.82614	0.82618			6
2025.03.03	01:12:30.837	0.82615				2
2025.03.03	01:12:31.153	0.82614				2
2025.03.03	01:12:31.460	0.82615				2
2025.03.03	01:12:31.770		0.82619			4
2025.03.03	01:12:32.479	0.82616	0.82620			6
2025.03.03	01:12:32.786	0.82617				2
2025.03.03	01:12:33.592	0.82616				2
2025.03.03	01:12:34.332	0.82615	0.82619			6
2025.03.03	01:12:34.969	0.82617	0.82620			6
2025.03.03	01:12:41.328	0.82618	0.82621			6
2025.03.03	01:12:44.371	0.82620	0.82624			6
2025.03.03	01:12:56.982	0.82621				2
2025.03.03	01:12:57.617	0.82622				2
2025.03.03	01:12:59.932	0.82621	0.82623			6
2025.03.03	01:13:00.247	0.82621				2
2025.03.03	01:13:03.752		0.82624			4
2025.03.03	01:13:04.367		0.82623			4
2025.03.03	01:13:04.727	0.82619	0.82622			6
2025.03.03	01:13:08.302	0.82620				2
2025.03.03	01:13:15.775	0.82619				2
2025.03.03	01:13:16.617	0.82620	0.82623			6
2025.03.03	01:13:17.357	0.82621	0.82624			6
2025.03.03	01:13:17.667	0.82622				2
2025.03.03	01:13:18.002		0.82625			4
2025.03.03	01:13:20.554	0.82626	0.82628			6
2025.03.03	01:13:24.777	0.82622				2
2025.03.03	01:13:26.238	0.82626				2
2025.03.03	01:13:30.953	0.82625				2
2025.03.03	01:13:31.267	0.82623	0.82626			6
2025.03.03	01:13:31.593	0.82622	0.82625			6
2025.03.03	01:13:31.917		0.82624			4
2025.03.03	01:13:33.843	0.82621				2
2025.03.03	01:13:36.572	0.82622				2
2025.03.03	01:13:41.483		0.82625			4
2025.03.03	01:13:41.787	0.82626	0.82627			6
2025.03.03	01:13:47.404	0.82625				2
2025.03.03	01:13:49.313	0.82623	0.82625			6
2025.03.03	01:13:50.031	0.82622				2
2025.03.03	01:13:51.090	0.82623	0.82626			6
2025.03.03	01:13:54.309		0.82627			4
2025.03.03	01:13:54.625	0.82624				2
2025.03.03	01:14:00.357	0.82625				2
2025.03.03	01:14:00.720	0.82626	0.82629			6
2025.03.03	01:14:03.756	0.82625	0.82628			6
2025.03.03	01:14:04.605	0.82624				2
2025.03.03	01:14:04.906	0.82625	0.82627			6
2025.03.03	01:14:07.211	0.82624				2
2025.03.03	01:14:08.032	0.82626				2
2025.03.03	01:14:08.350		0.82629			4
2025.03.03	01:14:11.425	0.82624	0.82626			6
2025.03.03	01:14:12.162		0.82627			4
2025.03.03	01:14:12.889		0.82626			4
2025.03.03	01:14:13.584		0.82627			4
2025.03.03	01:14:14.313	0.82623				2
2025.03.03	01:14:14.753	0.82621	0.82623			6
2025.03.03	01:14:15.066	0.82622				2
2025.03.03	01:14:15.701		0.82624			4
2025.03.03	01:14:18.079	0.82623	0.82626			6
2025.03.03	01:14:18.402	0.82624				2
2025.03.03	01:14:18.951	0.82627	0.82629			6
2025.03.03	01:14:19.294		0.82628			4
2025.03.03	01:14:19.601	0.82629	0.82632			6
2025.03.03	01:14:20.287		0.82631			4
2025.03.03	01:14:20.626	0.82628	0.82633			6
2025.03.03	01:14:24.414	0.82626	0.82629			6
2025.03.03	01:14:25.662	0.82627				2
2025.03.03	01:14:27.296	0.82625	0.82627			6
2025.03.03	01:14:27.718	0.82624	0.82626			6
2025.03.03	01:14:31.085	0.82626	0.82629			6
2025.03.03	01:14:32.931	0.82627	0.82631			6
2025.03.03	01:14:33.297	0.82629	0.82634			6
2025.03.03	01:14:33.601		0.82631			4
2025.03.03	01:14:36.103		0.82632			4
2025.03.03	01:14:36.404	0.82628	0.82631			6
2025.03.03	01:14:36.841	0.82629				2
2025.03.03	01:14:40.132	0.82628	0.82633			6
2025.03.03	01:14:40.790		0.82632			4
2025.03.03	01:14:44.032		0.82633			4
2025.03.03	01:14:45.383	0.82629	0.82631			6
2025.03.03	01:14:45.883	0.82628				2
2025.03.03	01:14:48.375		0.82632			4
2025.03.03	01:14:48.886	0.82627				2
2025.03.03	01:14:51.379	0.82628				2
2025.03.03	01:14:54.273	0.82629	0.82631			6
2025.03.03	01:14:58.059	0.82626				2
2025.03.03	01:14:59.037	0.82630				2
2025.03.03	01:15:00.380	0.82628	0.82632			6
2025.03.03	01:15:00.718	0.82629	0.82631			6
2025.03.03	01:15:01.516	0.82628				2
2025.03.03	01:15:02.156		0.82632			4
2025.03.03	01:15:02.942		0.82631			4
2025.03.03	01:15:03.713	0.82626	0.82628			6
2025.03.03	01:15:04.040		0.82627			4
2025.03.03	01:15:05.744	0.82628	0.82630			6
2025.03.03	01:15:06.547	0.82629	0.82631			6
2025.03.03	01:15:09.668	0.82626	0.82628			6
2025.03.03	01:15:10.760	0.82625	0.82627			6
2025.03.03	01:15:18.035	0.82626				2
2025.03.03	01:15:18.382	0.82625				2
2025.03.03	01:15:21.927	0.82624	0.82626			6
2025.03.03	01:15:22.676	0.82623				2
2025.03.03	01:15:23.229		0.82625			4
2025.03.03	01:15:23.578	0.82622				2
2025.03.03	01:15:24.811	0.82623	0.82626			6
2025.03.03	01:15:25.258	0.82622	0.82625			6
2025.03.03	01:15:25.562		0.82624			4
2025.03.03	01:15:26.660		0.82623			4
2025.03.03	01:15:27.032	0.82623	0.82624			6
2025.03.03	01:15:27.445	0.82622				2
2025.03.03	01:15:31.616	0.82623				2
2025.03.03	01:15:32.408		0.82625			4
2025.03.03	01:15:32.844		0.82626			4
2025.03.03	01:15:34.699		0.82627			4
2025.03.03	01:15:35.395		0.82628			4
2025.03.03	01:15:35.901	0.82624	0.82626			6
2025.03.03	01:15:37.387	0.82623				2
2025.03.03	01:15:37.852	0.82624				2
2025.03.03	01:15:38.670	0.82623				2
2025.03.03	01:15:40.346	0.82622				2
2025.03.03	01:15:40.658	0.82623	0.82625			6
2025.03.03	01:15:41.267	0.82622				2
2025.03.03	01:15:42.585	0.82623				2
2025.03.03	01:15:43.548	0.82620				2
2025.03.03	01:15:45.045	0.82622				2
2025.03.03	01:15:45.676	0.82621	0.82626			6
2025.03.03	01:15:46.103	0.82622				2
2025.03.03	01:15:46.955	0.82621				2
2025.03.03	01:15:48.369		0.82625			4
2025.03.03	01:15:48.684	0.82622	0.82626			6
2025.03.03	01:15:52.240	0.82621				2
2025.03.03	01:15:52.778	0.82622				2
2025.03.03	01:15:53.171	0.82623				2
2025.03.03	01:15:53.569	0.82621	0.82625			6
2025.03.03	01:15:55.387	0.82622	0.82624			6
2025.03.03	01:15:56.765	0.82621				2
2025.03.03	01:15:57.288		0.82623			4
2025.03.03	01:16:00.462	0.82622				2
2025.03.03	01:16:02.786		0.82626			4
2025.03.03	01:16:09.821	0.82621	0.82623			6
2025.03.03	01:16:10.127		0.82624			4
2025.03.03	01:16:11.800	0.82620	0.82622			6
2025.03.03	01:16:13.703	0.82617	0.82621			6
2025.03.03	01:16:14.042	0.82616				2
2025.03.03	01:16:14.353	0.82617				2
2025.03.03	01:16:14.667	0.82619				2
2025.03.03	01:16:15.879		0.82620			4
2025.03.03	01:16:16.325	0.82618				2
2025.03.03	01:16:22.976	0.82619				2
2025.03.03	01:16:23.288	0.82617	0.82619			6
2025.03.03	01:16:23.632	0.82616	0.82618			6
2025.03.03	01:16:24.437	0.82614				2
2025.03.03	01:16:24.746		0.82616			4
2025.03.03	01:16:25.446	0.82615	0.82619			6
2025.03.03	01:16:27.789	0.82614	0.82616			6
2025.03.03	01:16:28.096		0.82617			4
2025.03.03	01:16:28.550		0.82616			4
2025.03.03	01:16:31.617	0.82616	0.82619			6
2025.03.03	01:16:32.733		0.82618			4
2025.03.03	01:16:37.795		0.82619			4
2025.03.03	01:16:44.901	0.82617				2
2025.03.03	01:16:45.220		0.82620			4
2025.03.03	01:16:45.689	0.82618				2
2025.03.03	01:16:46.876	0.82617				2
2025.03.03	01:16:49.027	0.82618				2
2025.03.03	01:16:52.132	0.82619	0.82621			6
2025.03.03	01:16:54.648		0.82620			4
2025.03.03	01:16:54.960		0.82621			4
2025.03.03	01:16:55.265	0.82617	0.82620			6
2025.03.03	01:16:56.133	0.82618				2
2025.03.03	01:17:00.078	0.82617				2
2025.03.03	01:17:00.450	0.82618				2
2025.03.03	01:17:01.830	0.82619				2
2025.03.03	01:17:03.255	0.82618				2
2025.03.03	01:17:03.618	0.82621	0.82623			6
2025.03.03	01:17:04.339		0.82622			4
2025.03.03	01:17:04.678		0.82623			4
2025.03.03	01:17:04.986		0.82622			4
2025.03.03	01:17:05.306		0.82623			4
2025.03.03	01:17:06.486		0.82622			4
2025.03.03	01:17:08.386		0.82623			4
2025.03.03	01:17:11.865	0.82622				2
2025.03.03	01:17:12.172	0.82620				2
2025.03.03	01:17:24.689		0.82624			4
2025.03.03	01:17:25.053	0.82619	0.82623			6
2025.03.03	01:17:25.379		0.82622			4
2025.03.03	01:17:26.821	0.82620	0.82624			6
2025.03.03	01:17:27.184		0.82625			4
2025.03.03	01:17:27.486		0.82623			4
2025.03.03	01:17:28.265	0.82619				2
2025.03.03	01:17:29.969		0.82624			4
2025.03.03	01:17:30.304		0.82623			4
2025.03.03	01:17:30.751		0.82624			4
2025.03.03	01:17:32.506		0.82623			4
2025.03.03	01:17:32.814		0.82624			4
2025.03.03	01:17:33.326		0.82623			4
2025.03.03	01:17:38.387		0.82624			4
2025.03.03	01:17:39.415		0.82623			4
2025.03.03	01:17:39.860		0.82624			4
2025.03.03	01:17:45.926	0.82623	0.82625			6
2025.03.03	01:17:46.247	0.82624				2
2025.03.03	01:17:46.688	0.82623				2
2025.03.03	01:17:48.682	0.82624				2
2025.03.03	01:17:48.984	0.82623				2
2025.03.03	01:17:49.288	0.82624				2
2025.03.03	01:17:51.102	0.82623				2
2025.03.03	01:17:51.493	0.82624				2
2025.03.03	01:17:52.370	0.82623				2
2025.03.03	01:17:52.706	0.82622	0.82624			6
2025.03.03	01:17:53.940	0.82623	0.82625			6
2025.03.03	01:17:55.003	0.82622	0.82624			6
2025.03.03	01:17:55.396	0.82623	0.82625			6
2025.03.03	01:17:56.607	0.82622	0.82623			6
2025.03.03	01:17:57.767	0.82621				2
2025.03.03	01:18:00.475	0.82621				2
2025.03.03	01:18:01.582	0.82622				2
2025.03.03	01:18:04.368	0.82623	0.82624			6
2025.03.03	01:18:04.721	0.82622				2
2025.03.03	01:18:05.127	0.82623				2
2025.03.03	01:18:05.438	0.82622				2
2025.03.03	01:18:05.771	0.82623				2
2025.03.03	01:18:06.322	0.82622				2
2025.03.03	01:18:06.778	0.82623				2
2025.03.03	01:18:09.093	0.82622	0.82625			6
2025.03.03	01:18:09.401		0.82624			4
2025.03.03	01:18:09.704	0.82623				2
2025.03.03	01:18:10.901		0.82625			4
2025.03.03	01:18:13.332		0.82624			4
2025.03.03	01:18:13.722	0.82621	0.82623			6
2025.03.03	01:18:14.048	0.82622	0.82624			6
2025.03.03	01:18:16.794	0.82623				2
2025.03.03	01:18:22.311	0.82624	0.82625			6
2025.03.03	01:18:23.557	0.82623				2
2025.03.03	01:18:24.565	0.82622	0.82624			6
2025.03.03	01:18:28.712	0.82621				2
2025.03.03	01:18:32.144	0.82622	0.82625			6
2025.03.03	01:18:33.228		0.82624			4
2025.03.03	01:18:34.642	0.82623				2
2025.03.03	01:18:35.276	0.82622				2
2025.03.03	01:18:37.437		0.82625			4
2025.03.03	01:18:37.746		0.82624			4
2025.03.03	01:18:38.091		0.82623			4
2025.03.03	01:18:39.905		0.82624			4
2025.03.03	01:18:40.324	0.82621	0.82623			6
2025.03.03	01:18:40.628		0.82624			4
2025.03.03	01:18:41.228	0.82620	0.82623			6
2025.03.03	01:18:41.547		0.82622			4
2025.03.03	01:18:41.917		0.82623			4
2025.03.03	01:18:43.379	0.82619	0.82621			6
2025.03.03	01:18:47.343	0.82620				2
2025.03.03	01:18:48.051	0.82619				2
2025.03.03	01:18:50.645	0.82620				2
2025.03.03	01:18:51.325	0.82619				2
2025.03.03	01:18:51.767		0.82620			4
2025.03.03	01:18:54.155		0.82621			4
2025.03.03	01:18:54.508	0.82620				2
2025.03.03	01:18:55.149	0.82618	0.82620			6
2025.03.03	01:18:55.451	0.82620	0.82621			6
2025.03.03	01:18:55.949	0.82618	0.82619			6
2025.03.03	01:18:56.806	0.82617				2
2025.03.03	01:18:58.702		0.82620			4
2025.03.03	01:18:59.012	0.82618				2
2025.03.03	01:19:00.104	0.82618				2
2025.03.03	01:19:09.169	0.82617				2
2025.03.03	01:19:11.357	0.82618				2
2025.03.03	01:19:12.654	0.82617				2
2025.03.03	01:19:16.585	0.82618				2
2025.03.03	01:19:22.130		0.82619			4
2025.03.03	01:19:24.601	0.82619	0.82621			6
2025.03.03	01:19:24.909		0.82622			4
2025.03.03	01:19:28.133		0.82621			4
2025.03.03	01:19:28.446	0.82618	0.82620			6
2025.03.03	01:19:28.767	0.82619	0.82621			6
2025.03.03	01:19:29.091	0.82618				2
2025.03.03	01:19:30.000	0.82619	0.82620			6
2025.03.03	01:19:30.370		0.82621			4
2025.03.03	01:19:31.413		0.82620			4
2025.03.03	01:19:32.573		0.82621			4
2025.03.03	01:19:33.556		0.82620			4
2025.03.03	01:19:35.474	0.82618				2
2025.03.03	01:19:37.210	0.82619	0.82621			6
2025.03.03	01:19:40.208	0.82618	0.82620			6
2025.03.03	01:19:40.904	0.82617	0.82619			6
2025.03.03	01:19:41.206	0.82618	0.82620			6
2025.03.03	01:19:42.839	0.82617	0.82619			6
2025.03.03	01:19:43.585	0.82618				2
2025.03.03	01:19:43.895		0.82620			4
2025.03.03	01:19:45.537	0.82617	0.82619			6
2025.03.03	01:19:54.971	0.82618				2
2025.03.03	01:19:57.400		0.82620			4
2025.03.03	01:20:00.456	0.82618				2
2025.03.03	01:20:00.797		0.82619			4
2025.03.03	01:20:01.547	0.82617				2
2025.03.03	01:20:01.897	0.82619	0.82620			6
2025.03.03	01:20:03.978	0.82618				2
2025.03.03	01:20:04.555	0.82619				2
2025.03.03	01:20:05.444	0.82618				2
2025.03.03	01:20:08.018	0.82619				2
2025.03.03	01:20:10.141		0.82621			4
2025.03.03	01:20:20.274		0.82620			4
2025.03.03	01:20:27.547	0.82620	0.82621			6
2025.03.03	01:20:28.704	0.82619	0.82620			6
2025.03.03	01:20:29.007	0.82618	0.82619			6
2025.03.03	01:20:30.368	0.82620	0.82623			6
2025.03.03	01:20:30.688		0.82622			4
2025.03.03	01:20:31.662	0.82619				2
2025.03.03	01:20:31.999	0.82620				2
2025.03.03	01:20:32.346	0.82619	0.82621			6
2025.03.03	01:20:32.667	0.82620	0.82622			6
2025.03.03	01:20:33.135	0.82619	0.82621			6
2025.03.03	01:20:34.428		0.82620			4
2025.03.03	01:20:35.101	0.82618				2
2025.03.03	01:20:35.409	0.82617	0.82618			6
2025.03.03	01:20:38.725		0.82619			4
2025.03.03	01:20:41.488	0.82618				2
2025.03.03	01:20:45.410		0.82620			4
2025.03.03	01:20:45.817		0.82619			4
2025.03.03	01:20:47.034	0.82617	0.82618			6
2025.03.03	01:20:47.343	0.82618	0.82619			6
2025.03.03	01:20:48.530	0.82619	0.82620			6
2025.03.03	01:20:52.035	0.82618	0.82619			6
2025.03.03	01:20:52.634	0.82619	0.82620			6
2025.03.03	01:20:53.087	0.82618	0.82619			6
2025.03.03	01:21:00.398	0.82618				2
2025.03.03	01:21:01.594	0.82619	0.82621			6
2025.03.03	01:21:01.906		0.82620			4
2025.03.03	01:21:05.049	0.82620	0.82623			6
2025.03.03	01:21:08.093	0.82621				2
2025.03.03	01:21:09.219	0.82622	0.82625			6
2025.03.03	01:21:10.354		0.82626			4
2025.03.03	01:21:12.725	0.82625	0.82628			6
2025.03.03	01:21:13.070	0.82626	0.82630			6
2025.03.03	01:21:17.238	0.82627	0.82628			6
2025.03.03	01:21:17.592		0.82629			4
2025.03.03	01:21:17.942	0.82628	0.82630			6
2025.03.03	01:21:18.344	0.82629				2
2025.03.03	01:21:20.731	0.82627	0.82628			6
2025.03.03	01:21:22.870	0.82628	0.82629			6
2025.03.03	01:21:24.196	0.82627	0.82628			6
2025.03.03	01:21:25.265	0.82624	0.82626			6
2025.03.03	01:21:25.817		0.82625			4
2025.03.03	01:21:41.680	0.82626	0.82627			6
2025.03.03	01:21:41.987	0.82628	0.82629			6
2025.03.03	01:21:44.754	0.82629	0.82630			6
2025.03.03	01:21:45.421	0.82630	0.82631			6
2025.03.03	01:21:46.662	0.82629	0.82630			6
2025.03.03	01:21:48.007	0.82638	0.82639			6
2025.03.03	01:21:48.310	0.82637	0.82638			6
2025.03.03	01:21:48.636	0.82638	0.82639			6
2025.03.03	01:21:50.417	0.82639	0.82640			6
2025.03.03	01:21:51.148	0.82638	0.82639			6
2025.03.03	01:21:51.674	0.82639	0.82640			6
2025.03.03	01:21:52.044	0.82638	0.82639			6
2025.03.03	01:21:52.348	0.82639	0.82640			6
2025.03.03	01:21:53.136	0.82638	0.82639			6
2025.03.03	01:21:53.679	0.82639	0.82640			6
2025.03.03	01:21:55.146	0.82638	0.82639			6
2025.03.03	01:21:59.801	0.82639	0.82641			6
2025.03.03	01:22:00.108	0.82640	0.82642			6
2025.03.03	01:22:00.462	0.82644	0.82646			6
2025.03.03	01:22:00.766	0.82646	0.82648			6
2025.03.03	01:22:01.077		0.82647			4
2025.03.03	01:22:01.574	0.82645				2
2025.03.03	01:22:02.254	0.82646	0.82649			6
2025.03.03	01:22:02.567	0.82645	0.82648			6
2025.03.03	01:22:02.913	0.82646				2
2025.03.03	01:22:06.232	0.82645				2
2025.03.03	01:22:06.793	0.82646				2
2025.03.03	01:22:07.153	0.82645	0.82650			6
2025.03.03	01:22:07.508	0.82648				2
2025.03.03	01:22:07.824	0.82646	0.82649			6
2025.03.03	01:22:08.145	0.82648	0.82650			6
2025.03.03	01:22:08.451	0.82647				2
2025.03.03	01:22:10.812	0.82649				2
2025.03.03	01:22:11.128	0.82653	0.82657			6
2025.03.03	01:22:11.429	0.82656				2
2025.03.03	01:22:11.745	0.82657	0.82660			6
2025.03.03	01:22:12.049		0.82658			4
2025.03.03	01:22:13.366	0.82656	0.82657			6
2025.03.03	01:22:13.694	0.82658	0.82659			6
2025.03.03	01:22:13.994	0.82661	0.82662			6
2025.03.03	01:22:14.305	0.82659	0.82660			6
2025.03.03	01:22:15.064	0.82654	0.82655			6
2025.03.03	01:22:16.005	0.82653	0.82654			6
2025.03.03	01:22:17.004	0.82652	0.82653			6
2025.03.03	01:22:17.556	0.82651	0.82652			6
2025.03.03	01:22:17.863	0.82653	0.82655			6
2025.03.03	01:22:18.166	0.82647	0.82648			6
2025.03.03	01:22:18.485	0.82650	0.82651			6
2025.03.03	01:22:18.788	0.82658	0.82661			6
2025.03.03	01:22:19.428	0.82657	0.82660			6
2025.03.03	01:22:19.831		0.82658			4
2025.03.03	01:22:20.561	0.82655	0.82656			6
2025.03.03	01:22:20.873	0.82653	0.82657			6
2025.03.03	01:22:21.186	0.82652	0.82656			6
2025.03.03	01:22:21.505	0.82650	0.82651			6
2025.03.03	01:22:23.060	0.82649	0.82650			6
2025.03.03	01:22:25.246	0.82653	0.82654			6
2025.03.03	01:22:25.965	0.82652				2
2025.03.03	01:22:26.321	0.82648	0.82651			6
2025.03.03	01:22:26.684		0.82649			4
2025.03.03	01:22:27.026		0.82650			4
2025.03.03	01:22:27.447	0.82651	0.82652			6
2025.03.03	01:22:28.812	0.82648	0.82649			6
2025.03.03	01:22:30.496	0.82649	0.82650			6
2025.03.03	01:22:31.132	0.82648	0.82649			6
2025.03.03	01:22:31.767	0.82649	0.82650			6
2025.03.03	01:22:32.372	0.82650	0.82651			6
2025.03.03	01:22:33.803	0.82649	0.82650			6
2025.03.03	01:22:35.435	0.82648	0.82649			6
2025.03.03	01:22:35.746	0.82647				2
2025.03.03	01:22:36.804	0.82646	0.82648			6
2025.03.03	01:22:37.107	0.82647	0.82651			6
2025.03.03	01:22:38.315	0.82645	0.82647			6
2025.03.03	01:22:38.627	0.82644	0.82645			6
2025.03.03	01:22:39.644	0.82648	0.82649			6
2025.03.03	01:22:42.030	0.82649	0.82650			6
2025.03.03	01:22:42.604	0.82648	0.82649			6
2025.03.03	01:22:42.914	0.82649	0.82650			6
2025.03.03	01:22:50.005	0.82648	0.82649			6
2025.03.03	01:22:50.346	0.82649	0.82650			6
2025.03.03	01:22:50.966	0.82651	0.82652			6
2025.03.03	01:22:51.305	0.82650	0.82651			6
2025.03.03	01:22:52.519	0.82649	0.82650			6
2025.03.03	01:22:53.751	0.82650	0.82651			6
2025.03.03	01:22:56.563	0.82651	0.82652			6
2025.03.03	01:22:57.303	0.82650	0.82651			6
2025.03.03	01:22:57.929	0.82655	0.82656			6
2025.03.03	01:22:58.230	0.82658	0.82659			6
2025.03.03	01:22:59.839	0.82655	0.82656			6
2025.03.03	01:23:00.147	0.82655				2
2025.03.03	01:23:00.460	0.82656	0.82657			6
2025.03.03	01:23:02.452	0.82655	0.82656			6
2025.03.03	01:23:02.825	0.82658	0.82659			6
2025.03.03	01:23:05.026	0.82655	0.82657			6
2025.03.03	01:23:05.385	0.82657	0.82658			6
2025.03.03	01:23:05.718	0.82656	0.82657			6
2025.03.03	01:23:07.131	0.82657	0.82658			6
2025.03.03	01:23:07.438	0.82658	0.82659			6
2025.03.03	01:23:11.408	0.82661	0.82663			6
2025.03.03	01:23:11.727	0.82664	0.82667			6
2025.03.03	01:23:12.030	0.82665	0.82666			6
2025.03.03	01:23:12.345	0.82667	0.82668			6
2025.03.03	01:23:12.960	0.82668	0.82669			6
2025.03.03	01:23:13.265	0.82667	0.82668			6
2025.03.03	01:23:13.577	0.82666	0.82667			6
2025.03.03	01:23:16.702	0.82665	0.82666			6
2025.03.03	01:23:17.387	0.82667	0.82668			6
2025.03.03	01:23:17.922	0.82668	0.82669			6
2025.03.03	01:23:19.069	0.82669	0.82670			6
2025.03.03	01:23:19.381	0.82668	0.82669			6
2025.03.03	01:23:19.727	0.82666	0.82667			6
2025.03.03	01:23:20.043	0.82667	0.82668			6
2025.03.03	01:23:20.648	0.82666	0.82667			6
2025.03.03	01:23:22.847	0.82667	0.82668			6
2025.03.03	01:23:23.551	0.82665	0.82666			6
2025.03.03	01:23:23.856	0.82666	0.82667			6
2025.03.03	01:23:24.166	0.82664	0.82665			6
2025.03.03	01:23:32.677	0.82663	0.82664			6
2025.03.03	01:23:35.622	0.82662	0.82663			6
2025.03.03	01:23:35.925	0.82660	0.82661			6
2025.03.03	01:23:36.256	0.82662	0.82663			6
2025.03.03	01:23:36.982	0.82661	0.82662			6
2025.03.03	01:23:37.542	0.82662	0.82663			6
2025.03.03	01:23:38.312	0.82663	0.82664			6
2025.03.03	01:23:41.300	0.82662	0.82663			6
2025.03.03	01:23:42.653	0.82664	0.82665			6
2025.03.03	01:23:42.968	0.82663	0.82664			6
2025.03.03	01:23:43.788	0.82662	0.82663			6
2025.03.03	01:23:46.106	0.82660	0.82661			6
2025.03.03	01:23:50.965	0.82659	0.82660			6
2025.03.03	01:23:51.314	0.82658	0.82659			6
2025.03.03	01:23:51.661	0.82657	0.82658			6
2025.03.03	01:23:57.304	0.82659	0.82660			6
2025.03.03	01:23:58.414	0.82660	0.82661			6
2025.03.03	01:24:00.004	0.82660				2
2025.03.03	01:24:00.471	0.82661	0.82662			6
2025.03.03	01:24:00.775	0.82659	0.82661			6
2025.03.03	01:24:01.087		0.82660			4
2025.03.03	01:24:01.492	0.82658	0.82659			6
2025.03.03	01:24:02.451	0.82657	0.82658			6
2025.03.03	01:24:05.463	0.82658	0.82659			6
2025.03.03	01:24:10.085	0.82659	0.82660			6
2025.03.03	01:24:13.233	0.82658	0.82659			6
2025.03.03	01:24:13.844	0.82659	0.82660			6
2025.03.03	01:24:16.573	0.82658	0.82659			6
2025.03.03	01:24:18.665	0.82655	0.82656			6
2025.03.03	01:24:19.755	0.82654	0.82655			6
2025.03.03	01:24:24.514	0.82657	0.82658			6
2025.03.03	01:24:25.452	0.82656	0.82657			6
2025.03.03	01:24:25.777	0.82657	0.82658			6
2025.03.03	01:24:26.221	0.82655	0.82656			6
2025.03.03	01:24:28.260	0.82657	0.82658			6
2025.03.03	01:24:29.375	0.82656	0.82657			6
2025.03.03	01:24:29.686	0.82657	0.82658			6
2025.03.03	01:24:30.649	0.82658	0.82659			6
2025.03.03	01:24:36.347	0.82659	0.82660			6
2025.03.03	01:24:39.487	0.82655	0.82656			6
2025.03.03	01:24:42.674	0.82654	0.82655			6
2025.03.03	01:24:43.283	0.82655	0.82656			6
2025.03.03	01:24:43.980		0.82657			4
2025.03.03	01:24:45.501		0.82656			4
2025.03.03	01:24:46.616	0.82656	0.82657			6
2025.03.03	01:24:47.011	0.82655	0.82656			6
2025.03.03	01:24:48.422	0.82656	0.82657			6
2025.03.03	01:25:00.363	0.82656				2
2025.03.03	01:25:00.753	0.82655	0.82656			6
2025.03.03	01:25:19.632	0.82656	0.82657			6
2025.03.03	01:25:20.328	0.82655	0.82656			6
2025.03.03	01:25:24.943	0.82656	0.82657			6
2025.03.03	01:25:26.842	0.82657	0.82658			6
2025.03.03	01:25:39.822	0.82658	0.82659			6
2025.03.03	01:25:51.614	0.82657	0.82658			6
2025.03.03	01:25:52.225	0.82658	0.82659			6
2025.03.03	01:25:52.529	0.82657	0.82658			6
2025.03.03	01:25:53.004	0.82656	0.82657			6
2025.03.03	01:26:00.282	0.82657	0.82658			6
2025.03.03	01:26:09.303	0.82659	0.82660			6
2025.03.03	01:26:11.758	0.82656	0.82657			6
2025.03.03	01:26:12.067	0.82657	0.82658			6
2025.03.03	01:26:13.428	0.82658	0.82659			6
2025.03.03	01:26:14.051	0.82657	0.82658			6
2025.03.03	01:26:15.745	0.82656	0.82657			6
2025.03.03	01:26:18.703	0.82657	0.82658			6
2025.03.03	01:26:21.563	0.82656	0.82657			6
2025.03.03	01:26:21.868	0.82655	0.82656			6
2025.03.03	01:26:22.175	0.82654				2
2025.03.03	01:26:24.022		0.82655			4
2025.03.03	01:26:24.403	0.82655	0.82656			6
2025.03.03	01:26:27.913	0.82656	0.82657			6
2025.03.03	01:26:28.227	0.82655	0.82656			6
2025.03.03	01:26:32.420	0.82654				2
2025.03.03	01:26:34.133	0.82656	0.82657			6
2025.03.03	01:26:34.774	0.82655	0.82656			6
2025.03.03	01:26:35.141	0.82656	0.82657			6
2025.03.03	01:26:36.083	0.82657	0.82658			6
2025.03.03	01:26:37.601	0.82655	0.82656			6
2025.03.03	01:26:39.491	0.82657	0.82658			6
2025.03.03	01:26:45.934	0.82656	0.82657			6
2025.03.03	01:26:47.563	0.82655	0.82656			6
2025.03.03	01:26:47.902	0.82656	0.82657			6
2025.03.03	01:26:49.275	0.82657	0.82658			6
2025.03.03	01:26:56.139	0.82655	0.82656			6
2025.03.03	01:27:00.462	0.82655				2
2025.03.03	01:27:00.884	0.82654	0.82655			6
2025.03.03	01:27:01.502	0.82653	0.82654			6
2025.03.03	01:27:09.742	0.82654	0.82655			6
2025.03.03	01:27:19.112	0.82650	0.82651			6
2025.03.03	01:27:19.416	0.82649	0.82650			6
2025.03.03	01:27:21.096	0.82650	0.82651			6
2025.03.03	01:27:21.712	0.82649				2
2025.03.03	01:27:22.645	0.82652	0.82653			6
2025.03.03	01:27:22.946	0.82653	0.82654			6
2025.03.03	01:27:23.261	0.82652	0.82653			6
2025.03.03	01:27:23.565	0.82653	0.82654			6
2025.03.03	01:27:23.877	0.82650				2
2025.03.03	01:27:24.186	0.82654	0.82655			6
2025.03.03	01:27:26.362	0.82653	0.82654			6
2025.03.03	01:27:26.665	0.82651	0.82652			6
2025.03.03	01:27:28.787		0.82653			4
2025.03.03	01:27:29.977		0.82652			4
2025.03.03	01:27:31.512	0.82653	0.82654			6
2025.03.03	01:27:31.822	0.82654	0.82655			6
2025.03.03	01:27:33.313	0.82653	0.82654			6
2025.03.03	01:27:35.806	0.82652	0.82653			6
2025.03.03	01:27:37.728	0.82654	0.82655			6
2025.03.03	01:27:38.939	0.82653				2
2025.03.03	01:27:40.615	0.82654				2
2025.03.03	01:27:50.992	0.82652	0.82653			6
2025.03.03	01:27:54.343	0.82653	0.82654			6
2025.03.03	01:27:55.022	0.82654	0.82655			6
2025.03.03	01:28:00.491	0.82654				2
2025.03.03	01:28:22.123	0.82653	0.82654			6
2025.03.03	01:28:29.324	0.82652	0.82653			6
2025.03.03	01:28:31.723	0.82653	0.82654			6
2025.03.03	01:28:36.403		0.82655			4
2025.03.03	01:28:37.512	0.82651	0.82652			6
2025.03.03	01:28:37.905	0.82650				2
2025.03.03	01:28:38.231		0.82651			4
2025.03.03	01:28:39.133	0.82651	0.82652			6
2025.03.03	01:28:40.383	0.82652	0.82653			6
2025.03.03	01:28:40.802	0.82653	0.82654			6
2025.03.03	01:28:46.715	0.82651	0.82652			6
2025.03.03	01:28:56.930	0.82652	0.82653			6
2025.03.03	01:28:57.253	0.82653	0.82654			6
2025.03.03	01:28:57.949	0.82652	0.82653			6
2025.03.03	01:28:58.753	0.82651	0.82652			6
2025.03.03	01:28:59.073	0.82650				2
2025.03.03	01:28:59.893		0.82651			4
2025.03.03	01:29:00.498	0.82650				2
2025.03.03	01:29:03.104	0.82651	0.82652			6
2025.03.03	01:29:04.146	0.82650	0.82651			6
2025.03.03	01:29:05.777	0.82645	0.82646			6
2025.03.03	01:29:19.945	0.82646	0.82647			6
2025.03.03	01:29:23.804	0.82647	0.82648			6
2025.03.03	01:29:24.111	0.82646	0.82647			6
2025.03.03	01:29:24.527		0.82648			4
2025.03.03	01:29:24.834		0.82647			4
2025.03.03	01:29:26.930		0.82648			4
2025.03.03	01:29:27.242	0.82647				2
2025.03.03	01:29:27.559	0.82648	0.82649			6
2025.03.03	01:29:27.875	0.82647	0.82648			6
2025.03.03	01:29:28.211	0.82648	0.82649			6
2025.03.03	01:29:30.296		0.82650			4
2025.03.03	01:29:30.759	0.82649				2
2025.03.03	01:29:31.155	0.82648	0.82649			6
2025.03.03	01:29:34.222	0.82649	0.82650			6
2025.03.03	01:29:36.343	0.82650	0.82651			6
2025.03.03	01:29:41.746	0.82649	0.82650			6
2025.03.03	01:29:44.654	0.82650	0.82651			6
2025.03.03	01:29:44.965	0.82649				2
2025.03.03	01:29:49.187	0.82650				2
2025.03.03	01:29:49.510	0.82649	0.82650			6
2025.03.03	01:29:51.209	0.82650	0.82651			6
2025.03.03	01:29:57.136		0.82652			4
2025.03.03	01:29:58.001	0.82651				2
2025.03.03	01:30:00.213	0.82651				2
2025.03.03	01:30:02.109	0.82652	0.82653			6
2025.03.03	01:30:04.237	0.82651	0.82652			6
2025.03.03	01:30:06.580	0.82654	0.82655			6
2025.03.03	01:30:07.738	0.82655	0.82656			6
2025.03.03	01:30:10.009		0.82657			4
2025.03.03	01:30:10.326	0.82656				2
2025.03.03	01:30:12.350	0.82655	0.82656			6
2025.03.03	01:30:15.588	0.82656	0.82657			6
2025.03.03	01:30:15.909	0.82658	0.82659			6
2025.03.03	01:30:16.210	0.82659	0.82660			6
2025.03.03	01:30:16.518	0.82657	0.82658			6
2025.03.03	01:30:21.639	0.82656	0.82657			6
2025.03.03	01:30:21.983	0.82652	0.82653			6
2025.03.03	01:30:25.728	0.82650	0.82651			6
2025.03.03	01:30:26.041	0.82651	0.82652			6
2025.03.03	01:30:26.833	0.82650	0.82651			6
2025.03.03	01:30:27.148	0.82651	0.82652			6
2025.03.03	01:30:27.854	0.82650	0.82651			6
2025.03.03	01:30:28.743	0.82649	0.82650			6
2025.03.03	01:30:30.787	0.82648	0.82649			6
2025.03.03	01:30:34.044	0.82649	0.82650			6
2025.03.03	01:30:35.016	0.82650	0.82651			6
2025.03.03	01:30:35.660	0.82649	0.82650			6
2025.03.03	01:30:40.656	0.82650	0.82652			6
2025.03.03	01:30:40.963		0.82651			4
2025.03.03	01:30:42.471	0.82651	0.82653			6
2025.03.03	01:30:42.786	0.82653	0.82654			6
2025.03.03	01:30:43.126	0.82651	0.82652			6
2025.03.03	01:30:47.330	0.82656	0.82657			6
2025.03.03	01:30:50.342	0.82655	0.82656			6
2025.03.03	01:30:50.647	0.82654	0.82655			6
2025.03.03	01:30:50.952	0.82653	0.82654			6
2025.03.03	01:30:51.515	0.82654	0.82655			6
2025.03.03	01:30:55.679	0.82655	0.82656			6
2025.03.03	01:30:56.665	0.82653	0.82654			6
2025.03.03	01:31:00.166	0.82653				2
2025.03.03	01:31:00.479	0.82654	0.82655			6
2025.03.03	01:31:01.656	0.82655	0.82656			6
2025.03.03	01:31:05.350	0.82654	0.82655			6
2025.03.03	01:31:08.793	0.82655	0.82656			6
2025.03.03	01:31:18.345	0.82654	0.82655			6
2025.03.03	01:31:18.646	0.82655	0.82656			6
2025.03.03	01:31:30.693	0.82654	0.82655			6
2025.03.03	01:31:35.572	0.82653	0.82654			6
2025.03.03	01:31:37.763	0.82652	0.82653			6
2025.03.03	01:31:45.579	0.82651	0.82652			6
2025.03.03	01:31:45.884	0.82650	0.82651			6
2025.03.03	01:31:46.205		0.82652			4
2025.03.03	01:31:48.273	0.82651				2
2025.03.03	01:31:52.356	0.82650	0.82651			6
2025.03.03	01:31:53.352	0.82649	0.82650			6
2025.03.03	01:31:56.352	0.82648	0.82649			6
2025.03.03	01:32:00.303	0.82648				2
2025.03.03	01:32:01.051	0.82649	0.82650			6
2025.03.03	01:32:01.985	0.82650	0.82651			6
2025.03.03	01:32:05.262	0.82652	0.82653			6
2025.03.03	01:32:07.836	0.82654	0.82655			6
2025.03.03	01:32:08.507		0.82657			4
2025.03.03	01:32:08.815		0.82655			4
2025.03.03	01:32:11.659	0.82655	0.82656			6
2025.03.03	01:32:14.873	0.82654				2
2025.03.03	01:32:15.183	0.82655				2
2025.03.03	01:32:15.515	0.82654	0.82655			6
2025.03.03	01:32:17.032	0.82653	0.82654			6
2025.03.03	01:32:17.548	0.82652	0.82653			6
2025.03.03	01:32:19.400	0.82651	0.82652			6
2025.03.03	01:32:25.687	0.82656	0.82657			6
2025.03.03	01:32:26.020	0.82657	0.82658			6
2025.03.03	01:32:26.326	0.82655	0.82656			6
2025.03.03	01:32:27.972	0.82654	0.82655			6
2025.03.03	01:32:28.606		0.82656			4
2025.03.03	01:32:29.105	0.82655				2
2025.03.03	01:32:32.742	0.82657	0.82658			6
2025.03.03	01:32:39.051	0.82658	0.82659			6
2025.03.03	01:32:40.127	0.82659	0.82660			6
2025.03.03	01:32:44.640	0.82658	0.82659			6
2025.03.03	01:32:45.304	0.82657	0.82658			6
2025.03.03	01:32:51.153	0.82655	0.82656			6
2025.03.03	01:32:52.645	0.82657	0.82658			6
2025.03.03	01:32:52.966	0.82656	0.82657			6
2025.03.03	01:32:53.284	0.82657	0.82658			6
2025.03.03	01:32:53.919	0.82658	0.82659			6
2025.03.03	01:32:55.497	0.82657	0.82658			6
2025.03.03	01:32:59.206	0.82656	0.82657			6
2025.03.03	01:33:00.416	0.82657	0.82658			6
2025.03.03	01:33:04.097	0.82660	0.82661			6
2025.03.03	01:33:04.711	0.82661	0.82662			6
2025.03.03	01:33:05.203	0.82660				2
2025.03.03	01:33:07.097		0.82661			4
2025.03.03	01:33:08.096	0.82663	0.82664			6
2025.03.03	01:33:08.432	0.82664	0.82665			6
2025.03.03	01:33:08.753	0.82665	0.82666			6
2025.03.03	01:33:09.113	0.82664	0.82665			6
2025.03.03	01:33:11.583	0.82662	0.82664			6
2025.03.03	01:33:11.888	0.82663				2
2025.03.03	01:33:15.452	0.82664	0.82665			6
2025.03.03	01:33:17.203	0.82662	0.82663			6
2025.03.03	01:33:17.509	0.82663	0.82664			6
2025.03.03	01:33:17.835	0.82662	0.82663			6
2025.03.03	01:33:18.646	0.82661	0.82662			6
2025.03.03	01:33:20.724	0.82660	0.82661			6
2025.03.03	01:33:21.075	0.82659	0.82660			6
2025.03.03	01:33:25.459	0.82660	0.82661			6
2025.03.03	01:33:28.345	0.82659	0.82660			6
2025.03.03	01:33:30.628	0.82657	0.82658			6
2025.03.03	01:33:32.216	0.82656	0.82657			6
2025.03.03	01:33:33.166		0.82658			4
2025.03.03	01:33:33.537		0.82657			4
2025.03.03	01:33:33.864	0.82657	0.82658			6
2025.03.03	01:33:34.196	0.82656	0.82657			6
2025.03.03	01:33:36.855	0.82655	0.82656			6
2025.03.03	01:33:37.209	0.82656	0.82657			6
2025.03.03	01:33:41.755		0.82658			4
2025.03.03	01:33:42.566		0.82657			4
2025.03.03	01:33:43.381	0.82657	0.82658			6
2025.03.03	01:33:45.829	0.82658	0.82659			6
2025.03.03	01:33:49.890	0.82657				2
2025.03.03	01:33:50.984	0.82656	0.82657			6
2025.03.03	01:33:51.301	0.82653	0.82654			6
2025.03.03	01:33:51.645	0.82650	0.82651			6
2025.03.03	01:33:56.740	0.82654	0.82655			6
2025.03.03	01:34:00.334	0.82654				2
2025.03.03	01:34:00.992	0.82655	0.82656			6
2025.03.03	01:34:01.655	0.82654	0.82655			6
2025.03.03	01:34:01.972	0.82655	0.82656			6
2025.03.03	01:34:04.141	0.82654	0.82655			6
2025.03.03	01:34:04.657	0.82655	0.82656			6
2025.03.03	01:34:06.351	0.82656	0.82657			6
2025.03.03	01:34:06.669	0.82655	0.82656			6
2025.03.03	01:34:13.465	0.82653	0.82654			6
2025.03.03	01:34:16.674	0.82651	0.82652			6
2025.03.03	01:34:16.987	0.82652	0.82653			6
2025.03.03	01:34:17.333	0.82651	0.82652			6
2025.03.03	01:34:17.993	0.82650	0.82651			6
2025.03.03	01:34:18.353	0.82651	0.82652			6
2025.03.03	01:34:20.306	0.82650	0.82651			6
2025.03.03	01:34:31.986	0.82649	0.82650			6
2025.03.03	01:34:35.194	0.82648	0.82649			6
2025.03.03	01:34:36.013	0.82649	0.82650			6
2025.03.03	01:34:38.344	0.82651	0.82652			6
2025.03.03	01:34:43.800	0.82652	0.82653			6
2025.03.03	01:34:44.529	0.82653	0.82654			6
2025.03.03	01:34:45.102	0.82652	0.82653			6
2025.03.03	01:34:46.146		0.82654			4
2025.03.03	01:34:46.598	0.82654	0.82655			6
2025.03.03	01:34:58.703	0.82651	0.82652			6
2025.03.03	01:34:59.006	0.82650	0.82651			6
2025.03.03	01:35:00.355	0.82650				2
2025.03.03	01:35:11.632	0.82649	0.82650			6
2025.03.03	01:35:13.249	0.82648	0.82649			6
2025.03.03	01:35:14.364	0.82647	0.82648			6
2025.03.03	01:35:15.697	0.82648	0.82649			6
2025.03.03	01:35:16.119	0.82647	0.82648			6
2025.03.03	01:35:19.937	0.82648	0.82649			6
2025.03.03	01:35:20.324	0.82646	0.82648			6
2025.03.03	01:35:20.644	0.82648	0.82649			6
2025.03.03	01:35:21.422	0.82650	0.82651			6
2025.03.03	01:35:21.726	0.82649	0.82650			6
2025.03.03	01:35:22.040	0.82650	0.82651			6
2025.03.03	01:35:25.609	0.82653	0.82654			6
2025.03.03	01:35:26.336	0.82652	0.82653			6
2025.03.03	01:35:28.303	0.82651	0.82652			6
2025.03.03	01:35:45.708	0.82653	0.82654			6
2025.03.03	01:35:46.042	0.82652	0.82653			6
2025.03.03	01:35:47.601	0.82651	0.82652			6
2025.03.03	01:35:49.631	0.82650	0.82651			6
2025.03.03	01:35:50.315	0.82651	0.82652			6
2025.03.03	01:35:52.857	0.82650	0.82651			6
2025.03.03	01:35:54.044	0.82651	0.82652			6
2025.03.03	01:35:57.592	0.82650	0.82651			6
2025.03.03	01:35:59.775	0.82652	0.82653			6
2025.03.03	01:36:00.098	0.82652				2
2025.03.03	01:36:03.476	0.82653	0.82654			6
2025.03.03	01:36:03.796	0.82652	0.82653			6
2025.03.03	01:36:05.250	0.82651	0.82652			6
2025.03.03	01:36:06.336	0.82649	0.82651			6
2025.03.03	01:36:06.639	0.82650				2
2025.03.03	01:36:07.638	0.82651	0.82652			6
2025.03.03	01:36:08.672	0.82650	0.82651			6
2025.03.03	01:36:09.844	0.82649				2
2025.03.03	01:36:12.189		0.82650			4
2025.03.03	01:36:12.504	0.82648	0.82649			6
2025.03.03	01:36:19.326	0.82649	0.82650			6
2025.03.03	01:36:22.453	0.82650	0.82651			6
2025.03.03	01:36:22.777	0.82653	0.82654			6
2025.03.03	01:36:26.058	0.82651	0.82652			6
2025.03.03	01:36:26.367	0.82650	0.82651			6
2025.03.03	01:36:29.246		0.82652			4
2025.03.03	01:36:30.204	0.82652	0.82653			6
2025.03.03	01:36:33.783	0.82653	0.82655			6
2025.03.03	01:36:36.056	0.82654				2
2025.03.03	01:36:38.646	0.82653				2
2025.03.03	01:36:41.577	0.82654				2
2025.03.03	01:36:45.694	0.82653				2
2025.03.03	01:36:46.241		0.82654			4
2025.03.03	01:36:47.605	0.82654	0.82655			6
2025.03.03	01:36:48.777	0.82652	0.82653			6
2025.03.03	01:36:51.757	0.82651	0.82652			6
2025.03.03	01:36:55.919	0.82650	0.82651			6
2025.03.03	01:37:00.102	0.82650				2
2025.03.03	01:37:00.412	0.82651	0.82652			6
2025.03.03	01:37:01.153	0.82650	0.82651			6
2025.03.03	01:37:01.555	0.82649	0.82650			6
2025.03.03	01:37:02.489	0.82650	0.82651			6
2025.03.03	01:37:03.778	0.82651	0.82652			6
2025.03.03	01:37:05.979	0.82650	0.82651			6
2025.03.03	01:37:07.951	0.82649	0.82650			6
2025.03.03	01:37:08.701	0.82650	0.82651			6
2025.03.03	01:37:10.870	0.82653	0.82654			6
2025.03.03	01:37:14.426	0.82654	0.82655			6
2025.03.03	01:37:18.438	0.82655	0.82656			6
2025.03.03	01:37:25.752	0.82654	0.82655			6
2025.03.03	01:37:27.138		0.82656			4
2025.03.03	01:37:27.452		0.82655			4
2025.03.03	01:37:33.453	0.82655	0.82656			6
2025.03.03	01:37:33.756	0.82654	0.82655			6
2025.03.03	01:37:48.076	0.82653	0.82654			6
2025.03.03	01:37:50.019	0.82654	0.82655			6
2025.03.03	01:37:54.751	0.82653	0.82654			6
2025.03.03	01:37:55.066	0.82652	0.82653			6
2025.03.03	01:38:00.074	0.82652				2
2025.03.03	01:38:00.799	0.82651	0.82652			6
2025.03.03	01:38:08.953	0.82652	0.82653			6
2025.03.03	01:38:12.735	0.82653	0.82654			6
2025.03.03	01:38:15.980	0.82654	0.82655			6
2025.03.03	01:38:21.897	0.82653	0.82654			6
2025.03.03	01:38:37.265	0.82650	0.82651			6
2025.03.03	01:38:37.888	0.82651	0.82652			6
2025.03.03	01:38:38.198	0.82652	0.82653			6
2025.03.03	01:38:39.311	0.82651	0.82652			6
2025.03.03	01:38:39.627	0.82650	0.82651			6
2025.03.03	01:38:40.353	0.82648	0.82649			6
2025.03.03	01:38:40.695	0.82650	0.82651			6
2025.03.03	01:38:45.147	0.82653	0.82654			6
2025.03.03	01:38:55.570	0.82650	0.82651			6
2025.03.03	01:39:00.144	0.82650				2
2025.03.03	01:39:00.775	0.82651	0.82652			6
2025.03.03	01:39:05.794	0.82650	0.82651			6
2025.03.03	01:39:06.107	0.82651	0.82652			6
2025.03.03	01:39:09.149	0.82650	0.82653			6
2025.03.03	01:39:09.466	0.82652				2
2025.03.03	01:39:22.474	0.82651	0.82652			6
2025.03.03	01:39:22.919	0.82650	0.82651			6
2025.03.03	01:39:23.227	0.82651	0.82652			6
2025.03.03	01:39:23.552	0.82650	0.82651			6
2025.03.03	01:39:26.791	0.82651	0.82652			6
2025.03.03	01:39:30.664	0.82652	0.82653			6
2025.03.03	01:39:33.758	0.82651	0.82652			6
2025.03.03	01:39:34.872	0.82650	0.82651			6
2025.03.03	01:39:43.374	0.82649				2
2025.03.03	01:39:43.690	0.82651	0.82652			6
2025.03.03	01:39:44.462	0.82653	0.82654			6
2025.03.03	01:39:48.334	0.82654	0.82655			6
2025.03.03	01:40:00.153	0.82654				2
2025.03.03	01:40:00.648	0.82653				2
2025.03.03	01:40:01.018	0.82654				2
2025.03.03	01:40:03.831	0.82653	0.82654			6
2025.03.03	01:40:07.494	0.82654	0.82655			6
2025.03.03	01:40:10.862	0.82652	0.82653			6
2025.03.03	01:40:11.476	0.82654	0.82655			6
2025.03.03	01:40:13.420	0.82655	0.82656			6
2025.03.03	01:40:15.362	0.82654	0.82655			6
2025.03.03	01:40:17.809	0.82655	0.82656			6
2025.03.03	01:40:18.126	0.82656	0.82657			6
2025.03.03	01:40:21.051	0.82655	0.82656			6
2025.03.03	01:40:21.368	0.82654	0.82655			6
2025.03.03	01:40:21.680	0.82656	0.82657			6
2025.03.03	01:40:23.018	0.82655				2
2025.03.03	01:40:23.771		0.82656			4
2025.03.03	01:40:26.557	0.82656	0.82657			6
2025.03.03	01:40:27.306	0.82657	0.82658			6
2025.03.03	01:40:28.647	0.82656	0.82657			6
2025.03.03	01:40:31.018	0.82657	0.82658			6
2025.03.03	01:40:35.211	0.82656	0.82657			6
2025.03.03	01:40:41.133	0.82657	0.82658			6
2025.03.03	01:40:43.322	0.82656	0.82657			6
2025.03.03	01:40:55.383	0.82657	0.82659			6
2025.03.03	01:40:55.688		0.82658			4
2025.03.03	01:40:59.703	0.82656				2
2025.03.03	01:41:00.005	0.82656				2
2025.03.03	01:41:01.773	0.82657				2
2025.03.03	01:41:02.082	0.82658	0.82659			6
2025.03.03	01:41:02.455	0.82657				2
2025.03.03	01:41:02.935	0.82658				2
2025.03.03	01:41:16.192	0.82655	0.82656			6
2025.03.03	01:41:16.519	0.82656	0.82657			6
2025.03.03	01:41:16.931	0.82655	0.82656			6
2025.03.03	01:41:20.951	0.82654				2
2025.03.03	01:41:26.696		0.82655			4
2025.03.03	01:41:31.113	0.82653	0.82654			6
2025.03.03	01:41:40.528	0.82652	0.82653			6
2025.03.03	01:41:49.768	0.82651	0.82652			6
2025.03.03	01:42:00.332	0.82652	0.82653			6
2025.03.03	01:42:01.138	0.82653	0.82654			6
2025.03.03	01:42:10.663	0.82652	0.82653			6
2025.03.03	01:42:13.728	0.82653	0.82654			6
2025.03.03	01:42:14.917	0.82652	0.82653			6
2025.03.03	01:42:23.223	0.82654	0.82655			6
2025.03.03	01:42:23.575	0.82653	0.82654			6
2025.03.03	01:42:40.805	0.82652	0.82653			6
2025.03.03	01:42:41.156	0.82651	0.82652			6
2025.03.03	01:42:45.865	0.82652	0.82653			6
2025.03.03	01:42:50.179	0.82651	0.82652			6
2025.03.03	01:42:51.387	0.82650	0.82651			6
2025.03.03	01:42:51.890	0.82651	0.82652			6
2025.03.03	01:43:00.519	0.82651				2
2025.03.03	01:43:02.656	0.82652	0.82653			6
2025.03.03	01:43:05.383	0.82651	0.82652			6
2025.03.03	01:43:06.171	0.82650	0.82651			6
2025.03.03	01:43:13.737	0.82651	0.82652			6
2025.03.03	01:43:18.516	0.82650	0.82651			6
2025.03.03	01:43:20.168		0.82652			4
2025.03.03	01:43:20.514		0.82651			4
2025.03.03	01:43:22.333	0.82651	0.82652			6
2025.03.03	01:43:25.894	0.82652	0.82653			6
2025.03.03	01:43:26.206	0.82651	0.82652			6
2025.03.03	01:43:26.751	0.82650				2
2025.03.03	01:43:27.092		0.82651			4
2025.03.03	01:43:27.749	0.82651	0.82652			6
2025.03.03	01:43:28.066	0.82650	0.82651			6
2025.03.03	01:43:34.504	0.82649	0.82650			6
2025.03.03	01:43:36.532	0.82650	0.82651			6
2025.03.03	01:43:42.454	0.82651	0.82652			6
2025.03.03	01:43:43.216	0.82650	0.82651			6
2025.03.03	01:43:44.851	0.82649	0.82650			6
2025.03.03	01:43:47.905	0.82650	0.82651			6
2025.03.03	01:43:52.904	0.82649	0.82650			6
2025.03.03	01:43:55.106	0.82650	0.82651			6
2025.03.03	01:43:59.272	0.82649	0.82650			6
2025.03.03	01:44:00.049	0.82649				2
2025.03.03	01:44:00.489	0.82650	0.82651			6
2025.03.03	01:44:01.369	0.82651	0.82652			6
2025.03.03	01:44:02.445	0.82650	0.82651			6
2025.03.03	01:44:10.387	0.82649				2
2025.03.03	01:44:11.553	0.82651	0.82652			6
2025.03.03	01:44:13.464	0.82648	0.82649			6
2025.03.03	01:44:13.774	0.82649	0.82650			6
2025.03.03	01:44:14.248	0.82648	0.82649			6
2025.03.03	01:44:17.102	0.82647	0.82648			6
2025.03.03	01:44:18.927	0.82646				2
2025.03.03	01:44:19.270	0.82647				2
2025.03.03	01:44:28.286	0.82648	0.82649			6
2025.03.03	01:44:28.611	0.82647	0.82648			6
2025.03.03	01:44:35.748	0.82648	0.82649			6
2025.03.03	01:44:40.765	0.82647				2
2025.03.03	01:44:41.096	0.82648				2
2025.03.03	01:44:49.601	0.82647				2
2025.03.03	01:44:49.954	0.82648				2
2025.03.03	01:44:50.276	0.82647	0.82648			6
2025.03.03	01:45:00.380	0.82647				2
2025.03.03	01:45:01.613	0.82648	0.82649			6
2025.03.03	01:45:16.381	0.82649	0.82650			6
2025.03.03	01:45:19.611	0.82648	0.82649			6
2025.03.03	01:45:26.011	0.82649	0.82650			6
2025.03.03	01:45:31.567	0.82648	0.82649			6
2025.03.03	01:45:36.405	0.82647	0.82648			6
2025.03.03	01:45:36.706	0.82648	0.82649			6
2025.03.03	01:45:40.833	0.82647	0.82648			6
2025.03.03	01:45:45.070		0.82649			4
2025.03.03	01:45:45.655		0.82648			4
2025.03.03	01:45:47.942	0.82649	0.82650			6
2025.03.03	01:45:50.564	0.82648	0.82649			6
2025.03.03	01:45:55.888	0.82647	0.82648			6
2025.03.03	01:46:01.105	0.82647				2
2025.03.03	01:46:07.658	0.82648	0.82649			6
2025.03.03	01:46:34.710	0.82647				2
2025.03.03	01:47:00.611	0.82647				2
2025.03.03	01:47:02.958	0.82648				2
2025.03.03	01:47:08.032	0.82649	0.82650			6
2025.03.03	01:47:15.497	0.82647	0.82648			6
2025.03.03	01:47:16.133	0.82648	0.82649			6
2025.03.03	01:47:20.343	0.82647				2
2025.03.03	01:47:20.649	0.82648	0.82650			6
2025.03.03	01:47:21.740		0.82649			4
2025.03.03	01:47:22.253	0.82647				2
2025.03.03	01:47:22.570	0.82648				2
2025.03.03	01:47:27.551	0.82649	0.82650			6
2025.03.03	01:47:31.807	0.82650	0.82651			6
2025.03.03	01:47:33.148	0.82651	0.82652			6
2025.03.03	01:47:37.235		0.82654			4
2025.03.03	01:47:42.278	0.82653				2
2025.03.03	01:47:43.082	0.82654	0.82655			6
2025.03.03	01:47:45.732	0.82652	0.82656			6
2025.03.03	01:47:46.806	0.82655				2
2025.03.03	01:47:48.996	0.82654				2
2025.03.03	01:47:51.934		0.82655			4
2025.03.03	01:48:00.489	0.82654				2
2025.03.03	01:48:07.309	0.82653				2
2025.03.03	01:48:07.618		0.82654			4
2025.03.03	01:48:10.596	0.82654	0.82655			6
2025.03.03	01:48:11.786	0.82653	0.82654			6
2025.03.03	01:48:36.408		0.82655			4
2025.03.03	01:48:41.407	0.82652	0.82656			6
2025.03.03	01:48:42.581	0.82654	0.82655			6
2025.03.03	01:48:42.891	0.82653	0.82654			6
2025.03.03	01:48:54.763	0.82652	0.82653			6
2025.03.03	01:48:56.158		0.82654			4
2025.03.03	01:49:00.376	0.82653				2
2025.03.03	01:49:04.984		0.82655			4
2025.03.03	01:49:07.514		0.82654			4
2025.03.03	01:49:07.841		0.82655			4
2025.03.03	01:49:08.396		0.82654			4
2025.03.03	01:49:10.833		0.82655			4
2025.03.03	01:49:14.780		0.82654			4
2025.03.03	01:49:17.404		0.82655			4
2025.03.03	01:49:17.709		0.82654			4
2025.03.03	01:49:19.172		0.82655			4
2025.03.03	01:49:20.877		0.82654			4
2025.03.03	01:49:23.267	0.82652	0.82656			6
2025.03.03	01:49:24.093	0.82653				2
2025.03.03	01:49:33.034		0.82654			4
2025.03.03	01:49:39.304	0.82652	0.82655			6
2025.03.03	01:49:39.633	0.82653	0.82654			6
2025.03.03	01:49:40.377	0.82651	0.82656			6
2025.03.03	01:49:42.823	0.82653	0.82654			6
2025.03.03	01:49:44.603	0.82651	0.82656			6
2025.03.03	01:49:45.624	0.82653	0.82654			6
2025.03.03	01:49:46.292	0.82652	0.82653			6
2025.03.03	01:49:50.762	0.82650	0.82651			6
2025.03.03	01:49:51.066	0.82649				2
2025.03.03	01:49:51.513		0.82650			4
2025.03.03	01:49:51.864	0.82650	0.82651			6
2025.03.03	01:49:55.414	0.82649				2
2025.03.03	01:49:57.702		0.82650			4
2025.03.03	01:49:58.039	0.82650	0.82651			6
2025.03.03	01:50:00.190	0.82651	0.82652			6
2025.03.03	01:50:00.494	0.82650	0.82651			6
2025.03.03	01:50:02.053	0.82651	0.82652			6
2025.03.03	01:50:05.603	0.82650	0.82651			6
2025.03.03	01:50:05.927	0.82649	0.82650			6
2025.03.03	01:50:06.240	0.82648	0.82649			6
2025.03.03	01:50:10.607	0.82647				2
2025.03.03	01:50:26.015	0.82646	0.82647			6
2025.03.03	01:50:26.327	0.82647	0.82648			6
2025.03.03	01:50:27.108	0.82646				2
2025.03.03	01:50:30.442	0.82647				2
2025.03.03	01:50:34.772	0.82645	0.82646			6
2025.03.03	01:50:35.450	0.82646	0.82647			6
2025.03.03	01:50:44.396	0.82647	0.82648			6
2025.03.03	01:51:00.025	0.82647				2
2025.03.03	01:51:00.507	0.82648	0.82649			6
2025.03.03	01:51:00.847	0.82649	0.82650			6
2025.03.03	01:51:02.966	0.82650	0.82651			6
2025.03.03	01:51:03.275	0.82651	0.82652			6
2025.03.03	01:51:03.906	0.82652	0.82655			6
2025.03.03	01:51:04.955		0.82654			4
2025.03.03	01:51:05.265		0.82655			4
2025.03.03	01:51:05.587	0.82650	0.82656			6
2025.03.03	01:51:05.905	0.82656	0.82657			6
2025.03.03	01:51:06.599	0.82658	0.82659			6
2025.03.03	01:51:07.903	0.82659	0.82660			6
2025.03.03	01:51:08.207	0.82658	0.82659			6
2025.03.03	01:51:09.708	0.82655	0.82658			6
2025.03.03	01:51:10.025	0.82656				2
2025.03.03	01:51:14.012	0.82653	0.82654			6
2025.03.03	01:51:14.676	0.82652	0.82653			6
2025.03.03	01:51:16.543	0.82655	0.82656			6
2025.03.03	01:51:16.882	0.82657	0.82658			6
2025.03.03	01:51:19.505	0.82658	0.82659			6
2025.03.03	01:51:20.841	0.82656	0.82657			6
2025.03.03	01:51:21.142	0.82657	0.82658			6
2025.03.03	01:51:47.234	0.82656	0.82657			6
2025.03.03	01:51:51.783	0.82657	0.82658			6
2025.03.03	01:51:52.094	0.82656				2
2025.03.03	01:51:52.721	0.82657				2
2025.03.03	01:51:55.203	0.82656	0.82657			6
2025.03.03	01:51:56.630	0.82657	0.82658			6
2025.03.03	01:52:00.201	0.82657				2
2025.03.03	01:52:01.673	0.82656	0.82657			6
2025.03.03	01:52:03.165	0.82657	0.82658			6
2025.03.03	01:52:06.398	0.82655	0.82656			6
2025.03.03	01:52:06.707	0.82654				2
2025.03.03	01:52:07.561	0.82655				2
2025.03.03	01:52:10.890	0.82654				2
2025.03.03	01:52:11.213	0.82655				2
2025.03.03	01:52:22.008	0.82656	0.82657			6
2025.03.03	01:52:24.562	0.82657	0.82658			6
2025.03.03	01:52:47.811	0.82656	0.82657			6
2025.03.03	01:52:56.284	0.82657	0.82658			6
2025.03.03	01:53:00.096	0.82657				2
2025.03.03	01:53:12.019	0.82656	0.82657			6
2025.03.03	01:53:18.441	0.82655	0.82656			6
2025.03.03	01:53:18.743	0.82657	0.82658			6
2025.03.03	01:53:20.350	0.82656	0.82657			6
2025.03.03	01:53:33.409	0.82655	0.82656			6
2025.03.03	01:53:36.528	0.82657	0.82658			6
2025.03.03	01:53:51.554	0.82656	0.82657			6
2025.03.03	01:54:00.467	0.82656				2
2025.03.03	01:54:00.769		0.82658			4
2025.03.03	01:54:01.108		0.82657			4
2025.03.03	01:54:03.349	0.82657	0.82658			6
2025.03.03	01:54:07.662	0.82644	0.82645			6
2025.03.03	01:54:10.103	0.82641	0.82642			6
2025.03.03	01:54:10.406	0.82638	0.82639			6
2025.03.03	01:54:13.674	0.82637	0.82638			6
2025.03.03	01:54:28.625	0.82640	0.82641			6
2025.03.03	01:54:29.263	0.82641	0.82642			6
2025.03.03	01:54:37.136	0.82640	0.82641			6
2025.03.03	01:54:38.987	0.82641	0.82642			6
2025.03.03	01:54:39.402	0.82640	0.82641			6
2025.03.03	01:54:42.561	0.82636	0.82637			6
2025.03.03	01:54:42.869	0.82635	0.82636			6
2025.03.03	01:54:46.458	0.82628	0.82629			6
2025.03.03	01:54:47.332	0.82629	0.82630			6
2025.03.03	01:54:53.856	0.82627	0.82628			6
2025.03.03	01:54:57.553	0.82628	0.82629			6
2025.03.03	01:54:57.876	0.82627	0.82628			6
2025.03.03	01:55:00.104	0.82627				2
2025.03.03	01:55:00.953	0.82628	0.82629			6
2025.03.03	01:55:16.666	0.82627	0.82628			6
2025.03.03	01:55:18.084	0.82622	0.82623			6
2025.03.03	01:55:19.538	0.82623	0.82624			6
2025.03.03	01:55:21.679	0.82622	0.82623			6
2025.03.03	01:55:23.403	0.82621	0.82622			6
2025.03.03	01:55:27.382	0.82623	0.82624			6
2025.03.03	01:55:31.532	0.82624	0.82625			6
2025.03.03	01:55:32.344	0.82623	0.82624			6
2025.03.03	01:55:36.578	0.82622	0.82623			6
2025.03.03	01:55:36.888	0.82623	0.82624			6
