<DATE>	<TIME>	<BID>	<ASK>	<LAST>	<VOLUME>	<FLAGS>
2025.01.17	00:00:00.081	0.84121	0.84188			6
2025.01.17	00:00:00.381	0.84102	0.84181			6
2025.01.17	00:00:27.968		0.84183			4
2025.01.17	00:00:30.695	0.84091	0.84190			6
2025.01.17	00:01:01.448	0.84091	0.84192			6
2025.01.17	00:02:00.400	0.84091				2
2025.01.17	00:02:01.443	0.84094	0.84193			6
2025.01.17	00:03:20.381	0.84094	0.84193			6
2025.01.17	00:04:20.373	0.84094				2
2025.01.17	00:04:21.455		0.84193			4
2025.01.17	00:04:24.976	0.84093	0.84212			6
2025.01.17	00:05:06.224	0.84093	0.84204			6
2025.01.17	00:05:10.368		0.84202			4
2025.01.17	00:05:11.307		0.84200			4
2025.01.17	00:05:15.028		0.84197			4
2025.01.17	00:05:16.356		0.84193			4
2025.01.17	00:05:16.791		0.84194			4
2025.01.17	00:05:18.358		0.84193			4
2025.01.17	00:05:24.358		0.84194			4
2025.01.17	00:05:24.972		0.84195			4
2025.01.17	00:05:26.360		0.84196			4
2025.01.17	00:05:29.745		0.84194			4
2025.01.17	00:05:30.321		0.84195			4
2025.01.17	00:05:31.804		0.84193			4
2025.01.17	00:05:32.373		0.84204			4
2025.01.17	00:05:35.157		0.84205			4
2025.01.17	00:05:36.686		0.84206			4
2025.01.17	00:05:38.229		0.84195			4
2025.01.17	00:05:39.958		0.84192			4
2025.01.17	00:05:40.327		0.84210			4
2025.01.17	00:05:42.175		0.84201			4
2025.01.17	00:05:44.356		0.84200			4
2025.01.17	00:05:45.114		0.84202			4
2025.01.17	00:05:49.528		0.84203			4
2025.01.17	00:05:50.359		0.84202			4
2025.01.17	00:05:52.007		0.84200			4
2025.01.17	00:05:54.193		0.84202			4
2025.01.17	00:05:55.745		0.84203			4
2025.01.17	00:06:00.749	0.84093	0.84201			6
2025.01.17	00:06:02.395		0.84213			4
2025.01.17	00:06:03.395		0.84204			4
2025.01.17	00:06:03.898		0.84202			4
2025.01.17	00:06:04.313		0.84200			4
2025.01.17	00:06:05.995		0.84201			4
2025.01.17	00:06:07.267		0.84202			4
2025.01.17	00:06:24.364		0.84201			4
2025.01.17	00:06:29.948		0.84202			4
2025.01.17	00:06:33.412		0.84201			4
2025.01.17	00:06:39.540		0.84202			4
2025.01.17	00:06:40.042		0.84201			4
2025.01.17	00:06:40.397		0.84202			4
2025.01.17	00:06:41.046		0.84204			4
2025.01.17	00:06:42.354		0.84206			4
2025.01.17	00:06:50.768		0.84204			4
2025.01.17	00:06:52.351		0.84201			4
2025.01.17	00:07:01.426	0.84093				2
2025.01.17	00:07:03.903		0.84199			4
2025.01.17	00:07:16.367		0.84209			4
2025.01.17	00:07:18.796	0.84096				2
2025.01.17	00:07:57.137	0.84093				2
2025.01.17	00:08:01.435	0.84093				2
2025.01.17	00:08:04.980	0.84092				2
2025.01.17	00:08:16.356	0.84096				2
2025.01.17	00:08:26.350		0.84209			4
2025.01.17	00:08:27.433	0.84092				2
2025.01.17	00:09:04.065	0.84092				2
2025.01.17	00:09:27.432		0.84209			4
2025.01.17	00:10:00.400	0.84128				2
2025.01.17	00:10:11.555	0.84125	0.84197			6
2025.01.17	00:10:23.666	0.84126	0.84198			6
2025.01.17	00:10:31.243	0.84125	0.84196			6
2025.01.17	00:10:31.547	0.84129	0.84197			6
2025.01.17	00:10:31.847	0.84128	0.84195			6
2025.01.17	00:10:32.453		0.84197			4
2025.01.17	00:10:33.966	0.84129	0.84199			6
2025.01.17	00:10:36.085		0.84201			4
2025.01.17	00:10:36.385	0.84128	0.84200			6
2025.01.17	00:10:40.927		0.84191			4
2025.01.17	00:10:41.833	0.84129	0.84197			6
2025.01.17	00:10:42.441		0.84195			4
2025.01.17	00:10:43.046	0.84130	0.84196			6
2025.01.17	00:10:43.346	0.84129	0.84192			6
2025.01.17	00:10:43.953	0.84131	0.84193			6
2025.01.17	00:10:45.161		0.84192			4
2025.01.17	00:10:45.768	0.84132				2
2025.01.17	00:10:46.070	0.84130	0.84191			6
2025.01.17	00:10:46.370	0.84128				2
2025.01.17	00:10:46.676	0.84129				2
2025.01.17	00:10:47.581		0.84193			4
2025.01.17	00:10:49.095	0.84131	0.84191			6
2025.01.17	00:10:50.911		0.84192			4
2025.01.17	00:10:51.215		0.84194			4
2025.01.17	00:10:51.520		0.84195			4
2025.01.17	00:10:51.822		0.84193			4
2025.01.17	00:10:53.640		0.84195			4
2025.01.17	00:10:55.761	0.84130	0.84193			6
2025.01.17	00:10:56.367		0.84195			4
2025.01.17	00:10:56.672		0.84197			4
2025.01.17	00:10:57.582	0.84131				2
2025.01.17	00:10:57.886		0.84193			4
2025.01.17	00:10:59.096	0.84130				2
2025.01.17	00:10:59.399		0.84191			4
2025.01.17	00:11:00.006	0.84130				2
2025.01.17	00:11:00.307	0.84134	0.84209			6
2025.01.17	00:11:00.616	0.84130	0.84191			6
2025.01.17	00:11:01.540	0.84134	0.84209			6
2025.01.17	00:11:02.583	0.84135				2
2025.01.17	00:11:03.376	0.84134				2
2025.01.17	00:11:05.512	0.84130	0.84190			6
2025.01.17	00:11:05.815	0.84129	0.84189			6
2025.01.17	00:11:06.421	0.84134	0.84209			6
2025.01.17	00:11:06.957	0.84136				2
2025.01.17	00:11:10.459	0.84133	0.84193			6
2025.01.17	00:11:11.365	0.84136	0.84209			6
2025.01.17	00:11:28.427	0.84137				2
2025.01.17	00:11:42.043	0.84136				2
2025.01.17	00:11:55.451	0.84134				2
2025.01.17	00:12:00.396	0.84134				2
2025.01.17	00:12:09.199	0.84136				2
2025.01.17	00:12:09.697	0.84135				2
2025.01.17	00:12:11.378	0.84136	0.84209			6
2025.01.17	00:12:12.386	0.84137				2
2025.01.17	00:12:24.940	0.84135				2
2025.01.17	00:12:25.631	0.84141				2
2025.01.17	00:12:27.309	0.84142				2
2025.01.17	00:12:28.353	0.84138				2
2025.01.17	00:12:33.049	0.84137				2
2025.01.17	00:12:38.068	0.84141				2
2025.01.17	00:12:38.380	0.84140				2
2025.01.17	00:12:38.805	0.84137				2
2025.01.17	00:12:39.679	0.84138				2
2025.01.17	00:12:40.604	0.84139				2
2025.01.17	00:12:41.362	0.84138				2
2025.01.17	00:12:42.780	0.84139				2
2025.01.17	00:12:43.082	0.84136				2
2025.01.17	00:12:43.464	0.84137				2
2025.01.17	00:12:43.769	0.84138				2
2025.01.17	00:12:44.468	0.84139				2
2025.01.17	00:12:44.789	0.84137				2
2025.01.17	00:12:45.594	0.84140				2
2025.01.17	00:12:46.206	0.84139				2
2025.01.17	00:12:46.749	0.84136				2
2025.01.17	00:12:47.839	0.84133				2
2025.01.17	00:12:49.172	0.84132				2
2025.01.17	00:12:52.027	0.84130				2
2025.01.17	00:12:52.375	0.84132				2
2025.01.17	00:13:00.304	0.84132				2
2025.01.17	00:13:14.018		0.84209			4
2025.01.17	00:13:38.771	0.84133				2
2025.01.17	00:13:48.244	0.84132				2
2025.01.17	00:13:48.574	0.84133				2
2025.01.17	00:13:50.691	0.84134				2
2025.01.17	00:13:53.355	0.84133				2
2025.01.17	00:14:00.376	0.84133				2
2025.01.17	00:14:01.433		0.84208			4
2025.01.17	00:14:56.357	0.84136				2
2025.01.17	00:14:56.969	0.84132				2
2025.01.17	00:14:57.563	0.84135				2
2025.01.17	00:14:58.027	0.84133				2
2025.01.17	00:14:58.748	0.84132				2
2025.01.17	00:15:00.565	0.84132				2
2025.01.17	00:15:01.116	0.84135				2
2025.01.17	00:15:01.784	0.84134	0.84208			6
2025.01.17	00:15:02.241	0.84135				2
2025.01.17	00:15:02.938	0.84134				2
2025.01.17	00:15:04.444	0.84133				2
2025.01.17	00:15:05.177	0.84134				2
2025.01.17	00:15:05.609	0.84133				2
2025.01.17	00:15:06.352	0.84134				2
2025.01.17	00:15:06.675	0.84133				2
2025.01.17	00:15:07.709	0.84134				2
2025.01.17	00:15:09.408	0.84133				2
2025.01.17	00:15:10.029	0.84134				2
2025.01.17	00:15:13.547	0.84133				2
2025.01.17	00:15:15.079	0.84134				2
2025.01.17	00:15:16.090	0.84133				2
2025.01.17	00:15:17.158	0.84134				2
2025.01.17	00:15:17.680	0.84133				2
2025.01.17	00:15:18.166	0.84134				2
2025.01.17	00:15:18.627	0.84133				2
2025.01.17	00:15:19.702	0.84132				2
2025.01.17	00:15:20.510	0.84133				2
2025.01.17	00:15:20.869	0.84132				2
2025.01.17	00:15:21.555	0.84131				2
2025.01.17	00:15:22.357	0.84132				2
2025.01.17	00:15:23.599	0.84133				2
2025.01.17	00:15:23.901	0.84132				2
2025.01.17	00:15:24.350	0.84134				2
2025.01.17	00:15:24.940	0.84133				2
2025.01.17	00:15:26.087	0.84134				2
2025.01.17	00:15:26.667	0.84133				2
2025.01.17	00:15:27.180	0.84134				2
2025.01.17	00:15:27.670	0.84132				2
2025.01.17	00:15:27.996	0.84133				2
2025.01.17	00:15:28.405	0.84134				2
2025.01.17	00:15:29.442	0.84132				2
2025.01.17	00:15:29.746	0.84133				2
2025.01.17	00:15:30.416	0.84132				2
2025.01.17	00:15:32.318	0.84133				2
2025.01.17	00:15:32.874	0.84132				2
2025.01.17	00:15:33.245	0.84133				2
2025.01.17	00:15:34.331	0.84134				2
2025.01.17	00:15:34.769	0.84133				2
2025.01.17	00:15:35.725	0.84132				2
2025.01.17	00:15:36.051	0.84133				2
2025.01.17	00:15:38.009	0.84130				2
2025.01.17	00:15:38.497	0.84131				2
2025.01.17	00:15:39.009	0.84130				2
2025.01.17	00:15:39.473	0.84131				2
2025.01.17	00:15:39.939	0.84129				2
2025.01.17	00:15:41.602	0.84130				2
2025.01.17	00:15:50.169	0.84131				2
2025.01.17	00:15:50.620	0.84130				2
2025.01.17	00:15:50.921	0.84131				2
2025.01.17	00:15:52.415	0.84130				2
2025.01.17	00:15:53.358	0.84131				2
2025.01.17	00:15:54.296	0.84132				2
2025.01.17	00:15:56.782	0.84131				2
2025.01.17	00:15:57.186	0.84132				2
2025.01.17	00:15:57.647	0.84133				2
2025.01.17	00:15:58.004	0.84131				2
2025.01.17	00:15:58.390	0.84133				2
2025.01.17	00:15:58.730	0.84132				2
2025.01.17	00:15:59.164	0.84133				2
2025.01.17	00:15:59.976	0.84134				2
2025.01.17	00:16:00.445	0.84135				2
2025.01.17	00:16:01.527	0.84137				2
2025.01.17	00:16:02.196	0.84136	0.84208			6
2025.01.17	00:16:03.296	0.84138				2
2025.01.17	00:16:03.684	0.84140				2
2025.01.17	00:16:05.470	0.84139				2
2025.01.17	00:16:05.961	0.84140				2
2025.01.17	00:16:06.578	0.84139				2
2025.01.17	00:16:07.090	0.84142				2
2025.01.17	00:16:07.795	0.84140				2
2025.01.17	00:16:08.219	0.84142				2
2025.01.17	00:16:08.523	0.84141				2
2025.01.17	00:16:10.578	0.84139				2
2025.01.17	00:16:11.314	0.84140				2
2025.01.17	00:16:11.640	0.84139				2
2025.01.17	00:16:11.947	0.84140				2
2025.01.17	00:16:12.538	0.84141				2
2025.01.17	00:16:13.249	0.84139				2
2025.01.17	00:16:13.768	0.84140				2
2025.01.17	00:16:17.544	0.84139				2
2025.01.17	00:16:18.132	0.84141				2
2025.01.17	00:16:18.773	0.84142				2
2025.01.17	00:16:19.126	0.84141				2
2025.01.17	00:16:22.176	0.84140				2
2025.01.17	00:16:22.673	0.84141				2
2025.01.17	00:16:23.172	0.84140				2
2025.01.17	00:16:23.682	0.84141				2
2025.01.17	00:16:25.180	0.84142				2
2025.01.17	00:16:25.922	0.84140				2
2025.01.17	00:16:26.915	0.84141				2
2025.01.17	00:16:27.424	0.84144				2
2025.01.17	00:16:28.052	0.84140				2
2025.01.17	00:16:28.634	0.84141				2
2025.01.17	00:16:29.630	0.84142				2
2025.01.17	00:16:30.125	0.84141				2
2025.01.17	00:16:30.514	0.84140				2
2025.01.17	00:16:31.310	0.84141				2
2025.01.17	00:16:32.278	0.84140				2
2025.01.17	00:16:32.581	0.84141				2
2025.01.17	00:16:38.496	0.84140				2
2025.01.17	00:16:38.990	0.84142				2
2025.01.17	00:16:39.641	0.84143				2
2025.01.17	00:16:39.941	0.84142				2
2025.01.17	00:16:40.399	0.84141				2
2025.01.17	00:16:41.138	0.84142				2
2025.01.17	00:16:42.529	0.84141				2
2025.01.17	00:16:42.961	0.84142				2
2025.01.17	00:16:48.845	0.84141				2
2025.01.17	00:16:56.893	0.84140				2
2025.01.17	00:16:57.956	0.84141				2
2025.01.17	00:17:00.102	0.84136				2
2025.01.17	00:17:01.183	0.84137				2
2025.01.17	00:17:01.537	0.84136				2
2025.01.17	00:17:01.839	0.84137				2
2025.01.17	00:17:02.167	0.84136				2
2025.01.17	00:17:02.645	0.84137	0.84208			6
2025.01.17	00:17:03.548	0.84136				2
2025.01.17	00:17:04.747	0.84137				2
2025.01.17	00:17:06.455	0.84136				2
2025.01.17	00:17:07.462	0.84137				2
2025.01.17	00:17:08.075	0.84138				2
2025.01.17	00:17:08.610	0.84137				2
2025.01.17	00:17:09.041	0.84136				2
2025.01.17	00:17:09.508	0.84137				2
2025.01.17	00:17:10.230	0.84136				2
2025.01.17	00:17:10.944	0.84138				2
2025.01.17	00:17:11.339	0.84136				2
2025.01.17	00:17:11.822	0.84137				2
2025.01.17	00:17:14.472	0.84136				2
2025.01.17	00:17:14.793	0.84137				2
2025.01.17	00:17:15.395	0.84136				2
2025.01.17	00:17:16.169	0.84137				2
2025.01.17	00:17:17.315	0.84136				2
2025.01.17	00:17:17.807	0.84138				2
2025.01.17	00:17:18.136	0.84137				2
2025.01.17	00:17:19.223	0.84136				2
2025.01.17	00:17:20.051	0.84137				2
2025.01.17	00:17:20.533	0.84136				2
2025.01.17	00:17:21.685	0.84137				2
2025.01.17	00:17:24.382	0.84138				2
2025.01.17	00:17:25.381	0.84136				2
2025.01.17	00:17:25.752	0.84138				2
2025.01.17	00:17:26.487	0.84137				2
2025.01.17	00:17:28.543	0.84138				2
2025.01.17	00:17:29.019	0.84137				2
2025.01.17	00:17:31.373	0.84136				2
2025.01.17	00:17:31.968	0.84137				2
2025.01.17	00:17:33.071	0.84136				2
2025.01.17	00:17:33.481	0.84137				2
2025.01.17	00:17:33.879	0.84136				2
2025.01.17	00:17:35.249	0.84137				2
2025.01.17	00:17:35.918	0.84136				2
2025.01.17	00:17:36.683	0.84135				2
2025.01.17	00:17:37.062	0.84133				2
2025.01.17	00:17:38.428	0.84134				2
2025.01.17	00:17:39.591	0.84135				2
2025.01.17	00:17:41.046	0.84136				2
2025.01.17	00:17:46.044	0.84134				2
2025.01.17	00:17:46.752	0.84136				2
2025.01.17	00:17:47.191	0.84137				2
2025.01.17	00:17:47.570	0.84136				2
2025.01.17	00:17:48.072	0.84134				2
2025.01.17	00:17:48.468	0.84135				2
2025.01.17	00:17:48.798	0.84133				2
2025.01.17	00:17:50.727	0.84132				2
2025.01.17	00:17:51.076	0.84133				2
2025.01.17	00:17:52.109	0.84134				2
2025.01.17	00:17:52.627	0.84133				2
2025.01.17	00:17:54.823	0.84134				2
2025.01.17	00:17:55.375	0.84133				2
2025.01.17	00:17:56.113	0.84134				2
2025.01.17	00:17:57.398	0.84135				2
2025.01.17	00:17:57.740	0.84134				2
2025.01.17	00:17:58.884	0.84133				2
2025.01.17	00:18:00.323	0.84134				2
2025.01.17	00:18:01.908	0.84133				2
2025.01.17	00:18:02.415	0.84134				2
2025.01.17	00:18:02.735	0.84133	0.84208			6
2025.01.17	00:18:03.680	0.84134				2
2025.01.17	00:18:05.295	0.84135				2
2025.01.17	00:18:06.181	0.84134				2
2025.01.17	00:18:07.713	0.84135				2
2025.01.17	00:18:09.128	0.84134				2
2025.01.17	00:18:09.989	0.84136				2
2025.01.17	00:18:10.309	0.84135				2
2025.01.17	00:18:10.794	0.84134				2
2025.01.17	00:18:11.239	0.84135				2
2025.01.17	00:18:11.889	0.84134				2
2025.01.17	00:18:12.392	0.84135				2
2025.01.17	00:18:12.894	0.84134				2
2025.01.17	00:18:13.354	0.84135				2
2025.01.17	00:18:13.698	0.84136				2
2025.01.17	00:18:14.061	0.84135				2
2025.01.17	00:18:18.646	0.84134				2
2025.01.17	00:18:19.492	0.84135				2
2025.01.17	00:18:19.871	0.84134				2
2025.01.17	00:18:20.358	0.84136				2
2025.01.17	00:18:22.139	0.84135				2
2025.01.17	00:18:22.569	0.84136				2
2025.01.17	00:18:41.046	0.84135				2
2025.01.17	00:18:48.080	0.84136				2
2025.01.17	00:18:52.830	0.84137				2
2025.01.17	00:18:55.748	0.84136				2
2025.01.17	00:18:58.144	0.84137				2
2025.01.17	00:19:00.399	0.84137				2
2025.01.17	00:19:02.927	0.84139	0.84208			6
2025.01.17	00:19:15.543	0.84138				2
2025.01.17	00:19:16.548	0.84139				2
2025.01.17	00:19:20.532	0.84135				2
2025.01.17	00:19:21.174	0.84136				2
2025.01.17	00:19:21.529	0.84138				2
2025.01.17	00:19:22.962	0.84140				2
2025.01.17	00:19:23.530	0.84139				2
2025.01.17	00:19:25.536	0.84134				2
2025.01.17	00:19:31.941	0.84135				2
2025.01.17	00:19:35.331	0.84134				2
2025.01.17	00:19:37.145	0.84135				2
2025.01.17	00:19:38.973	0.84137				2
2025.01.17	00:19:40.006	0.84136				2
2025.01.17	00:19:40.439	0.84135				2
2025.01.17	00:19:41.467	0.84136				2
2025.01.17	00:19:41.967	0.84137				2
2025.01.17	00:19:42.301	0.84140				2
2025.01.17	00:19:42.606	0.84138				2
2025.01.17	00:19:42.949	0.84139				2
2025.01.17	00:19:45.415	0.84138				2
2025.01.17	00:19:45.953	0.84139				2
2025.01.17	00:19:47.945	0.84138				2
2025.01.17	00:19:50.397	0.84139				2
2025.01.17	00:19:51.149	0.84137				2
2025.01.17	00:19:52.114	0.84140				2
2025.01.17	00:19:52.983	0.84142				2
2025.01.17	00:19:53.621	0.84141				2
2025.01.17	00:19:53.989	0.84138				2
2025.01.17	00:19:56.291	0.84136				2
2025.01.17	00:19:57.520	0.84137				2
2025.01.17	00:19:58.186	0.84136				2
2025.01.17	00:19:58.527	0.84137				2
2025.01.17	00:20:02.387	0.84136				2
2025.01.17	00:20:03.398	0.84137	0.84208			6
2025.01.17	00:20:04.232	0.84139				2
2025.01.17	00:20:05.381	0.84138				2
2025.01.17	00:20:05.903	0.84140				2
2025.01.17	00:20:06.291	0.84141				2
2025.01.17	00:20:06.659	0.84139				2
2025.01.17	00:20:07.791	0.84140				2
2025.01.17	00:20:08.426	0.84139				2
2025.01.17	00:20:08.893	0.84140				2
2025.01.17	00:20:09.249	0.84138				2
2025.01.17	00:20:09.937	0.84140				2
2025.01.17	00:20:10.412	0.84139				2
2025.01.17	00:20:10.908	0.84140				2
2025.01.17	00:20:11.221	0.84139				2
2025.01.17	00:20:11.949	0.84140				2
2025.01.17	00:20:12.453	0.84139				2
2025.01.17	00:20:12.796	0.84140				2
2025.01.17	00:20:13.368	0.84141				2
2025.01.17	00:20:13.674	0.84138				2
2025.01.17	00:20:14.048	0.84140				2
2025.01.17	00:20:14.353	0.84144				2
2025.01.17	00:20:14.665	0.84141				2
2025.01.17	00:20:15.301	0.84140				2
2025.01.17	00:20:15.727	0.84141				2
2025.01.17	00:20:16.305	0.84140				2
2025.01.17	00:20:16.702	0.84142				2
2025.01.17	00:20:17.215	0.84141				2
2025.01.17	00:20:17.880	0.84142				2
2025.01.17	00:20:18.789	0.84144				2
2025.01.17	00:20:20.454	0.84145				2
2025.01.17	00:20:20.960	0.84143				2
2025.01.17	00:20:21.846	0.84142				2
2025.01.17	00:20:23.962	0.84141				2
2025.01.17	00:20:35.442		0.84197			4
2025.01.17	00:20:35.746	0.84142				2
2025.01.17	00:20:39.443	0.84143				2
2025.01.17	00:20:39.941	0.84142				2
2025.01.17	00:20:41.221	0.84144				2
2025.01.17	00:20:41.650	0.84142				2
2025.01.17	00:20:50.400	0.84143				2
2025.01.17	00:20:50.933	0.84142				2
2025.01.17	00:20:52.428	0.84143				2
2025.01.17	00:20:52.873	0.84144				2
2025.01.17	00:20:53.258	0.84143				2
2025.01.17	00:20:53.753	0.84144				2
2025.01.17	00:20:54.164	0.84142				2
2025.01.17	00:20:54.659	0.84143				2
2025.01.17	00:20:55.158	0.84142				2
2025.01.17	00:20:55.656	0.84143				2
2025.01.17	00:20:56.590	0.84142				2
2025.01.17	00:20:59.138	0.84143				2
2025.01.17	00:21:00.510	0.84144				2
2025.01.17	00:21:03.652	0.84145				2
2025.01.17	00:21:19.449	0.84146				2
2025.01.17	00:21:40.653		0.84197			4
2025.01.17	00:21:53.423	0.84143				2
2025.01.17	00:21:56.848	0.84147				2
2025.01.17	00:22:00.541	0.84147				2
2025.01.17	00:22:01.247	0.84146	0.84201			6
2025.01.17	00:22:26.402		0.84213			4
2025.01.17	00:22:26.867	0.84151				2
2025.01.17	00:22:27.429	0.84150				2
2025.01.17	00:22:31.147	0.84145	0.84212			6
2025.01.17	00:22:34.698		0.84201			4
2025.01.17	00:22:35.001	0.84151				2
2025.01.17	00:22:45.001	0.84150				2
2025.01.17	00:22:49.102	0.84149				2
2025.01.17	00:22:50.277	0.84150				2
2025.01.17	00:23:00.557	0.84150				2
2025.01.17	00:23:11.117	0.84151				2
2025.01.17	00:23:12.117	0.84150				2
2025.01.17	00:23:12.532	0.84151				2
2025.01.17	00:23:38.216		0.84201			4
2025.01.17	00:24:02.565	0.84151				2
2025.01.17	00:24:06.605	0.84152				2
2025.01.17	00:24:14.407	0.84151				2
2025.01.17	00:24:23.325	0.84153				2
2025.01.17	00:24:24.489	0.84151				2
2025.01.17	00:24:28.448	0.84150				2
2025.01.17	00:24:34.431	0.84149				2
2025.01.17	00:24:39.087		0.84201			4
2025.01.17	00:24:43.559	0.84151				2
2025.01.17	00:24:46.193	0.84150				2
2025.01.17	00:25:00.317	0.84150				2
2025.01.17	00:25:13.748	0.84151				2
2025.01.17	00:25:42.900		0.84201			4
2025.01.17	00:26:06.844	0.84151				2
2025.01.17	00:26:34.207	0.84152				2
2025.01.17	00:26:49.608		0.84201			4
2025.01.17	00:26:51.814	0.84151				2
2025.01.17	00:26:56.725	0.84150				2
2025.01.17	00:27:01.096	0.84150				2
2025.01.17	00:27:34.155	0.84151				2
2025.01.17	00:27:36.800	0.84150				2
2025.01.17	00:27:51.737		0.84201			4
2025.01.17	00:28:00.399	0.84150				2
2025.01.17	00:28:42.787	0.84149	0.84194			6
2025.01.17	00:28:43.155	0.84146				2
2025.01.17	00:28:56.945	0.84141	0.84196			6
2025.01.17	00:29:00.317	0.84141				2
2025.01.17	00:29:09.537	0.84142				2
2025.01.17	00:29:33.624	0.84141				2
2025.01.17	00:29:52.447	0.84142				2
2025.01.17	00:29:58.360		0.84196			4
2025.01.17	00:30:00.309	0.84143				2
2025.01.17	00:31:01.040	0.84143	0.84196			6
2025.01.17	00:31:20.221	0.84148				2
2025.01.17	00:31:35.647	0.84143				2
2025.01.17	00:31:52.443	0.84144				2
2025.01.17	00:32:00.251	0.84144				2
2025.01.17	00:32:01.610		0.84196			4
2025.01.17	00:33:00.397	0.84144				2
2025.01.17	00:33:10.396		0.84196			4
2025.01.17	00:33:48.430		0.84201			4
2025.01.17	00:33:54.848	0.84143	0.84202			6
2025.01.17	00:34:05.960	0.84143				2
2025.01.17	00:34:16.152		0.84201			4
2025.01.17	00:34:24.126	0.84144				2
2025.01.17	00:34:25.546	0.84143	0.84202			6
2025.01.17	00:34:26.366	0.84144	0.84201			6
2025.01.17	00:34:45.546	0.84143	0.84202			6
2025.01.17	00:34:46.272	0.84145	0.84192			6
2025.01.17	00:34:53.484	0.84142	0.84195			6
2025.01.17	00:34:56.051	0.84143				2
2025.01.17	00:35:01.271	0.84143				2
2025.01.17	00:35:28.566	0.84142				2
2025.01.17	00:35:29.568	0.84141				2
2025.01.17	00:35:32.653	0.84142				2
2025.01.17	00:35:37.446	0.84141				2
2025.01.17	00:35:40.197	0.84142				2
2025.01.17	00:35:41.590	0.84140				2
2025.01.17	00:35:51.245	0.84141				2
2025.01.17	00:35:53.483		0.84196			4
2025.01.17	00:36:00.398	0.84141				2
2025.01.17	00:36:23.427	0.84140				2
2025.01.17	00:36:25.545	0.84137				2
2025.01.17	00:36:27.077	0.84138				2
2025.01.17	00:36:32.186	0.84140				2
2025.01.17	00:36:32.635	0.84136				2
2025.01.17	00:36:34.354	0.84137				2
2025.01.17	00:36:36.852	0.84138				2
2025.01.17	00:36:38.442	0.84136				2
2025.01.17	00:36:41.053	0.84137				2
2025.01.17	00:36:42.321	0.84136	0.84195			6
2025.01.17	00:36:44.874	0.84133	0.84196			6
2025.01.17	00:36:45.420	0.84134				2
2025.01.17	00:36:45.861	0.84131				2
2025.01.17	00:36:47.922	0.84130				2
2025.01.17	00:36:48.227	0.84131				2
2025.01.17	00:36:48.573	0.84133				2
2025.01.17	00:36:50.743	0.84134				2
2025.01.17	00:36:52.356	0.84133				2
2025.01.17	00:36:53.482		0.84195			4
2025.01.17	00:36:55.039	0.84131				2
2025.01.17	00:36:59.332	0.84135				2
2025.01.17	00:36:59.768	0.84136				2
2025.01.17	00:37:00.096	0.84137				2
2025.01.17	00:37:02.918	0.84136				2
2025.01.17	00:37:03.363	0.84138				2
2025.01.17	00:37:04.972	0.84136				2
2025.01.17	00:37:06.750	0.84135				2
2025.01.17	00:37:12.074	0.84136				2
2025.01.17	00:37:34.228	0.84137				2
2025.01.17	00:37:40.061	0.84138				2
2025.01.17	00:37:50.040	0.84139				2
2025.01.17	00:37:50.538	0.84140				2
2025.01.17	00:37:52.940	0.84142				2
2025.01.17	00:37:54.117	0.84140	0.84195			6
2025.01.17	00:38:00.396	0.84140				2
2025.01.17	00:38:03.545	0.84139				2
2025.01.17	00:38:06.323	0.84140				2
2025.01.17	00:38:06.756	0.84139				2
2025.01.17	00:38:10.400	0.84142				2
2025.01.17	00:38:10.885	0.84143				2
2025.01.17	00:38:57.905		0.84195			4
2025.01.17	00:39:00.398	0.84143				2
2025.01.17	00:39:01.456	0.84142				2
2025.01.17	00:39:07.445	0.84141				2
2025.01.17	00:39:11.597	0.84142				2
2025.01.17	00:39:26.131	0.84143				2
2025.01.17	00:39:33.043	0.84142				2
2025.01.17	00:39:33.566	0.84141				2
2025.01.17	00:39:45.855	0.84142				2
2025.01.17	00:39:51.188	0.84143				2
2025.01.17	00:40:00.397	0.84140	0.84195			6
2025.01.17	00:40:00.934	0.84138				2
2025.01.17	00:40:11.900	0.84140				2
2025.01.17	00:40:12.307	0.84139				2
2025.01.17	00:40:28.187	0.84138				2
2025.01.17	00:40:34.214	0.84141				2
2025.01.17	00:40:43.548	0.84137				2
2025.01.17	00:40:44.581	0.84135				2
2025.01.17	00:40:45.543	0.84134				2
2025.01.17	00:40:46.541	0.84138				2
2025.01.17	00:40:47.061	0.84139				2
2025.01.17	00:40:47.837	0.84138				2
2025.01.17	00:40:48.612	0.84139				2
2025.01.17	00:40:49.471	0.84138				2
2025.01.17	00:40:55.091	0.84140				2
2025.01.17	00:41:00.089	0.84140				2
2025.01.17	00:41:01.039		0.84195			4
2025.01.17	00:41:14.666	0.84139				2
2025.01.17	00:41:29.620	0.84140				2
2025.01.17	00:41:34.206	0.84137				2
2025.01.17	00:41:35.019	0.84136				2
2025.01.17	00:41:36.426	0.84135				2
2025.01.17	00:41:45.099	0.84136				2
2025.01.17	00:41:51.956	0.84135				2
2025.01.17	00:41:53.238	0.84136				2
2025.01.17	00:42:00.402	0.84136				2
2025.01.17	00:42:01.612		0.84197			4
2025.01.17	00:42:06.503	0.84137				2
2025.01.17	00:42:07.069	0.84136				2
2025.01.17	00:42:14.994	0.84135				2
2025.01.17	00:42:20.813		0.84199			4
2025.01.17	00:42:21.605	0.84137				2
2025.01.17	00:42:26.839	0.84138				2
2025.01.17	00:42:27.858	0.84135	0.84197			6
2025.01.17	00:42:28.199	0.84133				2
2025.01.17	00:42:28.931	0.84132				2
2025.01.17	00:42:31.014	0.84131				2
2025.01.17	00:42:34.207	0.84132				2
2025.01.17	00:42:42.669	0.84133				2
2025.01.17	00:42:51.253	0.84132				2
2025.01.17	00:42:56.881	0.84131				2
2025.01.17	00:42:59.345	0.84132				2
2025.01.17	00:43:02.259	0.84132				2
2025.01.17	00:43:04.673	0.84129				2
2025.01.17	00:43:05.213	0.84127				2
2025.01.17	00:43:05.672	0.84128				2
2025.01.17	00:43:20.231	0.84131				2
2025.01.17	00:43:21.479	0.84133				2
2025.01.17	00:43:22.499	0.84134				2
2025.01.17	00:43:27.932		0.84197			4
2025.01.17	00:43:28.524	0.84135				2
2025.01.17	00:43:33.563	0.84136				2
2025.01.17	00:43:34.206	0.84133				2
2025.01.17	00:43:37.045	0.84131				2
2025.01.17	00:43:37.546	0.84132				2
2025.01.17	00:43:46.087	0.84134				2
2025.01.17	00:43:47.314	0.84133				2
2025.01.17	00:43:50.746	0.84132				2
2025.01.17	00:43:51.329	0.84130				2
2025.01.17	00:43:51.772	0.84128				2
2025.01.17	00:43:55.385	0.84129				2
2025.01.17	00:44:01.771	0.84129				2
2025.01.17	00:44:24.176	0.84128				2
2025.01.17	00:44:27.753	0.84127				2
2025.01.17	00:44:28.211	0.84135	0.84197			6
2025.01.17	00:44:28.748	0.84136				2
2025.01.17	00:44:32.405	0.84134				2
2025.01.17	00:44:32.860	0.84135				2
2025.01.17	00:44:45.574	0.84136				2
2025.01.17	00:44:47.840	0.84135				2
2025.01.17	00:45:00.078	0.84133				2
2025.01.17	00:45:00.538	0.84134				2
2025.01.17	00:45:02.108	0.84123	0.84183			6
2025.01.17	00:45:03.942	0.84134	0.84197			6
2025.01.17	00:45:08.087	0.84147	0.84185			6
2025.01.17	00:45:15.556	0.84146				2
2025.01.17	00:45:21.573	0.84147				2
2025.01.17	00:45:30.090	0.84146				2
2025.01.17	00:45:31.744	0.84147				2
2025.01.17	00:45:36.553	0.84146				2
2025.01.17	00:45:50.525	0.84145				2
2025.01.17	00:45:53.944	0.84147				2
2025.01.17	00:45:56.480	0.84146				2
2025.01.17	00:45:59.399	0.84145				2
2025.01.17	00:46:02.646	0.84146				2
2025.01.17	00:46:08.643		0.84185			4
2025.01.17	00:46:10.156	0.84145				2
2025.01.17	00:46:10.535	0.84146				2
2025.01.17	00:46:12.976	0.84147				2
2025.01.17	00:46:13.302	0.84145				2
2025.01.17	00:46:14.080	0.84146				2
2025.01.17	00:46:16.202	0.84145				2
2025.01.17	00:46:20.719	0.84146				2
2025.01.17	00:46:33.521	0.84145				2
2025.01.17	00:46:34.513	0.84147				2
2025.01.17	00:46:34.852	0.84146				2
2025.01.17	00:46:35.579	0.84147				2
2025.01.17	00:46:42.450	0.84146				2
2025.01.17	00:46:45.861	0.84147				2
2025.01.17	00:47:00.400	0.84147				2
2025.01.17	00:47:02.110	0.84136	0.84172			6
2025.01.17	00:47:03.944	0.84147	0.84199			6
2025.01.17	00:47:07.575		0.84201			4
2025.01.17	00:47:13.062	0.84148				2
2025.01.17	00:47:14.548	0.84147				2
2025.01.17	00:47:16.087	0.84148				2
2025.01.17	00:47:31.726	0.84149				2
2025.01.17	00:47:32.241	0.84151				2
2025.01.17	00:48:00.406	0.84151				2
2025.01.17	00:48:07.176	0.84152	0.84193			6
2025.01.17	00:48:27.031	0.84151				2
2025.01.17	00:48:31.772	0.84150				2
2025.01.17	00:48:32.104	0.84151				2
2025.01.17	00:48:41.082		0.84195			4
2025.01.17	00:48:41.603	0.84150				2
2025.01.17	00:48:49.390	0.84149				2
2025.01.17	00:49:01.146	0.84149				2
2025.01.17	00:49:08.804	0.84150				2
2025.01.17	00:49:09.387	0.84151	0.84194			6
2025.01.17	00:49:09.692	0.84152	0.84187			6
2025.01.17	00:49:10.357	0.84150	0.84189			6
2025.01.17	00:49:11.496	0.84151	0.84188			6
2025.01.17	00:49:12.426	0.84152	0.84187			6
2025.01.17	00:49:28.203	0.84151	0.84188			6
2025.01.17	00:49:31.426	0.84152				2
2025.01.17	00:49:41.947	0.84151				2
2025.01.17	00:49:43.314		0.84187			4
2025.01.17	00:49:44.946		0.84188			4
2025.01.17	00:50:01.134	0.84152	0.84187			6
2025.01.17	00:50:10.167		0.84186			4
2025.01.17	00:50:10.749	0.84154	0.84185			6
2025.01.17	00:50:12.206	0.84153	0.84193			6
2025.01.17	00:50:21.859		0.84192			4
2025.01.17	00:51:02.443	0.84153	0.84193			6
2025.01.17	00:51:03.756		0.84194			4
2025.01.17	00:51:09.391		0.84200			4
2025.01.17	00:51:16.749	0.84150	0.84177			6
2025.01.17	00:51:49.148	0.84151	0.84178			6
2025.01.17	00:52:00.120	0.84151				2
2025.01.17	00:52:03.249	0.84150	0.84177			6
2025.01.17	00:52:21.261		0.84178			4
2025.01.17	00:52:30.419	0.84151				2
2025.01.17	00:52:53.800	0.84150				2
2025.01.17	00:53:00.605	0.84150				2
2025.01.17	00:53:02.045	0.84151				2
2025.01.17	00:53:09.844	0.84150	0.84177			6
2025.01.17	00:53:21.247		0.84178			4
2025.01.17	00:53:22.460	0.84151				2
2025.01.17	00:53:42.533		0.84179			4
2025.01.17	00:53:48.796		0.84178			4
2025.01.17	00:53:50.052		0.84179			4
2025.01.17	00:53:57.129	0.84156	0.84186			6
2025.01.17	00:53:57.447	0.84154	0.84180			6
2025.01.17	00:53:59.653	0.84155	0.84182			6
2025.01.17	00:54:01.077	0.84155				2
2025.01.17	00:54:03.732	0.84154	0.84181			6
2025.01.17	00:54:20.761	0.84165	0.84205			6
2025.01.17	00:54:21.242	0.84168				2
2025.01.17	00:54:22.548		0.84203			4
2025.01.17	00:54:33.151	0.84172				2
2025.01.17	00:54:36.695		0.84207			4
2025.01.17	00:54:37.335		0.84202			4
2025.01.17	00:54:40.984		0.84204			4
2025.01.17	00:54:44.290		0.84205			4
2025.01.17	00:54:51.181		0.84203			4
2025.01.17	00:54:51.524	0.84167				2
2025.01.17	00:54:55.608	0.84173				2
2025.01.17	00:54:55.969		0.84206			4
2025.01.17	00:54:57.197		0.84205			4
2025.01.17	00:54:57.737	0.84171				2
2025.01.17	00:55:00.442	0.84171	0.84207			6
2025.01.17	00:55:06.426		0.84206			4
2025.01.17	00:55:09.823		0.84207			4
2025.01.17	00:55:10.147		0.84201			4
2025.01.17	00:55:10.486		0.84207			4
2025.01.17	00:55:12.917		0.84205			4
2025.01.17	00:55:17.406		0.84207			4
2025.01.17	00:55:18.422		0.84205			4
2025.01.17	00:55:20.204		0.84204			4
2025.01.17	00:55:20.654		0.84205			4
2025.01.17	00:55:21.245	0.84179	0.84231			6
2025.01.17	00:55:21.918		0.84214			4
2025.01.17	00:55:22.383		0.84219			4
2025.01.17	00:55:23.603		0.84220			4
2025.01.17	00:55:23.919		0.84231			4
2025.01.17	00:55:31.507		0.84219			4
2025.01.17	00:55:32.822		0.84220			4
2025.01.17	00:55:33.578		0.84219			4
2025.01.17	00:55:37.688		0.84221			4
2025.01.17	00:55:41.425		0.84220			4
2025.01.17	00:55:41.894		0.84211			4
2025.01.17	00:55:43.172		0.84207			4
2025.01.17	00:55:48.847		0.84208			4
2025.01.17	00:55:52.153		0.84206			4
2025.01.17	00:55:52.568		0.84205			4
2025.01.17	00:55:53.066		0.84206			4
2025.01.17	00:55:53.637		0.84205			4
2025.01.17	00:55:55.435		0.84206			4
2025.01.17	00:55:57.735		0.84207			4
2025.01.17	00:56:00.247	0.84179	0.84206			6
2025.01.17	00:56:02.544		0.84209			4
2025.01.17	00:56:03.110		0.84207			4
2025.01.17	00:56:07.072		0.84209			4
2025.01.17	00:56:07.635		0.84207			4
2025.01.17	00:56:14.052		0.84208			4
2025.01.17	00:56:22.154		0.84207			4
2025.01.17	00:56:23.737		0.84206			4
2025.01.17	00:56:26.785		0.84207			4
2025.01.17	00:56:27.845		0.84208			4
2025.01.17	00:56:31.598		0.84209			4
2025.01.17	00:56:36.973		0.84210			4
2025.01.17	00:56:40.867		0.84208			4
2025.01.17	00:56:52.449		0.84207			4
2025.01.17	00:57:00.155	0.84179				2
2025.01.17	00:57:02.644		0.84205			4
2025.01.17	00:57:02.947		0.84207			4
2025.01.17	00:57:10.747		0.84206			4
2025.01.17	00:57:12.692	0.84171	0.84207			6
2025.01.17	00:57:13.144		0.84208			4
2025.01.17	00:57:21.660	0.84177				2
2025.01.17	00:57:24.319		0.84207			4
2025.01.17	00:57:24.669		0.84210			4
2025.01.17	00:57:26.819		0.84209			4
2025.01.17	00:57:27.157		0.84210			4
2025.01.17	00:57:28.746		0.84211			4
2025.01.17	00:57:29.130	0.84180	0.84209			6
2025.01.17	00:57:29.620		0.84210			4
2025.01.17	00:57:31.743		0.84211			4
2025.01.17	00:57:34.127	0.84172	0.84212			6
2025.01.17	00:57:35.141	0.84180				2
2025.01.17	00:57:35.642		0.84213			4
2025.01.17	00:57:35.953		0.84212			4
2025.01.17	00:57:36.690		0.84211			4
2025.01.17	00:57:39.590		0.84210			4
2025.01.17	00:57:39.903		0.84207			4
2025.01.17	00:57:41.154		0.84206			4
2025.01.17	00:57:41.461		0.84207			4
2025.01.17	00:57:42.102		0.84208			4
2025.01.17	00:57:45.247		0.84204			4
2025.01.17	00:57:50.715		0.84206			4
2025.01.17	00:57:52.746		0.84205			4
2025.01.17	00:57:58.744		0.84207			4
2025.01.17	00:58:01.445	0.84180	0.84208			6
2025.01.17	00:58:03.136		0.84206			4
2025.01.17	00:58:09.753		0.84205			4
2025.01.17	00:58:10.148		0.84206			4
2025.01.17	00:58:13.446		0.84205			4
2025.01.17	00:58:19.149		0.84206			4
2025.01.17	00:58:25.726		0.84203			4
2025.01.17	00:58:27.820		0.84206			4
2025.01.17	00:58:28.156		0.84207			4
2025.01.17	00:58:31.979		0.84208			4
2025.01.17	00:58:33.820		0.84209			4
2025.01.17	00:58:34.267		0.84210			4
2025.01.17	00:58:36.245		0.84214			4
2025.01.17	00:58:36.570		0.84209			4
2025.01.17	00:58:38.501		0.84210			4
2025.01.17	00:58:38.816		0.84209			4
2025.01.17	00:58:42.795	0.84181				2
2025.01.17	00:58:43.102	0.84182	0.84207			6
2025.01.17	00:58:47.477		0.84208			4
2025.01.17	00:58:49.073	0.84181				2
2025.01.17	00:58:49.575	0.84180	0.84204			6
2025.01.17	00:58:50.742		0.84203			4
2025.01.17	00:58:51.084		0.84204			4
2025.01.17	00:58:54.763		0.84205			4
2025.01.17	00:58:57.343	0.84181				2
2025.01.17	00:58:58.309	0.84180	0.84207			6
2025.01.17	00:58:59.422	0.84181				2
2025.01.17	00:58:59.860		0.84209			4
2025.01.17	00:59:00.263	0.84181				2
2025.01.17	00:59:00.674	0.84180	0.84211			6
2025.01.17	00:59:01.004		0.84210			4
2025.01.17	00:59:02.087		0.84208			4
2025.01.17	00:59:02.543		0.84209			4
2025.01.17	00:59:02.964		0.84207			4
2025.01.17	00:59:03.456		0.84206			4
2025.01.17	00:59:05.630		0.84209			4
2025.01.17	00:59:06.752		0.84208			4
2025.01.17	00:59:07.453		0.84209			4
2025.01.17	00:59:08.486		0.84208			4
2025.01.17	00:59:10.747		0.84206			4
2025.01.17	00:59:12.671	0.84182	0.84204			6
2025.01.17	00:59:13.151	0.84181	0.84202			6
2025.01.17	00:59:13.467		0.84203			4
2025.01.17	00:59:13.823	0.84180	0.84204			6
2025.01.17	00:59:15.861	0.84181	0.84203			6
2025.01.17	00:59:16.385	0.84182	0.84202			6
2025.01.17	00:59:17.750		0.84203			4
2025.01.17	00:59:20.648	0.84180	0.84201			6
2025.01.17	00:59:21.280	0.84181	0.84202			6
2025.01.17	00:59:21.582	0.84185	0.84231			6
2025.01.17	00:59:22.381	0.84184				2
2025.01.17	00:59:26.378	0.84183				2
2025.01.17	00:59:27.505	0.84182				2
2025.01.17	00:59:29.235	0.84180				2
2025.01.17	00:59:32.645	0.84181	0.84206			6
2025.01.17	00:59:32.967	0.84182	0.84203			6
2025.01.17	00:59:34.204	0.84183	0.84205			6
2025.01.17	00:59:36.826		0.84204			4
2025.01.17	00:59:39.551	0.84182	0.84205			6
2025.01.17	00:59:40.667	0.84179	0.84206			6
2025.01.17	00:59:41.344		0.84207			4
2025.01.17	00:59:41.835	0.84178	0.84208			6
2025.01.17	00:59:43.961	0.84180	0.84205			6
2025.01.17	00:59:44.575	0.84179	0.84207			6
2025.01.17	00:59:48.245		0.84206			4
2025.01.17	00:59:48.557	0.84180	0.84207			6
2025.01.17	00:59:49.798	0.84179	0.84208			6
2025.01.17	00:59:52.103	0.84181	0.84202			6
2025.01.17	00:59:52.449	0.84180	0.84201			6
2025.01.17	00:59:53.229	0.84179				2
2025.01.17	00:59:53.656	0.84178	0.84202			6
2025.01.17	00:59:54.046	0.84180				2
2025.01.17	00:59:55.437		0.84201			4
2025.01.17	00:59:55.773	0.84179	0.84202			6
2025.01.17	00:59:57.284	0.84178	0.84203			6
2025.01.17	00:59:57.589	0.84177	0.84204			6
2025.01.17	00:59:57.945	0.84176	0.84205			6
2025.01.17	00:59:58.356	0.84179	0.84202			6
2025.01.17	01:00:00.314	0.84175	0.84207			6
2025.01.17	01:00:00.653	0.84173	0.84218			6
2025.01.17	01:00:01.122	0.84172	0.84209			6
2025.01.17	01:00:01.427		0.84218			4
2025.01.17	01:00:02.069	0.84173	0.84212			6
2025.01.17	01:00:02.406	0.84169	0.84194			6
2025.01.17	01:00:03.018	0.84170				2
2025.01.17	01:00:03.625	0.84169				2
2025.01.17	01:00:03.926	0.84170	0.84195			6
2025.01.17	01:00:04.229	0.84177	0.84191			6
2025.01.17	01:00:04.541		0.84206			4
2025.01.17	01:00:05.004		0.84185			4
2025.01.17	01:00:05.314		0.84186			4
2025.01.17	01:00:05.637	0.84172	0.84184			6
2025.01.17	01:00:05.996		0.84185			4
2025.01.17	01:00:06.391		0.84189			4
2025.01.17	01:00:06.761		0.84188			4
2025.01.17	01:00:07.154	0.84170	0.84189			6
2025.01.17	01:00:07.573	0.84172	0.84216			6
2025.01.17	01:00:07.882		0.84214			4
2025.01.17	01:00:08.185		0.84212			4
2025.01.17	01:00:08.517	0.84171	0.84213			6
2025.01.17	01:00:09.406	0.84172	0.84210			6
2025.01.17	01:00:10.418		0.84203			4
2025.01.17	01:00:10.726		0.84204			4
2025.01.17	01:00:11.064	0.84178	0.84202			6
2025.01.17	01:00:11.538		0.84207			4
2025.01.17	01:00:12.195		0.84204			4
2025.01.17	01:00:13.023		0.84198			4
2025.01.17	01:00:14.207		0.84191			4
2025.01.17	01:00:15.418		0.84189			4
2025.01.17	01:00:15.896		0.84190			4
2025.01.17	01:00:16.237		0.84188			4
2025.01.17	01:00:17.409		0.84189			4
2025.01.17	01:00:17.779		0.84188			4
2025.01.17	01:00:20.335		0.84190			4
2025.01.17	01:00:20.683		0.84193			4
2025.01.17	01:00:21.143		0.84194			4
2025.01.17	01:00:21.544		0.84193			4
2025.01.17	01:00:22.794		0.84190			4
2025.01.17	01:00:24.393		0.84191			4
2025.01.17	01:00:29.708		0.84192			4
2025.01.17	01:00:32.401		0.84191			4
2025.01.17	01:00:34.125		0.84192			4
2025.01.17	01:00:35.845		0.84191			4
2025.01.17	01:00:40.147		0.84193			4
2025.01.17	01:00:41.686		0.84199			4
2025.01.17	01:00:44.312		0.84188			4
2025.01.17	01:00:44.625		0.84186			4
2025.01.17	01:00:45.270		0.84184			4
2025.01.17	01:00:46.222		0.84189			4
2025.01.17	01:00:50.500		0.84191			4
2025.01.17	01:00:51.078		0.84187			4
2025.01.17	01:00:56.387		0.84186			4
2025.01.17	01:00:58.510		0.84187			4
2025.01.17	01:00:59.105	0.84179	0.84184			6
2025.01.17	01:01:00.016	0.84178	0.84183			6
2025.01.17	01:01:04.383	0.84179	0.84185			6
2025.01.17	01:01:06.388		0.84184			4
2025.01.17	01:01:06.700		0.84191			4
2025.01.17	01:01:11.067		0.84194			4
2025.01.17	01:01:12.040	0.84178	0.84191			6
2025.01.17	01:01:15.424	0.84180				2
2025.01.17	01:01:15.791	0.84179				2
2025.01.17	01:01:16.432	0.84178				2
2025.01.17	01:01:17.185	0.84179	0.84192			6
2025.01.17	01:01:17.514	0.84178				2
2025.01.17	01:01:18.577	0.84180	0.84191			6
2025.01.17	01:01:26.180	0.84178	0.84190			6
2025.01.17	01:01:30.113	0.84179	0.84191			6
2025.01.17	01:01:30.421		0.84190			4
2025.01.17	01:01:31.213	0.84178				2
2025.01.17	01:01:41.176	0.84179	0.84188			6
2025.01.17	01:01:41.487	0.84177	0.84186			6
2025.01.17	01:01:44.953		0.84185			4
2025.01.17	01:01:51.164		0.84186			4
2025.01.17	01:01:52.260		0.84185			4
2025.01.17	01:01:53.119		0.84186			4
2025.01.17	01:02:00.398	0.84177	0.84185			6
2025.01.17	01:02:01.512		0.84188			4
2025.01.17	01:02:02.394		0.84192			4
2025.01.17	01:02:03.548		0.84193			4
2025.01.17	01:02:05.562	0.84179				2
2025.01.17	01:02:08.388		0.84189			4
2025.01.17	01:02:08.703		0.84190			4
2025.01.17	01:02:09.346	0.84177				2
2025.01.17	01:02:09.701	0.84179				2
2025.01.17	01:02:13.386		0.84189			4
2025.01.17	01:02:28.242	0.84176				2
2025.01.17	01:02:44.426		0.84190			4
2025.01.17	01:02:47.346		0.84189			4
2025.01.17	01:02:48.729	0.84178	0.84187			6
2025.01.17	01:02:51.451	0.84179				2
2025.01.17	01:02:52.388		0.84189			4
2025.01.17	01:03:00.397	0.84180				2
2025.01.17	01:03:17.711	0.84181				2
2025.01.17	01:03:26.421	0.84180				2
2025.01.17	01:03:55.146		0.84189			4
2025.01.17	01:04:00.459	0.84180				2
2025.01.17	01:04:02.797	0.84179				2
2025.01.17	01:04:06.532	0.84180	0.84190			6
2025.01.17	01:04:07.444	0.84181				2
2025.01.17	01:04:09.682	0.84183	0.84185			6
2025.01.17	01:04:11.499	0.84181	0.84190			6
2025.01.17	01:04:13.446	0.84180				2
2025.01.17	01:04:38.644	0.84181				2
2025.01.17	01:05:00.398	0.84183	0.84196			6
2025.01.17	01:05:00.704	0.84182	0.84193			6
2025.01.17	01:05:01.567	0.84181	0.84194			6
2025.01.17	01:05:08.920		0.84193			4
2025.01.17	01:05:17.630	0.84180	0.84189			6
2025.01.17	01:05:19.681	0.84179	0.84188			6
2025.01.17	01:05:24.345	0.84183	0.84184			6
2025.01.17	01:05:26.191	0.84179	0.84188			6
2025.01.17	01:06:00.529	0.84179				2
2025.01.17	01:06:09.549	0.84180	0.84189			6
2025.01.17	01:06:18.547		0.84188			4
2025.01.17	01:06:32.379	0.84182	0.84190			6
2025.01.17	01:06:56.045	0.84181	0.84189			6
2025.01.17	01:07:01.200	0.84181				2
2025.01.17	01:07:01.515	0.84180				2
2025.01.17	01:07:06.250	0.84179	0.84190			6
2025.01.17	01:07:21.845		0.84189			4
2025.01.17	01:07:23.330		0.84188			4
2025.01.17	01:07:28.450	0.84180				2
2025.01.17	01:07:46.344	0.84179	0.84189			6
2025.01.17	01:07:53.425	0.84180				2
2025.01.17	01:07:53.922	0.84184	0.84194			6
2025.01.17	01:07:56.047		0.84192			4
2025.01.17	01:08:00.366	0.84184				2
2025.01.17	01:08:09.851		0.84193			4
2025.01.17	01:08:11.288	0.84186	0.84194			6
2025.01.17	01:08:20.013	0.84187	0.84195			6
2025.01.17	01:08:24.540	0.84186	0.84194			6
2025.01.17	01:08:44.017	0.84184				2
2025.01.17	01:08:50.043	0.84196	0.84203			6
2025.01.17	01:08:50.351		0.84204			4
2025.01.17	01:09:00.324	0.84196	0.84205			6
2025.01.17	01:09:37.947		0.84204			4
2025.01.17	01:09:42.888	0.84201	0.84210			6
2025.01.17	01:09:43.193	0.84202				2
2025.01.17	01:09:48.465		0.84211			4
2025.01.17	01:09:49.146	0.84201				2
2025.01.17	01:09:51.855	0.84202				2
2025.01.17	01:09:54.562	0.84201				2
2025.01.17	01:09:56.388		0.84210			4
2025.01.17	01:09:57.467		0.84211			4
2025.01.17	01:09:58.463		0.84210			4
2025.01.17	01:09:59.464	0.84202				2
2025.01.17	01:09:59.782	0.84201				2
2025.01.17	01:10:00.463	0.84202				2
2025.01.17	01:10:01.808	0.84201				2
2025.01.17	01:10:28.148	0.84206	0.84213			6
2025.01.17	01:10:28.455	0.84205	0.84215			6
2025.01.17	01:10:29.404	0.84206				2
2025.01.17	01:10:34.346	0.84205				2
2025.01.17	01:10:35.597		0.84214			4
2025.01.17	01:10:35.941	0.84208				2
2025.01.17	01:10:36.261	0.84207	0.84215			6
2025.01.17	01:10:36.822	0.84206				2
2025.01.17	01:10:38.417	0.84207				2
2025.01.17	01:10:39.588	0.84205	0.84213			6
2025.01.17	01:10:56.182	0.84204				2
2025.01.17	01:11:01.057	0.84204				2
2025.01.17	01:11:05.478	0.84205				2
2025.01.17	01:11:05.786		0.84212			4
2025.01.17	01:11:06.351		0.84213			4
2025.01.17	01:11:07.381	0.84203				2
2025.01.17	01:11:08.044	0.84204				2
2025.01.17	01:11:11.046	0.84203				2
2025.01.17	01:11:14.735	0.84204				2
2025.01.17	01:11:21.578	0.84203				2
2025.01.17	01:11:25.445	0.84204				2
2025.01.17	01:11:26.369	0.84209	0.84217			6
2025.01.17	01:11:27.574	0.84207	0.84213			6
2025.01.17	01:11:27.892		0.84215			4
2025.01.17	01:11:33.969		0.84214			4
2025.01.17	01:11:37.648	0.84206	0.84215			6
2025.01.17	01:11:41.345		0.84214			4
2025.01.17	01:12:01.106	0.84206				2
2025.01.17	01:12:05.614		0.84213			4
2025.01.17	01:12:09.545		0.84214			4
2025.01.17	01:12:12.102	0.84211	0.84217			6
2025.01.17	01:12:12.440		0.84218			4
2025.01.17	01:12:16.447		0.84217			4
2025.01.17	01:12:36.244		0.84218			4
2025.01.17	01:12:38.483	0.84206	0.84214			6
2025.01.17	01:12:38.789		0.84212			4
2025.01.17	01:12:39.103	0.84207	0.84214			6
2025.01.17	01:12:39.983	0.84206	0.84215			6
2025.01.17	01:12:46.639	0.84205	0.84213			6
2025.01.17	01:12:46.965	0.84204				2
2025.01.17	01:12:47.345		0.84212			4
2025.01.17	01:12:54.678		0.84211			4
2025.01.17	01:12:56.618	0.84205				2
2025.01.17	01:13:01.248	0.84204				2
2025.01.17	01:13:02.045		0.84212			4
2025.01.17	01:13:04.941	0.84206	0.84213			6
2025.01.17	01:13:05.245	0.84207	0.84214			6
2025.01.17	01:13:13.848	0.84206	0.84215			6
2025.01.17	01:13:14.350	0.84207	0.84214			6
2025.01.17	01:13:15.037	0.84206	0.84215			6
2025.01.17	01:13:19.600	0.84207	0.84214			6
2025.01.17	01:13:27.438	0.84209	0.84215			6
2025.01.17	01:14:01.814	0.84209	0.84216			6
2025.01.17	01:14:06.483	0.84208				2
2025.01.17	01:14:07.580	0.84209	0.84215			6
2025.01.17	01:14:17.833		0.84217			4
2025.01.17	01:14:35.648	0.84210				2
2025.01.17	01:14:38.289	0.84209				2
2025.01.17	01:14:40.401		0.84216			4
2025.01.17	01:14:47.945	0.84210				2
2025.01.17	01:15:00.387	0.84210				2
2025.01.17	01:15:02.647	0.84209				2
2025.01.17	01:15:03.565		0.84215			4
2025.01.17	01:15:09.548	0.84210	0.84216			6
2025.01.17	01:15:10.219		0.84215			4
2025.01.17	01:15:10.730		0.84216			4
2025.01.17	01:15:13.149	0.84209	0.84215			6
2025.01.17	01:15:14.222	0.84210	0.84217			6
2025.01.17	01:15:14.526	0.84209	0.84215			6
2025.01.17	01:15:15.648	0.84210	0.84216			6
2025.01.17	01:15:20.691	0.84212	0.84217			6
2025.01.17	01:15:25.447		0.84218			4
2025.01.17	01:15:32.880	0.84211				2
2025.01.17	01:15:48.928	0.84212	0.84219			6
2025.01.17	01:15:51.545	0.84211				2
2025.01.17	01:16:00.306	0.84211				2
2025.01.17	01:16:02.346		0.84218			4
2025.01.17	01:16:06.260	0.84210				2
2025.01.17	01:16:09.168	0.84211				2
2025.01.17	01:16:15.855		0.84217			4
2025.01.17	01:16:16.164		0.84218			4
2025.01.17	01:16:22.800	0.84210	0.84216			6
2025.01.17	01:16:28.594		0.84215			4
2025.01.17	01:16:32.366		0.84216			4
2025.01.17	01:16:34.147	0.84209	0.84215			6
2025.01.17	01:16:36.492	0.84213	0.84219			6
2025.01.17	01:16:36.799	0.84212				2
2025.01.17	01:16:37.421	0.84216				2
2025.01.17	01:16:40.124		0.84218			4
2025.01.17	01:16:42.268	0.84215				2
2025.01.17	01:16:44.701		0.84217			4
2025.01.17	01:16:45.141	0.84214				2
2025.01.17	01:16:52.091	0.84213				2
2025.01.17	01:16:52.400	0.84214				2
2025.01.17	01:16:56.047		0.84218			4
2025.01.17	01:16:57.936		0.84219			4
2025.01.17	01:16:58.241		0.84218			4
2025.01.17	01:17:00.348	0.84214	0.84219			6
2025.01.17	01:17:01.141		0.84218			4
2025.01.17	01:17:09.241	0.84212				2
2025.01.17	01:17:11.453		0.84217			4
2025.01.17	01:17:14.254	0.84210	0.84216			6
2025.01.17	01:17:15.501	0.84211				2
2025.01.17	01:17:18.910	0.84210	0.84217			6
2025.01.17	01:17:31.446		0.84216			4
2025.01.17	01:17:35.947		0.84215			4
2025.01.17	01:17:54.673	0.84211				2
2025.01.17	01:17:56.105	0.84210				2
2025.01.17	01:18:00.246	0.84210				2
2025.01.17	01:18:10.319		0.84216			4
2025.01.17	01:18:22.744	0.84211				2
2025.01.17	01:18:36.906	0.84208	0.84213			6
2025.01.17	01:18:37.219	0.84207				2
2025.01.17	01:18:37.617		0.84212			4
2025.01.17	01:18:39.602	0.84206				2
2025.01.17	01:18:51.152		0.84211			4
2025.01.17	01:18:53.121		0.84212			4
2025.01.17	01:18:55.275	0.84207	0.84213			6
2025.01.17	01:18:58.144	0.84206				2
2025.01.17	01:19:00.577	0.84206	0.84212			6
2025.01.17	01:19:23.881		0.84213			4
2025.01.17	01:19:27.546		0.84212			4
2025.01.17	01:19:36.578	0.84207				2
2025.01.17	01:19:41.645		0.84213			4
2025.01.17	01:19:48.847	0.84206				2
2025.01.17	01:20:00.352	0.84206				2
2025.01.17	01:20:00.666	0.84207				2
2025.01.17	01:20:03.641	0.84208				2
2025.01.17	01:20:04.777	0.84210	0.84215			6
2025.01.17	01:20:05.345	0.84211	0.84216			6
2025.01.17	01:20:07.125	0.84210	0.84214			6
2025.01.17	01:20:07.786	0.84208				2
2025.01.17	01:20:08.319	0.84209				2
2025.01.17	01:20:10.759	0.84208	0.84212			6
2025.01.17	01:20:11.113	0.84207				2
2025.01.17	01:20:15.067	0.84206				2
2025.01.17	01:20:19.560	0.84204	0.84209			6
2025.01.17	01:20:19.874		0.84211			4
2025.01.17	01:20:25.423		0.84210			4
2025.01.17	01:20:45.837	0.84205				2
2025.01.17	01:20:46.515	0.84203	0.84209			6
2025.01.17	01:20:50.576	0.84204				2
2025.01.17	01:21:00.856	0.84204				2
2025.01.17	01:21:18.844		0.84210			4
2025.01.17	01:21:19.589		0.84208			4
2025.01.17	01:21:21.411	0.84203				2
2025.01.17	01:21:36.245		0.84207			4
2025.01.17	01:21:37.114	0.84204	0.84209			6
2025.01.17	01:21:41.945	0.84205				2
2025.01.17	01:21:45.290		0.84210			4
2025.01.17	01:22:00.356	0.84205				2
2025.01.17	01:22:07.756		0.84209			4
2025.01.17	01:22:16.555	0.84207	0.84213			6
2025.01.17	01:22:17.075		0.84212			4
2025.01.17	01:22:21.300	0.84206	0.84211			6
2025.01.17	01:22:22.759	0.84208	0.84212			6
2025.01.17	01:22:42.547		0.84213			4
2025.01.17	01:22:46.328		0.84212			4
2025.01.17	01:22:48.144	0.84203	0.84207			6
2025.01.17	01:22:48.486		0.84208			4
2025.01.17	01:22:48.885		0.84209			4
2025.01.17	01:22:57.210		0.84208			4
2025.01.17	01:22:58.369		0.84207			4
2025.01.17	01:23:00.861	0.84203				2
2025.01.17	01:23:13.562	0.84204				2
2025.01.17	01:23:15.806	0.84203				2
2025.01.17	01:23:21.095		0.84208			4
2025.01.17	01:23:23.888		0.84209			4
2025.01.17	01:23:34.506		0.84208			4
2025.01.17	01:23:34.860		0.84209			4
2025.01.17	01:23:37.651	0.84204	0.84208			6
2025.01.17	01:23:38.244		0.84209			4
2025.01.17	01:23:42.332	0.84203				2
2025.01.17	01:23:44.181		0.84207			4
2025.01.17	01:23:51.564		0.84209			4
2025.01.17	01:23:56.562	0.84204				2
2025.01.17	01:24:00.680	0.84204	0.84208			6
2025.01.17	01:24:02.598		0.84209			4
2025.01.17	01:24:05.950	0.84203				2
2025.01.17	01:24:10.257		0.84208			4
2025.01.17	01:24:24.845		0.84209			4
2025.01.17	01:24:30.092	0.84204				2
2025.01.17	01:24:31.199	0.84203				2
2025.01.17	01:24:41.779	0.84204				2
2025.01.17	01:24:43.520	0.84203				2
2025.01.17	01:24:47.045	0.84204				2
2025.01.17	01:24:56.945	0.84203				2
2025.01.17	01:25:00.677	0.84203				2
2025.01.17	01:25:05.994	0.84204				2
2025.01.17	01:25:06.927	0.84203				2
2025.01.17	01:25:27.346	0.84195	0.84200			6
2025.01.17	01:25:33.645		0.84201			4
2025.01.17	01:25:46.245		0.84200			4
2025.01.17	01:25:50.782		0.84201			4
2025.01.17	01:25:52.380		0.84200			4
2025.01.17	01:26:00.848	0.84195				2
2025.01.17	01:26:10.166		0.84199			4
2025.01.17	01:26:10.745	0.84196	0.84202			6
2025.01.17	01:26:11.064		0.84201			4
2025.01.17	01:26:14.686		0.84202			4
2025.01.17	01:26:41.348	0.84197				2
2025.01.17	01:26:43.931		0.84203			4
2025.01.17	01:26:44.366	0.84198				2
2025.01.17	01:26:53.246	0.84201	0.84205			6
2025.01.17	01:27:00.245	0.84201				2
2025.01.17	01:27:19.636	0.84200				2
2025.01.17	01:27:26.044	0.84201				2
2025.01.17	01:27:32.947	0.84200				2
2025.01.17	01:27:36.322	0.84199	0.84204			6
2025.01.17	01:27:37.744		0.84203			4
2025.01.17	01:27:42.758	0.84201	0.84204			6
2025.01.17	01:27:43.099		0.84205			4
2025.01.17	01:27:44.345	0.84202				2
2025.01.17	01:27:46.447	0.84201				2
2025.01.17	01:28:01.145	0.84201				2
2025.01.17	01:28:25.145		0.84206			4
2025.01.17	01:28:26.945		0.84205			4
2025.01.17	01:28:39.583		0.84206			4
2025.01.17	01:28:43.573	0.84200				2
2025.01.17	01:28:48.662	0.84199	0.84205			6
2025.01.17	01:29:00.248	0.84200				2
2025.01.17	01:29:08.645	0.84199				2
2025.01.17	01:29:09.775	0.84201	0.84206			6
2025.01.17	01:29:14.255		0.84207			4
2025.01.17	01:29:17.032		0.84206			4
2025.01.17	01:30:00.384	0.84201				2
2025.01.17	01:30:01.157	0.84200				2
2025.01.17	01:30:02.150	0.84199	0.84200			6
2025.01.17	01:30:02.474	0.84198	0.84199			6
2025.01.17	01:30:03.080	0.84197	0.84198			6
2025.01.17	01:30:03.992		0.84203			4
2025.01.17	01:30:05.350		0.84202			4
2025.01.17	01:30:12.120		0.84203			4
2025.01.17	01:30:15.770		0.84202			4
2025.01.17	01:30:17.356		0.84203			4
2025.01.17	01:30:32.259		0.84202			4
2025.01.17	01:30:34.246		0.84203			4
2025.01.17	01:30:39.507	0.84198				2
2025.01.17	01:30:45.633	0.84197				2
2025.01.17	01:30:57.578	0.84196	0.84202			6
2025.01.17	01:31:00.374	0.84196				2
2025.01.17	01:31:14.646	0.84202	0.84206			6
2025.01.17	01:31:15.290	0.84198	0.84204			6
2025.01.17	01:31:20.416		0.84203			4
2025.01.17	01:31:21.845		0.84204			4
2025.01.17	01:31:58.159	0.84199	0.84205			6
2025.01.17	01:32:02.044	0.84199				2
2025.01.17	01:32:03.943		0.84204			4
2025.01.17	01:32:06.465	0.84197				2
2025.01.17	01:32:14.749	0.84198				2
2025.01.17	01:32:24.830	0.84197				2
2025.01.17	01:32:32.979		0.84203			4
2025.01.17	01:32:43.960		0.84202			4
2025.01.17	01:32:44.336	0.84196				2
2025.01.17	01:32:45.311	0.84195	0.84201			6
2025.01.17	01:32:52.349	0.84194	0.84199			6
2025.01.17	01:32:58.962	0.84195	0.84201			6
2025.01.17	01:33:00.244	0.84195	0.84200			6
2025.01.17	01:33:01.135	0.84194	0.84197			6
2025.01.17	01:33:16.734		0.84198			4
2025.01.17	01:34:00.491	0.84194				2
2025.01.17	01:34:18.685		0.84198			4
2025.01.17	01:34:58.914	0.84195	0.84200			6
2025.01.17	01:34:59.234	0.84194				2
2025.01.17	01:35:04.667	0.84194				2
2025.01.17	01:35:11.258		0.84199			4
2025.01.17	01:35:20.950		0.84200			4
2025.01.17	01:35:28.144		0.84199			4
2025.01.17	01:35:37.495		0.84200			4
2025.01.17	01:35:41.346		0.84199			4
2025.01.17	01:35:48.845		0.84200			4
2025.01.17	01:35:52.223		0.84199			4
2025.01.17	01:35:54.398	0.84193				2
2025.01.17	01:35:58.367	0.84191	0.84196			6
2025.01.17	01:35:58.667	0.84192	0.84197			6
2025.01.17	01:36:00.356	0.84192				2
2025.01.17	01:36:06.600	0.84191				2
2025.01.17	01:36:07.241	0.84192				2
2025.01.17	01:36:07.558	0.84191				2
2025.01.17	01:36:08.348	0.84192	0.84196			6
2025.01.17	01:36:16.121	0.84195	0.84201			6
2025.01.17	01:36:24.296	0.84199	0.84204			6
2025.01.17	01:36:50.249	0.84200				2
2025.01.17	01:36:55.448	0.84199				2
2025.01.17	01:36:57.479	0.84200				2
2025.01.17	01:37:00.268	0.84200				2
2025.01.17	01:37:24.475		0.84204			4
2025.01.17	01:38:02.640	0.84200				2
2025.01.17	01:38:03.147	0.84199				2
2025.01.17	01:38:11.080	0.84203	0.84205			6
2025.01.17	01:38:11.383		0.84206			4
2025.01.17	01:38:12.201	0.84202				2
2025.01.17	01:38:15.530	0.84203				2
2025.01.17	01:38:18.786	0.84202	0.84207			6
2025.01.17	01:38:27.954	0.84203	0.84208			6
2025.01.17	01:38:30.148	0.84204	0.84209			6
2025.01.17	01:38:31.043	0.84201	0.84206			6
2025.01.17	01:38:39.702		0.84205			4
2025.01.17	01:38:41.331	0.84202	0.84206			6
2025.01.17	01:38:41.649	0.84203				2
2025.01.17	01:38:46.276		0.84207			4
2025.01.17	01:38:46.806	0.84204	0.84208			6
2025.01.17	01:38:52.541	0.84202	0.84207			6
2025.01.17	01:38:54.816		0.84208			4
2025.01.17	01:38:57.608	0.84201	0.84207			6
2025.01.17	01:38:59.950	0.84202				2
2025.01.17	01:39:01.084	0.84202				2
2025.01.17	01:39:07.324	0.84201				2
2025.01.17	01:39:10.514	0.84202				2
2025.01.17	01:39:12.495	0.84201				2
2025.01.17	01:39:19.144	0.84202				2
2025.01.17	01:39:28.190	0.84201				2
2025.01.17	01:39:30.393	0.84202				2
2025.01.17	01:39:34.202	0.84201				2
2025.01.17	01:39:42.241		0.84206			4
2025.01.17	01:39:45.895	0.84199	0.84204			6
2025.01.17	01:39:52.716		0.84203			4
2025.01.17	01:39:55.312		0.84204			4
2025.01.17	01:40:00.370	0.84199	0.84205			6
2025.01.17	01:40:16.675		0.84204			4
2025.01.17	01:40:30.668	0.84198	0.84202			6
2025.01.17	01:40:33.670		0.84201			4
2025.01.17	01:40:33.979		0.84202			4
2025.01.17	01:40:36.226		0.84203			4
2025.01.17	01:40:41.345		0.84204			4
2025.01.17	01:40:43.236	0.84199				2
2025.01.17	01:40:59.924		0.84203			4
2025.01.17	01:41:01.163	0.84199				2
2025.01.17	01:41:06.353	0.84198				2
2025.01.17	01:41:18.059		0.84202			4
2025.01.17	01:41:19.434	0.84199				2
2025.01.17	01:41:23.844	0.84198	0.84201			6
2025.01.17	01:41:38.984	0.84197				2
2025.01.17	01:41:48.262		0.84202			4
2025.01.17	01:42:00.940	0.84197	0.84203			6
2025.01.17	01:42:22.860	0.84196	0.84199			6
2025.01.17	01:42:38.856	0.84197	0.84202			6
2025.01.17	01:42:48.563	0.84198				2
2025.01.17	01:42:49.131	0.84197				2
2025.01.17	01:43:02.605	0.84197				2
2025.01.17	01:43:35.837	0.84199	0.84203			6
2025.01.17	01:43:36.344		0.84205			4
2025.01.17	01:43:40.514	0.84195	0.84199			6
2025.01.17	01:43:40.830	0.84194				2
2025.01.17	01:44:01.775	0.84194				2
2025.01.17	01:44:27.560		0.84198			4
2025.01.17	01:45:00.065	0.84194				2
2025.01.17	01:45:04.895	0.84197	0.84200			6
2025.01.17	01:45:19.745		0.84202			4
2025.01.17	01:45:31.747	0.84198				2
2025.01.17	01:45:58.907	0.84197	0.84200			6
2025.01.17	01:46:00.358	0.84197				2
2025.01.17	01:46:03.611	0.84196	0.84199			6
2025.01.17	01:46:11.603	0.84197				2
2025.01.17	01:46:20.646	0.84196				2
2025.01.17	01:46:49.426		0.84197			4
2025.01.17	01:46:50.046	0.84195				2
2025.01.17	01:47:06.053	0.84195	0.84199			6
2025.01.17	01:47:16.146	0.84196				2
2025.01.17	01:47:26.465	0.84195				2
2025.01.17	01:47:46.284	0.84196	0.84200			6
2025.01.17	01:47:47.704	0.84195				2
2025.01.17	01:47:50.210	0.84196				2
2025.01.17	01:48:00.397	0.84196				2
2025.01.17	01:48:01.509	0.84195	0.84199			6
2025.01.17	01:48:44.563	0.84197	0.84202			6
2025.01.17	01:48:45.102	0.84195	0.84198			6
2025.01.17	01:48:45.407		0.84197			4
2025.01.17	01:48:45.807	0.84194				2
2025.01.17	01:48:52.705	0.84195	0.84198			6
2025.01.17	01:48:53.023	0.84194				2
2025.01.17	01:49:00.448	0.84194				2
2025.01.17	01:49:49.861		0.84199			4
2025.01.17	01:49:52.303	0.84193				2
2025.01.17	01:50:00.450	0.84193				2
2025.01.17	01:50:02.394		0.84198			4
2025.01.17	01:50:15.694	0.84192	0.84196			6
2025.01.17	01:50:21.363	0.84191				2
2025.01.17	01:50:35.346	0.84192				2
2025.01.17	01:50:40.565		0.84195			4
2025.01.17	01:50:58.629		0.84198			4
2025.01.17	01:51:00.246	0.84193				2
2025.01.17	01:51:09.912		0.84197			4
2025.01.17	01:51:11.182		0.84198			4
2025.01.17	01:51:15.838	0.84192				2
2025.01.17	01:51:19.746		0.84197			4
2025.01.17	01:51:26.222	0.84193	0.84198			6
2025.01.17	01:51:27.718	0.84192	0.84197			6
2025.01.17	01:51:52.600	0.84193	0.84198			6
2025.01.17	01:51:53.691		0.84199			4
2025.01.17	01:51:54.086		0.84198			4
2025.01.17	01:52:03.330	0.84193				2
2025.01.17	01:52:07.621		0.84199			4
2025.01.17	01:52:27.874	0.84194				2
2025.01.17	01:52:43.502	0.84193	0.84198			6
2025.01.17	01:52:46.550	0.84194				2
2025.01.17	01:52:48.172		0.84199			4
2025.01.17	01:52:56.348		0.84198			4
2025.01.17	01:53:00.694	0.84194				2
2025.01.17	01:53:36.278		0.84197			4
2025.01.17	01:53:46.657		0.84198			4
2025.01.17	01:53:54.820	0.84195				2
2025.01.17	01:54:00.118	0.84195				2
2025.01.17	01:54:00.770		0.84199			4
2025.01.17	01:54:49.822	0.84194				2
2025.01.17	01:55:00.770	0.84194	0.84199			6
2025.01.17	01:55:47.059		0.84200			4
2025.01.17	01:56:03.775	0.84194				2
2025.01.17	01:56:10.403		0.84199			4
2025.01.17	01:56:21.772		0.84200			4
2025.01.17	01:56:30.375		0.84199			4
2025.01.17	01:56:34.356		0.84200			4
2025.01.17	01:56:36.359		0.84197			4
2025.01.17	01:56:37.379	0.84193				2
2025.01.17	01:56:39.742		0.84198			4
2025.01.17	01:57:01.401	0.84193	0.84197			6
2025.01.17	01:57:11.624		0.84199			4
2025.01.17	01:57:12.127	0.84194				2
2025.01.17	01:57:13.750	0.84193	0.84197			6
2025.01.17	01:57:24.356		0.84198			4
2025.01.17	01:57:30.423	0.84194				2
2025.01.17	01:58:00.397	0.84194				2
2025.01.17	01:58:03.206		0.84199			4
2025.01.17	01:58:18.564	0.84195				2
2025.01.17	01:58:21.490		0.84198			4
2025.01.17	01:58:22.637	0.84197	0.84201			6
2025.01.17	01:58:23.359	0.84199				2
2025.01.17	01:58:26.039	0.84198	0.84202			6
2025.01.17	01:58:26.381		0.84203			4
2025.01.17	01:58:27.513	0.84197	0.84202			6
2025.01.17	01:58:33.270		0.84203			4
2025.01.17	01:58:34.759		0.84202			4
2025.01.17	01:58:40.398	0.84198				2
2025.01.17	01:58:49.592		0.84203			4
2025.01.17	01:58:58.533		0.84202			4
2025.01.17	01:59:00.474	0.84198				2
2025.01.17	01:59:01.145		0.84201			4
2025.01.17	01:59:03.692	0.84197	0.84202			6
2025.01.17	01:59:10.660	0.84198				2
2025.01.17	01:59:11.394	0.84199				2
2025.01.17	01:59:11.950		0.84203			4
2025.01.17	01:59:18.319	0.84198				2
2025.01.17	01:59:25.447	0.84199				2
2025.01.17	01:59:34.203	0.84198				2
2025.01.17	01:59:38.982	0.84197				2
2025.01.17	01:59:39.365		0.84202			4
2025.01.17	01:59:41.016	0.84198	0.84203			6
2025.01.17	01:59:41.641	0.84199				2
2025.01.17	01:59:41.955		0.84204			4
2025.01.17	01:59:46.327	0.84198				2
2025.01.17	01:59:49.674	0.84199				2
2025.01.17	01:59:51.094	0.84198				2
2025.01.17	01:59:52.428		0.84203			4
2025.01.17	01:59:53.839	0.84199				2
2025.01.17	01:59:57.977	0.84198				2
2025.01.17	02:00:00.312	0.84198				2
2025.01.17	02:00:01.510		0.84202			4
2025.01.17	02:00:03.684	0.84200	0.84201			6
2025.01.17	02:00:04.200		0.84203			4
2025.01.17	02:00:07.513	0.84201	0.84202			6
2025.01.17	02:00:14.587	0.84198				2
2025.01.17	02:00:15.001	0.84199	0.84201			6
2025.01.17	02:00:15.416	0.84200				2
2025.01.17	02:00:25.424	0.84199	0.84202			6
2025.01.17	02:00:25.727		0.84201			4
2025.01.17	02:00:28.680		0.84200			4
2025.01.17	02:00:29.026		0.84201			4
2025.01.17	02:00:30.275	0.84200				2
2025.01.17	02:00:32.552	0.84199	0.84200			6
2025.01.17	02:00:40.857	0.84197	0.84198			6
2025.01.17	02:00:45.773	0.84195	0.84201			6
2025.01.17	02:00:49.451		0.84200			4
2025.01.17	02:00:49.923	0.84196				2
2025.01.17	02:00:52.476	0.84197	0.84201			6
2025.01.17	02:00:54.049	0.84196				2
2025.01.17	02:01:00.504	0.84194	0.84199			6
2025.01.17	02:01:00.822		0.84198			4
2025.01.17	02:01:07.275	0.84196				2
2025.01.17	02:01:07.592		0.84199			4
2025.01.17	02:01:14.783	0.84197				2
2025.01.17	02:01:41.993	0.84198				2
2025.01.17	02:01:42.303	0.84199	0.84200			6
2025.01.17	02:01:45.581	0.84198	0.84201			6
2025.01.17	02:01:46.665	0.84200	0.84203			6
2025.01.17	02:01:47.010	0.84201	0.84204			6
2025.01.17	02:01:49.904		0.84205			4
2025.01.17	02:01:50.224	0.84202	0.84206			6
2025.01.17	02:01:53.117	0.84201				2
2025.01.17	02:01:53.614		0.84205			4
2025.01.17	02:02:00.058	0.84201				2
2025.01.17	02:02:00.371	0.84202				2
2025.01.17	02:02:01.809	0.84200	0.84204			6
2025.01.17	02:02:05.198		0.84203			4
2025.01.17	02:02:05.946	0.84199				2
2025.01.17	02:02:12.106	0.84198	0.84201			6
2025.01.17	02:02:17.236	0.84200	0.84203			6
2025.01.17	02:02:17.540		0.84204			4
2025.01.17	02:02:18.884		0.84203			4
2025.01.17	02:02:31.753	0.84199	0.84202			6
2025.01.17	02:02:32.636		0.84201			4
2025.01.17	02:02:48.887	0.84198				2
2025.01.17	02:02:49.687		0.84200			4
2025.01.17	02:02:50.261	0.84199				2
2025.01.17	02:02:53.140	0.84198				2
2025.01.17	02:03:00.391	0.84198				2
2025.01.17	02:03:02.504		0.84199			4
2025.01.17	02:03:04.105	0.84197	0.84198			6
2025.01.17	02:03:20.384		0.84199			4
2025.01.17	02:03:21.085		0.84200			4
2025.01.17	02:03:23.985	0.84198	0.84201			6
2025.01.17	02:03:27.395	0.84197	0.84200			6
2025.01.17	02:03:27.714	0.84198	0.84201			6
2025.01.17	02:03:30.859		0.84199			4
2025.01.17	02:03:31.696		0.84200			4
2025.01.17	02:03:33.362	0.84197	0.84199			6
2025.01.17	02:03:33.906	0.84196	0.84198			6
2025.01.17	02:03:37.827		0.84199			4
2025.01.17	02:03:40.313	0.84197	0.84200			6
2025.01.17	02:03:41.920	0.84198	0.84199			6
2025.01.17	02:03:43.008	0.84197				2
2025.01.17	02:03:48.124	0.84198	0.84201			6
2025.01.17	02:03:54.908		0.84199			4
2025.01.17	02:03:57.108		0.84201			4
2025.01.17	02:04:02.485	0.84199	0.84202			6
2025.01.17	02:04:10.346		0.84201			4
2025.01.17	02:04:11.019	0.84198				2
2025.01.17	02:04:13.577		0.84202			4
2025.01.17	02:04:13.929		0.84201			4
2025.01.17	02:04:15.760		0.84202			4
2025.01.17	02:04:19.140		0.84201			4
2025.01.17	02:04:20.617	0.84197	0.84202			6
2025.01.17	02:04:21.005	0.84196	0.84200			6
2025.01.17	02:04:21.327	0.84195	0.84198			6
2025.01.17	02:04:21.844		0.84200			4
2025.01.17	02:04:24.510	0.84194	0.84196			6
2025.01.17	02:04:26.337	0.84195	0.84200			6
2025.01.17	02:04:28.428	0.84197	0.84201			6
2025.01.17	02:04:28.848		0.84200			4
2025.01.17	02:04:30.581	0.84196				2
2025.01.17	02:04:39.773	0.84197				2
2025.01.17	02:04:59.021	0.84198	0.84201			6
2025.01.17	02:05:00.524	0.84198				2
2025.01.17	02:05:13.357	0.84197				2
2025.01.17	02:05:15.109	0.84198	0.84200			6
2025.01.17	02:05:15.420	0.84195				2
2025.01.17	02:05:20.289	0.84197				2
2025.01.17	02:05:24.686	0.84199	0.84202			6
2025.01.17	02:05:25.058	0.84200				2
2025.01.17	02:05:25.569	0.84199				2
2025.01.17	02:05:34.206		0.84203			4
2025.01.17	02:05:36.008	0.84198	0.84202			6
2025.01.17	02:05:36.324	0.84197	0.84201			6
2025.01.17	02:05:58.170		0.84200			4
2025.01.17	02:05:58.854		0.84201			4
2025.01.17	02:06:00.367	0.84197				2
2025.01.17	02:06:05.627	0.84198				2
2025.01.17	02:06:06.169	0.84199	0.84202			6
2025.01.17	02:06:32.879	0.84198	0.84201			6
2025.01.17	02:06:35.969		0.84202			4
2025.01.17	02:06:36.596	0.84199				2
2025.01.17	02:06:48.580	0.84197				2
2025.01.17	02:06:53.976		0.84201			4
2025.01.17	02:07:08.651	0.84197	0.84202			6
2025.01.17	02:07:13.868		0.84201			4
2025.01.17	02:07:19.014	0.84195	0.84199			6
2025.01.17	02:07:19.385	0.84196				2
2025.01.17	02:07:39.140	0.84197				2
2025.01.17	02:07:42.686		0.84198			4
2025.01.17	02:07:49.683	0.84196				2
2025.01.17	02:07:55.756	0.84197				2
2025.01.17	02:07:56.099	0.84196				2
2025.01.17	02:08:00.551	0.84196				2
2025.01.17	02:08:12.343	0.84197	0.84199			6
2025.01.17	02:08:20.208	0.84198				2
2025.01.17	02:08:22.389	0.84197				2
2025.01.17	02:08:22.730	0.84198				2
2025.01.17	02:08:26.802	0.84197				2
2025.01.17	02:08:27.140	0.84198				2
2025.01.17	02:08:28.824	0.84197				2
2025.01.17	02:08:29.209	0.84198				2
2025.01.17	02:08:29.786		0.84200			4
2025.01.17	02:08:30.920	0.84197				2
2025.01.17	02:08:31.291	0.84198				2
2025.01.17	02:08:32.232	0.84197				2
2025.01.17	02:08:34.057	0.84198				2
2025.01.17	02:08:39.802		0.84201			4
2025.01.17	02:08:41.142		0.84200			4
2025.01.17	02:08:42.081		0.84202			4
2025.01.17	02:08:46.279	0.84199				2
2025.01.17	02:08:55.448	0.84198				2
2025.01.17	02:09:00.559	0.84198				2
2025.01.17	02:09:05.357		0.84200			4
2025.01.17	02:09:08.984	0.84199				2
2025.01.17	02:09:10.338		0.84201			4
2025.01.17	02:09:10.661		0.84200			4
2025.01.17	02:09:29.563	0.84200	0.84202			6
2025.01.17	02:09:34.585		0.84201			4
2025.01.17	02:09:36.301		0.84202			4
2025.01.17	02:09:57.775		0.84201			4
2025.01.17	02:10:00.377	0.84200				2
2025.01.17	02:10:12.393	0.84196	0.84200			6
2025.01.17	02:10:13.070	0.84195				2
2025.01.17	02:10:21.627	0.84196	0.84197			6
2025.01.17	02:10:27.978	0.84198	0.84200			6
2025.01.17	02:10:28.327	0.84197				2
2025.01.17	02:10:34.341	0.84198				2
2025.01.17	02:10:36.305	0.84199	0.84201			6
2025.01.17	02:10:36.831	0.84198				2
2025.01.17	02:10:37.142		0.84199			4
2025.01.17	02:10:46.356	0.84197	0.84198			6
2025.01.17	02:10:47.751	0.84196	0.84199			6
2025.01.17	02:10:50.550		0.84200			4
2025.01.17	02:10:53.124	0.84199				2
2025.01.17	02:11:00.351	0.84199				2
2025.01.17	02:11:01.450	0.84198	0.84199			6
2025.01.17	02:11:02.402	0.84199	0.84200			6
2025.01.17	02:11:07.369	0.84195	0.84196			6
2025.01.17	02:11:19.027		0.84198			4
2025.01.17	02:11:20.115	0.84196	0.84199			6
2025.01.17	02:11:33.644	0.84195				2
2025.01.17	02:11:34.169	0.84196				2
2025.01.17	02:11:40.233	0.84195	0.84198			6
2025.01.17	02:11:40.698		0.84199			4
2025.01.17	02:11:49.787		0.84198			4
2025.01.17	02:12:00.397	0.84195				2
2025.01.17	02:12:08.477		0.84199			4
2025.01.17	02:12:14.138	0.84193	0.84198			6
2025.01.17	02:12:19.692		0.84199			4
2025.01.17	02:12:20.158		0.84198			4
2025.01.17	02:12:26.037		0.84196			4
2025.01.17	02:12:32.342	0.84194				2
2025.01.17	02:12:34.552	0.84193				2
2025.01.17	02:12:37.295	0.84196	0.84199			6
2025.01.17	02:12:40.556	0.84197	0.84201			6
2025.01.17	02:12:47.807	0.84196				2
2025.01.17	02:12:55.880	0.84198				2
2025.01.17	02:12:56.412	0.84196	0.84198			6
2025.01.17	02:12:58.345	0.84195				2
2025.01.17	02:13:00.244	0.84194	0.84199			6
2025.01.17	02:13:00.561	0.84195				2
2025.01.17	02:13:01.485	0.84196				2
2025.01.17	02:13:04.342	0.84197				2
2025.01.17	02:13:05.029	0.84198	0.84200			6
2025.01.17	02:13:06.378	0.84197				2
2025.01.17	02:13:19.074	0.84196	0.84199			6
2025.01.17	02:13:21.383		0.84197			4
2025.01.17	02:13:23.850	0.84195	0.84198			6
2025.01.17	02:13:25.847	0.84196				2
2025.01.17	02:13:36.120		0.84197			4
2025.01.17	02:13:36.805		0.84199			4
2025.01.17	02:13:37.712	0.84197				2
2025.01.17	02:13:59.990	0.84195	0.84198			6
2025.01.17	02:14:01.836	0.84197	0.84199			6
2025.01.17	02:14:03.138	0.84196	0.84200			6
2025.01.17	02:14:12.464	0.84195				2
2025.01.17	02:14:24.428	0.84196				2
2025.01.17	02:14:25.955	0.84195				2
2025.01.17	02:14:27.798	0.84196				2
2025.01.17	02:14:29.789		0.84198			4
2025.01.17	02:14:36.032	0.84195	0.84199			6
2025.01.17	02:14:38.481		0.84198			4
2025.01.17	02:14:39.276	0.84193	0.84196			6
2025.01.17	02:14:40.350	0.84192				2
2025.01.17	02:14:43.445	0.84193				2
2025.01.17	02:14:44.431		0.84197			4
2025.01.17	02:14:46.316	0.84192	0.84194			6
2025.01.17	02:14:48.206		0.84193			4
2025.01.17	02:14:51.123	0.84191				2
2025.01.17	02:14:55.040		0.84192			4
2025.01.17	02:14:57.954		0.84193			4
2025.01.17	02:15:00.164	0.84189	0.84190			6
2025.01.17	02:15:09.017	0.84191	0.84193			6
2025.01.17	02:15:11.355		0.84192			4
2025.01.17	02:15:11.796	0.84190				2
2025.01.17	02:15:20.350	0.84189	0.84190			6
2025.01.17	02:15:20.982	0.84188				2
2025.01.17	02:15:23.726	0.84189				2
2025.01.17	02:15:27.906	0.84190	0.84191			6
2025.01.17	02:15:29.791	0.84188	0.84190			6
2025.01.17	02:15:32.275	0.84187				2
2025.01.17	02:15:34.660	0.84188				2
2025.01.17	02:15:46.781	0.84192	0.84194			6
2025.01.17	02:15:48.352	0.84191				2
2025.01.17	02:15:53.965	0.84192				2
2025.01.17	02:15:56.133		0.84193			4
2025.01.17	02:16:01.743	0.84192				2
2025.01.17	02:16:03.639	0.84191				2
2025.01.17	02:16:10.512	0.84194	0.84196			6
2025.01.17	02:16:10.824	0.84192	0.84194			6
2025.01.17	02:16:12.016	0.84193				2
2025.01.17	02:16:12.336	0.84192	0.84195			6
2025.01.17	02:16:12.670	0.84191				2
2025.01.17	02:16:13.104	0.84192				2
2025.01.17	02:16:13.543	0.84191				2
2025.01.17	02:16:14.552	0.84192				2
2025.01.17	02:16:14.996	0.84191				2
2025.01.17	02:16:15.415	0.84192				2
2025.01.17	02:16:20.349	0.84193				2
2025.01.17	02:16:28.281	0.84191				2
2025.01.17	02:16:32.746		0.84196			4
2025.01.17	02:16:50.832	0.84193				2
2025.01.17	02:16:52.109		0.84194			4
2025.01.17	02:16:53.027	0.84194	0.84195			6
2025.01.17	02:16:53.340	0.84193				2
2025.01.17	02:17:03.512	0.84193				2
2025.01.17	02:17:13.456	0.84194				2
2025.01.17	02:17:14.316	0.84193				2
2025.01.17	02:17:15.607		0.84194			4
2025.01.17	02:17:18.806	0.84194	0.84195			6
2025.01.17	02:17:29.541	0.84193	0.84194			6
2025.01.17	02:17:35.243	0.84192				2
2025.01.17	02:17:35.546	0.84194	0.84198			6
2025.01.17	02:17:35.871	0.84196	0.84197			6
2025.01.17	02:17:45.814		0.84198			4
2025.01.17	02:17:51.552	0.84197				2
2025.01.17	02:18:01.829	0.84197				2
2025.01.17	02:18:05.878	0.84196				2
2025.01.17	02:18:10.409		0.84199			4
2025.01.17	02:18:11.933	0.84197	0.84198			6
2025.01.17	02:18:46.550	0.84196	0.84202			6
2025.01.17	02:18:46.865	0.84197				2
2025.01.17	02:18:47.184	0.84196	0.84201			6
2025.01.17	02:18:47.592	0.84197	0.84202			6
2025.01.17	02:18:48.349	0.84196				2
2025.01.17	02:18:49.291	0.84197				2
2025.01.17	02:18:52.345	0.84198				2
2025.01.17	02:18:58.231	0.84196	0.84200			6
2025.01.17	02:18:59.792		0.84199			4
2025.01.17	02:19:00.159	0.84196				2
2025.01.17	02:19:05.236	0.84200	0.84201			6
2025.01.17	02:19:05.543	0.84201	0.84204			6
2025.01.17	02:19:05.902	0.84202	0.84205			6
2025.01.17	02:19:06.298	0.84201	0.84206			6
2025.01.17	02:19:06.647		0.84204			4
2025.01.17	02:19:08.435	0.84200	0.84203			6
2025.01.17	02:19:11.573		0.84204			4
2025.01.17	02:19:36.411	0.84201	0.84203			6
2025.01.17	02:19:36.738	0.84199				2
2025.01.17	02:19:45.420		0.84204			4
2025.01.17	02:19:45.778		0.84203			4
2025.01.17	02:19:46.482		0.84204			4
2025.01.17	02:19:49.012		0.84203			4
2025.01.17	02:19:49.376		0.84204			4
2025.01.17	02:19:51.284		0.84203			4
2025.01.17	02:19:55.655	0.84200	0.84201			6
2025.01.17	02:19:58.229		0.84202			4
2025.01.17	02:19:59.401		0.84201			4
2025.01.17	02:20:02.346	0.84200				2
2025.01.17	02:20:03.616		0.84202			4
2025.01.17	02:20:20.706	0.84196	0.84200			6
2025.01.17	02:20:21.028		0.84199			4
2025.01.17	02:20:21.346	0.84195				2
2025.01.17	02:20:22.570	0.84196	0.84198			6
2025.01.17	02:20:30.926	0.84195				2
2025.01.17	02:20:34.331	0.84194				2
2025.01.17	02:20:37.408	0.84195				2
2025.01.17	02:20:45.988	0.84194				2
2025.01.17	02:20:54.464		0.84199			4
2025.01.17	02:20:55.461	0.84193	0.84196			6
2025.01.17	02:20:55.784		0.84197			4
2025.01.17	02:20:56.572	0.84192	0.84196			6
2025.01.17	02:21:01.080	0.84192				2
2025.01.17	02:21:13.399		0.84198			4
2025.01.17	02:21:13.838		0.84197			4
2025.01.17	02:21:23.498	0.84189	0.84193			6
2025.01.17	02:21:23.888		0.84192			4
2025.01.17	02:21:40.838	0.84187	0.84190			6
2025.01.17	02:21:44.733	0.84186				2
2025.01.17	02:21:49.922	0.84191	0.84192			6
2025.01.17	02:21:50.229	0.84190	0.84193			6
2025.01.17	02:21:51.008	0.84189	0.84195			6
2025.01.17	02:21:52.023	0.84190	0.84193			6
2025.01.17	02:22:00.262	0.84190				2
2025.01.17	02:22:00.999		0.84194			4
2025.01.17	02:22:09.988	0.84191				2
2025.01.17	02:22:14.230	0.84192	0.84196			6
2025.01.17	02:22:14.630	0.84191				2
2025.01.17	02:22:14.944		0.84195			4
2025.01.17	02:22:23.055		0.84194			4
2025.01.17	02:22:43.682		0.84195			4
2025.01.17	02:22:46.337	0.84192				2
2025.01.17	02:22:51.369	0.84194				2
2025.01.17	02:22:55.294		0.84196			4
2025.01.17	02:23:00.373	0.84194	0.84197			6
2025.01.17	02:23:03.439		0.84198			4
2025.01.17	02:23:08.948	0.84193				2
2025.01.17	02:23:12.724	0.84194				2
2025.01.17	02:23:13.314	0.84193				2
2025.01.17	02:23:21.068	0.84192	0.84195			6
2025.01.17	02:23:30.734		0.84194			4
2025.01.17	02:23:35.796	0.84191				2
2025.01.17	02:23:36.117	0.84192				2
2025.01.17	02:24:00.399	0.84192				2
2025.01.17	02:24:03.765	0.84191	0.84193			6
2025.01.17	02:24:04.096	0.84192	0.84194			6
2025.01.17	02:24:04.718	0.84191				2
2025.01.17	02:24:05.722	0.84192				2
2025.01.17	02:24:06.071	0.84191				2
2025.01.17	02:24:10.626		0.84193			4
2025.01.17	02:24:18.107		0.84192			4
2025.01.17	02:24:52.446	0.84190				2
2025.01.17	02:24:52.763	0.84189	0.84191			6
2025.01.17	02:24:53.082		0.84190			4
2025.01.17	02:24:54.347		0.84191			4
2025.01.17	02:24:58.203		0.84192			4
2025.01.17	02:24:58.535		0.84191			4
2025.01.17	02:25:00.365	0.84189				2
2025.01.17	02:25:10.379	0.84187	0.84190			6
2025.01.17	02:25:10.941	0.84188	0.84191			6
2025.01.17	02:25:11.711	0.84189				2
2025.01.17	02:25:12.283	0.84188	0.84190			6
2025.01.17	02:25:15.514		0.84191			4
2025.01.17	02:25:15.893	0.84189				2
2025.01.17	02:25:16.313	0.84188	0.84192			6
2025.01.17	02:25:16.623	0.84189				2
2025.01.17	02:25:16.932	0.84192	0.84193			6
2025.01.17	02:25:18.697	0.84191				2
2025.01.17	02:25:22.791	0.84190				2
2025.01.17	02:25:24.652		0.84194			4
2025.01.17	02:25:25.334		0.84193			4
2025.01.17	02:25:28.444	0.84191				2
2025.01.17	02:25:29.075	0.84192				2
2025.01.17	02:25:44.660	0.84190	0.84191			6
2025.01.17	02:25:51.351		0.84192			4
2025.01.17	02:26:00.688	0.84190				2
2025.01.17	02:26:31.141		0.84191			4
2025.01.17	02:27:00.401	0.84190				2
2025.01.17	02:27:23.600	0.84189	0.84190			6
2025.01.17	02:27:26.304	0.84187	0.84188			6
2025.01.17	02:27:26.644	0.84188	0.84189			6
2025.01.17	02:27:29.901	0.84187	0.84188			6
2025.01.17	02:27:36.860	0.84188	0.84189			6
2025.01.17	02:27:40.958	0.84189	0.84190			6
2025.01.17	02:27:41.358	0.84190	0.84191			6
2025.01.17	02:27:41.670	0.84189	0.84190			6
2025.01.17	02:27:56.688	0.84190	0.84191			6
2025.01.17	02:28:06.050	0.84190				2
2025.01.17	02:28:58.748		0.84191			4
2025.01.17	02:29:00.399	0.84190				2
2025.01.17	02:29:17.926	0.84189				2
2025.01.17	02:29:57.948	0.84192	0.84194			6
2025.01.17	02:30:00.392	0.84192				2
2025.01.17	02:30:00.706	0.84191	0.84193			6
2025.01.17	02:30:05.375		0.84192			4
2025.01.17	02:30:09.415		0.84193			4
2025.01.17	02:30:16.113		0.84192			4
2025.01.17	02:30:17.175		0.84193			4
2025.01.17	02:30:17.866	0.84189	0.84191			6
2025.01.17	02:30:18.837		0.84190			4
2025.01.17	02:30:19.640		0.84191			4
2025.01.17	02:30:20.176	0.84187	0.84190			6
2025.01.17	02:30:20.484	0.84185	0.84188			6
2025.01.17	02:30:21.143		0.84187			4
2025.01.17	02:30:22.034	0.84186				2
2025.01.17	02:30:22.347	0.84185	0.84188			6
2025.01.17	02:30:23.674		0.84186			4
2025.01.17	02:30:28.046	0.84184				2
2025.01.17	02:30:28.350	0.84185				2
2025.01.17	02:30:29.981		0.84187			4
2025.01.17	02:30:31.054	0.84186				2
2025.01.17	02:30:32.904	0.84185	0.84188			6
2025.01.17	02:30:33.223	0.84186				2
2025.01.17	02:30:40.615	0.84188	0.84189			6
2025.01.17	02:30:40.924		0.84190			4
2025.01.17	02:30:41.252		0.84189			4
2025.01.17	02:30:41.800		0.84190			4
2025.01.17	02:30:42.229		0.84189			4
2025.01.17	02:30:42.590		0.84190			4
2025.01.17	02:30:44.510	0.84187	0.84191			6
2025.01.17	02:30:44.813		0.84190			4
2025.01.17	02:30:48.342		0.84189			4
2025.01.17	02:30:50.350	0.84189	0.84190			6
2025.01.17	02:30:50.821	0.84188				2
2025.01.17	02:30:53.433	0.84189	0.84191			6
2025.01.17	02:30:54.823	0.84191	0.84192			6
2025.01.17	02:30:58.654		0.84193			4
2025.01.17	02:31:00.179	0.84191	0.84194			6
2025.01.17	02:31:00.548		0.84193			4
2025.01.17	02:31:01.933		0.84194			4
2025.01.17	02:31:04.701	0.84193	0.84195			6
2025.01.17	02:31:06.240	0.84194				2
2025.01.17	02:31:06.580		0.84196			4
2025.01.17	02:31:09.324	0.84195				2
2025.01.17	02:31:09.698	0.84192	0.84194			6
2025.01.17	02:31:11.569	0.84193				2
2025.01.17	02:31:13.537	0.84192				2
2025.01.17	02:31:15.995	0.84193				2
2025.01.17	02:31:19.312	0.84194	0.84195			6
2025.01.17	02:31:24.538	0.84192	0.84193			6
2025.01.17	02:31:41.826		0.84194			4
2025.01.17	02:31:45.371		0.84193			4
2025.01.17	02:31:47.948	0.84193	0.84194			6
2025.01.17	02:32:00.608	0.84193				2
2025.01.17	02:32:09.950	0.84192	0.84193			6
2025.01.17	02:32:10.524	0.84190	0.84191			6
2025.01.17	02:32:10.848		0.84192			4
2025.01.17	02:32:15.158	0.84189	0.84191			6
2025.01.17	02:32:26.018	0.84190				2
2025.01.17	02:32:27.376		0.84192			4
2025.01.17	02:32:27.684		0.84191			4
2025.01.17	02:32:29.258	0.84188	0.84189			6
2025.01.17	02:32:38.703	0.84187	0.84188			6
2025.01.17	02:32:39.876	0.84186	0.84187			6
2025.01.17	02:32:41.719	0.84185	0.84186			6
2025.01.17	02:32:50.989		0.84187			4
2025.01.17	02:32:51.759	0.84186				2
2025.01.17	02:32:53.480	0.84187	0.84188			6
2025.01.17	02:32:57.456	0.84188	0.84189			6
2025.01.17	02:33:00.376	0.84188				2
2025.01.17	02:33:03.952	0.84190	0.84191			6
2025.01.17	02:33:33.091		0.84192			4
2025.01.17	02:33:33.462		0.84191			4
2025.01.17	02:34:00.401	0.84190				2
2025.01.17	02:34:10.392	0.84189	0.84190			6
2025.01.17	02:34:22.241	0.84187	0.84188			6
2025.01.17	02:34:23.643	0.84185	0.84186			6
2025.01.17	02:34:24.075	0.84184	0.84185			6
2025.01.17	02:34:24.482	0.84183	0.84184			6
2025.01.17	02:34:25.355	0.84184	0.84185			6
2025.01.17	02:34:26.873	0.84187	0.84188			6
2025.01.17	02:34:30.313	0.84184	0.84185			6
2025.01.17	02:34:32.210	0.84183	0.84184			6
2025.01.17	02:34:32.522	0.84184	0.84185			6
2025.01.17	02:34:33.375	0.84183	0.84184			6
2025.01.17	02:34:33.997	0.84182	0.84183			6
2025.01.17	02:34:34.371	0.84183	0.84184			6
2025.01.17	02:34:37.485	0.84182	0.84183			6
2025.01.17	02:34:39.533	0.84181	0.84182			6
2025.01.17	02:34:41.794	0.84182	0.84183			6
2025.01.17	02:34:44.480	0.84186	0.84187			6
2025.01.17	02:34:46.447	0.84185	0.84186			6
2025.01.17	02:34:54.044		0.84187			4
2025.01.17	02:34:55.371	0.84184	0.84185			6
2025.01.17	02:34:56.715	0.84185	0.84186			6
2025.01.17	02:35:00.376	0.84185				2
2025.01.17	02:35:00.708	0.84186	0.84187			6
2025.01.17	02:35:05.788	0.84185	0.84186			6
2025.01.17	02:35:31.543		0.84187			4
2025.01.17	02:35:31.854		0.84186			4
2025.01.17	02:35:34.978	0.84187	0.84188			6
2025.01.17	02:35:45.834	0.84188	0.84190			6
2025.01.17	02:35:46.148	0.84189	0.84191			6
2025.01.17	02:35:46.466	0.84190	0.84192			6
2025.01.17	02:35:47.982		0.84191			4
2025.01.17	02:35:49.524		0.84192			4
2025.01.17	02:35:50.043		0.84191			4
2025.01.17	02:35:50.348		0.84192			4
2025.01.17	02:35:50.662	0.84191				2
2025.01.17	02:35:54.018		0.84193			4
2025.01.17	02:35:54.375		0.84192			4
2025.01.17	02:35:55.164	0.84190	0.84193			6
2025.01.17	02:35:55.905		0.84192			4
2025.01.17	02:35:59.421	0.84191	0.84193			6
2025.01.17	02:36:00.367	0.84191				2
2025.01.17	02:36:00.852	0.84192				2
2025.01.17	02:36:11.090	0.84190	0.84192			6
2025.01.17	02:36:15.027	0.84192	0.84193			6
2025.01.17	02:36:15.349	0.84191	0.84192			6
2025.01.17	02:36:23.174	0.84190				2
2025.01.17	02:36:27.156	0.84191				2
2025.01.17	02:36:29.463	0.84190	0.84191			6
2025.01.17	02:36:39.014	0.84189	0.84190			6
2025.01.17	02:36:44.847		0.84191			4
2025.01.17	02:36:48.506		0.84190			4
2025.01.17	02:36:49.599		0.84191			4
2025.01.17	02:36:56.000	0.84188	0.84190			6
2025.01.17	02:37:00.657	0.84188	0.84191			6
2025.01.17	02:37:01.993		0.84190			4
2025.01.17	02:37:03.662	0.84189				2
2025.01.17	02:37:05.866	0.84187	0.84189			6
2025.01.17	02:37:06.898		0.84188			4
2025.01.17	02:37:11.720	0.84189	0.84190			6
2025.01.17	02:37:21.829	0.84188	0.84189			6
2025.01.17	02:37:23.533	0.84189	0.84190			6
2025.01.17	02:38:00.399	0.84189				2
2025.01.17	02:38:03.096	0.84190	0.84191			6
2025.01.17	02:38:07.217	0.84189	0.84190			6
2025.01.17	02:38:39.264	0.84187	0.84188			6
2025.01.17	02:38:42.177	0.84188	0.84189			6
2025.01.17	02:38:42.901	0.84189	0.84190			6
2025.01.17	02:38:43.871		0.84191			4
2025.01.17	02:38:50.976	0.84190				2
2025.01.17	02:38:56.194	0.84189				2
2025.01.17	02:39:00.573	0.84189				2
2025.01.17	02:39:07.384	0.84191	0.84192			6
2025.01.17	02:39:19.069	0.84190	0.84191			6
2025.01.17	02:40:00.221	0.84190				2
2025.01.17	02:40:08.042	0.84189	0.84190			6
2025.01.17	02:40:08.392	0.84188	0.84189			6
2025.01.17	02:40:08.698	0.84189	0.84190			6
2025.01.17	02:40:09.423	0.84191	0.84192			6
2025.01.17	02:40:15.204	0.84190	0.84191			6
2025.01.17	02:40:17.331	0.84191	0.84192			6
2025.01.17	02:40:40.263	0.84193	0.84194			6
2025.01.17	02:40:46.533	0.84191	0.84192			6
2025.01.17	02:41:01.468	0.84191				2
2025.01.17	02:41:33.396	0.84192	0.84193			6
2025.01.17	02:41:41.206	0.84191				2
2025.01.17	02:41:44.880	0.84194	0.84195			6
2025.01.17	02:41:53.446	0.84195	0.84196			6
2025.01.17	02:41:55.373	0.84194	0.84195			6
2025.01.17	02:42:00.305	0.84194				2
2025.01.17	02:42:18.910	0.84193	0.84194			6
2025.01.17	02:42:22.508	0.84192	0.84193			6
2025.01.17	02:42:23.119		0.84194			4
2025.01.17	02:42:23.845		0.84193			4
2025.01.17	02:42:54.391	0.84191	0.84192			6
2025.01.17	02:42:56.554	0.84192	0.84193			6
2025.01.17	02:43:00.890	0.84192				2
2025.01.17	02:43:23.968	0.84194	0.84195			6
2025.01.17	02:43:24.362	0.84195	0.84196			6
2025.01.17	02:43:25.408	0.84196	0.84197			6
2025.01.17	02:43:27.783	0.84195	0.84196			6
2025.01.17	02:43:28.657	0.84194	0.84195			6
2025.01.17	02:43:31.981	0.84195	0.84196			6
2025.01.17	02:43:37.306	0.84196	0.84197			6
2025.01.17	02:43:48.489	0.84195	0.84196			6
2025.01.17	02:43:49.750	0.84193	0.84194			6
2025.01.17	02:43:53.872		0.84195			4
2025.01.17	02:43:54.446	0.84194				2
2025.01.17	02:43:57.205	0.84193				2
2025.01.17	02:43:58.359	0.84194				2
2025.01.17	02:44:01.033	0.84194				2
2025.01.17	02:44:06.532	0.84195	0.84196			6
2025.01.17	02:44:16.157	0.84193	0.84195			6
2025.01.17	02:44:17.046		0.84194			4
2025.01.17	02:44:27.420	0.84192	0.84193			6
2025.01.17	02:44:30.845	0.84193	0.84194			6
2025.01.17	02:44:39.628	0.84194	0.84195			6
2025.01.17	02:44:42.001	0.84196	0.84197			6
2025.01.17	02:44:42.772	0.84195				2
2025.01.17	02:44:44.478		0.84196			4
2025.01.17	02:44:47.217		0.84197			4
2025.01.17	02:44:47.533	0.84196				2
2025.01.17	02:44:48.679	0.84195	0.84196			6
2025.01.17	02:44:54.038	0.84196	0.84197			6
2025.01.17	02:45:00.668	0.84195	0.84196			6
2025.01.17	02:45:03.463	0.84194	0.84195			6
2025.01.17	02:45:03.779	0.84193				2
2025.01.17	02:45:05.923		0.84194			4
2025.01.17	02:45:18.504	0.84194	0.84195			6
2025.01.17	02:45:19.340	0.84196	0.84197			6
2025.01.17	02:45:23.444	0.84197	0.84198			6
2025.01.17	02:45:23.810	0.84196	0.84197			6
2025.01.17	02:45:50.346	0.84195				2
2025.01.17	02:46:00.244	0.84195				2
2025.01.17	02:46:02.377	0.84196				2
2025.01.17	02:46:04.801	0.84197	0.84198			6
2025.01.17	02:46:06.804	0.84198	0.84199			6
2025.01.17	02:46:09.570	0.84197	0.84198			6
2025.01.17	02:46:10.900	0.84199	0.84200			6
2025.01.17	02:46:11.766		0.84201			4
2025.01.17	02:46:15.087	0.84200	0.84202			6
2025.01.17	02:46:17.857		0.84201			4
2025.01.17	02:46:20.560	0.84201	0.84202			6
2025.01.17	02:46:24.553	0.84200	0.84201			6
2025.01.17	02:46:41.517	0.84201	0.84202			6
2025.01.17	02:46:43.501	0.84200	0.84201			6
2025.01.17	02:46:50.703	0.84199	0.84200			6
2025.01.17	02:46:51.868	0.84198	0.84199			6
2025.01.17	02:46:55.445	0.84197	0.84198			6
2025.01.17	02:47:00.581	0.84197				2
2025.01.17	02:47:01.451	0.84198	0.84202			6
2025.01.17	02:47:03.793	0.84197	0.84198			6
2025.01.17	02:47:13.887	0.84196	0.84197			6
2025.01.17	02:47:14.210	0.84199	0.84201			6
2025.01.17	02:47:14.524	0.84201	0.84202			6
2025.01.17	02:47:17.325	0.84202	0.84203			6
2025.01.17	02:47:26.309	0.84200	0.84205			6
2025.01.17	02:47:26.624	0.84202	0.84203			6
2025.01.17	02:47:42.139	0.84201	0.84204			6
2025.01.17	02:47:43.721	0.84202	0.84203			6
2025.01.17	02:47:49.994	0.84201	0.84204			6
2025.01.17	02:47:50.636	0.84202	0.84205			6
2025.01.17	02:47:51.946	0.84203	0.84204			6
2025.01.17	02:47:59.519	0.84202	0.84205			6
2025.01.17	02:48:00.099	0.84202				2
2025.01.17	02:48:00.775		0.84204			4
2025.01.17	02:48:02.112		0.84205			4
2025.01.17	02:48:04.201	0.84201				2
2025.01.17	02:48:04.656	0.84202				2
2025.01.17	02:48:07.208	0.84200	0.84204			6
2025.01.17	02:48:07.837	0.84203				2
2025.01.17	02:48:08.346	0.84202	0.84203			6
2025.01.17	02:48:10.072	0.84201	0.84204			6
2025.01.17	02:48:11.080	0.84200	0.84203			6
2025.01.17	02:48:11.384	0.84198				2
2025.01.17	02:48:11.708	0.84199	0.84202			6
2025.01.17	02:48:12.545	0.84200				2
2025.01.17	02:48:13.735		0.84203			4
2025.01.17	02:48:15.919		0.84202			4
2025.01.17	02:48:16.431		0.84203			4
2025.01.17	02:48:18.514		0.84202			4
2025.01.17	02:48:21.412		0.84203			4
2025.01.17	02:48:24.507		0.84202			4
2025.01.17	02:48:25.016		0.84203			4
2025.01.17	02:48:28.567	0.84202	0.84204			6
2025.01.17	02:48:32.411		0.84205			4
2025.01.17	02:48:33.374		0.84204			4
2025.01.17	02:48:35.081	0.84201				2
2025.01.17	02:48:37.424	0.84203	0.84205			6
2025.01.17	02:48:39.658		0.84206			4
2025.01.17	02:48:40.349		0.84205			4
2025.01.17	02:48:44.004	0.84202				2
2025.01.17	02:48:50.983	0.84206	0.84207			6
2025.01.17	02:48:51.932	0.84204				2
2025.01.17	02:48:52.309	0.84206				2
2025.01.17	02:48:55.078		0.84209			4
2025.01.17	02:48:55.553	0.84204	0.84208			6
2025.01.17	02:48:55.973		0.84207			4
2025.01.17	02:48:56.386		0.84208			4
2025.01.17	02:48:56.803	0.84206				2
2025.01.17	02:48:58.631		0.84207			4
2025.01.17	02:48:59.008		0.84208			4
2025.01.17	02:49:00.344	0.84206				2
2025.01.17	02:49:01.878	0.84205	0.84209			6
2025.01.17	02:49:03.897	0.84206				2
2025.01.17	02:49:06.091	0.84205	0.84208			6
2025.01.17	02:49:07.198	0.84206				2
2025.01.17	02:49:09.982	0.84207				2
2025.01.17	02:49:18.932	0.84208	0.84209			6
2025.01.17	02:49:21.568	0.84209	0.84210			6
2025.01.17	02:49:27.846	0.84208				2
2025.01.17	02:49:29.833	0.84209				2
2025.01.17	02:49:31.772	0.84208				2
2025.01.17	02:49:36.472	0.84206				2
2025.01.17	02:49:37.682	0.84208	0.84209			6
2025.01.17	02:49:38.468	0.84207	0.84211			6
2025.01.17	02:49:39.230		0.84209			4
2025.01.17	02:49:39.879		0.84210			4
2025.01.17	02:49:40.197		0.84209			4
2025.01.17	02:49:40.531	0.84208				2
2025.01.17	02:49:40.845	0.84210	0.84211			6
2025.01.17	02:49:41.557		0.84212			4
2025.01.17	02:49:41.926	0.84211				2
2025.01.17	02:49:43.628	0.84210				2
2025.01.17	02:49:44.200	0.84209				2
2025.01.17	02:49:45.604	0.84210	0.84211			6
2025.01.17	02:49:46.906	0.84211	0.84212			6
2025.01.17	02:49:51.183	0.84210				2
2025.01.17	02:49:52.184	0.84211				2
2025.01.17	02:49:54.206	0.84208	0.84211			6
2025.01.17	02:49:57.963		0.84210			4
2025.01.17	02:50:00.855	0.84208	0.84211			6
2025.01.17	02:50:04.391	0.84210	0.84212			6
2025.01.17	02:50:07.423	0.84218	0.84219			6
2025.01.17	02:50:08.495	0.84217	0.84218			6
2025.01.17	02:50:10.218	0.84216				2
2025.01.17	02:50:13.563	0.84217				2
2025.01.17	02:50:13.981		0.84219			4
2025.01.17	02:50:14.342		0.84218			4
2025.01.17	02:50:15.951	0.84216	0.84217			6
2025.01.17	02:50:20.192		0.84218			4
2025.01.17	02:50:20.981	0.84217				2
2025.01.17	02:50:22.521	0.84216				2
2025.01.17	02:50:28.225	0.84217				2
2025.01.17	02:50:29.256	0.84216	0.84217			6
2025.01.17	02:50:32.841	0.84214	0.84218			6
2025.01.17	02:50:35.344		0.84219			4
2025.01.17	02:50:41.411	0.84215				2
2025.01.17	02:50:48.618	0.84214	0.84218			6
2025.01.17	02:50:50.744	0.84215				2
2025.01.17	02:50:52.760	0.84214				2
2025.01.17	02:50:53.918	0.84213	0.84219			6
2025.01.17	02:50:54.230	0.84214	0.84218			6
2025.01.17	02:50:54.951		0.84219			4
2025.01.17	02:50:57.002		0.84218			4
2025.01.17	02:50:57.395		0.84219			4
2025.01.17	02:50:57.844	0.84213				2
2025.01.17	02:50:58.545		0.84217			4
2025.01.17	02:50:59.045	0.84214	0.84218			6
2025.01.17	02:51:00.109	0.84214	0.84216			6
2025.01.17	02:51:00.604	0.84215				2
2025.01.17	02:51:03.403	0.84213				2
2025.01.17	02:51:04.349		0.84218			4
2025.01.17	02:51:04.682	0.84212				2
2025.01.17	02:51:06.608		0.84214			4
2025.01.17	02:51:07.630	0.84211				2
2025.01.17	02:51:08.519	0.84212				2
2025.01.17	02:51:10.202	0.84211				2
2025.01.17	02:51:12.907	0.84212				2
2025.01.17	02:51:13.995	0.84211				2
2025.01.17	02:51:14.304	0.84213				2
2025.01.17	02:51:14.736	0.84212				2
2025.01.17	02:51:17.225	0.84213				2
2025.01.17	02:51:22.951		0.84215			4
2025.01.17	02:51:23.615		0.84214			4
2025.01.17	02:51:26.197	0.84217	0.84218			6
2025.01.17	02:51:26.957	0.84218	0.84219			6
2025.01.17	02:51:27.685	0.84217	0.84218			6
2025.01.17	02:51:30.397	0.84213	0.84215			6
2025.01.17	02:51:30.957	0.84215	0.84216			6
2025.01.17	02:51:32.377		0.84217			4
2025.01.17	02:51:32.946	0.84217	0.84218			6
2025.01.17	02:51:33.319	0.84218	0.84219			6
2025.01.17	02:51:42.510	0.84222	0.84223			6
2025.01.17	02:51:50.559	0.84219	0.84220			6
2025.01.17	02:51:50.917	0.84218	0.84219			6
2025.01.17	02:51:51.371		0.84220			4
2025.01.17	02:51:53.913	0.84219				2
2025.01.17	02:52:00.745	0.84219				2
2025.01.17	02:52:02.289	0.84218	0.84219			6
2025.01.17	02:52:02.842		0.84220			4
2025.01.17	02:52:03.191	0.84219				2
2025.01.17	02:52:03.766	0.84218				2
2025.01.17	02:52:04.284	0.84219				2
2025.01.17	02:52:06.401	0.84218				2
2025.01.17	02:52:07.053	0.84219	0.84221			6
2025.01.17	02:52:07.646		0.84220			4
2025.01.17	02:52:11.543	0.84218	0.84219			6
2025.01.17	02:52:13.598	0.84217	0.84218			6
2025.01.17	02:52:13.904	0.84216	0.84217			6
2025.01.17	02:52:19.396	0.84215	0.84218			6
2025.01.17	02:52:20.353	0.84214	0.84217			6
2025.01.17	02:52:21.630	0.84215				2
2025.01.17	02:52:26.619	0.84216	0.84218			6
2025.01.17	02:52:27.529		0.84217			4
2025.01.17	02:52:30.440		0.84218			4
2025.01.17	02:52:31.715	0.84217				2
2025.01.17	02:52:33.121		0.84219			4
2025.01.17	02:52:34.289	0.84218				2
2025.01.17	02:52:35.285	0.84216	0.84220			6
2025.01.17	02:52:35.774	0.84218	0.84221			6
2025.01.17	02:52:37.962		0.84223			4
2025.01.17	02:52:38.959	0.84219				2
2025.01.17	02:52:39.348	0.84223	0.84224			6
2025.01.17	02:52:39.968		0.84225			4
2025.01.17	02:52:40.281	0.84224				2
2025.01.17	02:52:40.883	0.84225	0.84226			6
2025.01.17	02:52:41.581	0.84222				2
2025.01.17	02:52:45.564	0.84223				2
2025.01.17	02:52:45.871	0.84224	0.84227			6
2025.01.17	02:52:46.746	0.84225				2
2025.01.17	02:52:48.696	0.84227	0.84229			6
2025.01.17	02:52:49.933	0.84232	0.84235			6
2025.01.17	02:52:50.245	0.84230	0.84233			6
2025.01.17	02:52:51.766	0.84231				2
2025.01.17	02:52:52.164	0.84230	0.84231			6
2025.01.17	02:52:55.169	0.84229				2
2025.01.17	02:52:55.496	0.84230				2
2025.01.17	02:52:57.029	0.84229				2
2025.01.17	02:52:57.492	0.84230				2
2025.01.17	02:52:58.753		0.84234			4
2025.01.17	02:52:59.114	0.84232	0.84233			6
2025.01.17	02:53:00.134	0.84232				2
2025.01.17	02:53:01.034	0.84233	0.84234			6
2025.01.17	02:53:01.756	0.84232				2
2025.01.17	02:53:04.156	0.84233				2
2025.01.17	02:53:04.547	0.84232	0.84233			6
2025.01.17	02:53:05.398	0.84233	0.84234			6
2025.01.17	02:53:05.704	0.84232	0.84233			6
2025.01.17	02:53:06.021		0.84234			4
2025.01.17	02:53:06.914		0.84233			4
2025.01.17	02:53:07.431	0.84231	0.84236			6
2025.01.17	02:53:08.366	0.84233				2
2025.01.17	02:53:08.670	0.84239	0.84240			6
2025.01.17	02:53:09.313	0.84238				2
2025.01.17	02:53:10.005		0.84239			4
2025.01.17	02:53:13.400	0.84237	0.84238			6
2025.01.17	02:53:13.828	0.84238	0.84240			6
2025.01.17	02:53:14.264		0.84239			4
2025.01.17	02:53:14.804		0.84240			4
2025.01.17	02:53:16.008		0.84239			4
2025.01.17	02:53:18.271	0.84237				2
2025.01.17	02:53:18.619	0.84239	0.84240			6
2025.01.17	02:53:19.667	0.84238	0.84241			6
2025.01.17	02:53:21.316	0.84245	0.84246			6
2025.01.17	02:53:21.624	0.84241	0.84244			6
2025.01.17	02:53:22.078	0.84240				2
2025.01.17	02:53:23.253	0.84239	0.84243			6
2025.01.17	02:53:23.687	0.84240				2
2025.01.17	02:53:24.005	0.84239				2
2025.01.17	02:53:26.343	0.84240				2
2025.01.17	02:53:26.886		0.84241			4
2025.01.17	02:53:27.204	0.84239	0.84240			6
2025.01.17	02:53:27.516	0.84238				2
2025.01.17	02:53:28.366		0.84239			4
2025.01.17	02:53:29.064		0.84240			4
2025.01.17	02:53:39.671	0.84237	0.84238			6
2025.01.17	02:53:46.751	0.84238	0.84239			6
2025.01.17	02:53:48.616	0.84237				2
2025.01.17	02:53:49.575	0.84234	0.84237			6
2025.01.17	02:53:55.319	0.84231	0.84236			6
2025.01.17	02:53:56.342	0.84232	0.84234			6
2025.01.17	02:53:56.693	0.84230	0.84236			6
2025.01.17	02:53:57.021	0.84231	0.84235			6
2025.01.17	02:53:57.502	0.84235	0.84236			6
2025.01.17	02:54:00.161	0.84233	0.84234			6
2025.01.17	02:54:00.571	0.84232				2
2025.01.17	02:54:00.964		0.84233			4
2025.01.17	02:54:01.361		0.84234			4
2025.01.17	02:54:02.029		0.84233			4
2025.01.17	02:54:02.631		0.84234			4
2025.01.17	02:54:02.946	0.84234	0.84235			6
2025.01.17	02:54:04.980	0.84233	0.84234			6
2025.01.17	02:54:05.820	0.84234	0.84235			6
2025.01.17	02:54:06.988	0.84233				2
2025.01.17	02:54:07.884		0.84234			4
2025.01.17	02:54:08.627	0.84234	0.84235			6
2025.01.17	02:54:09.057	0.84233	0.84234			6
2025.01.17	02:54:09.422	0.84232				2
2025.01.17	02:54:10.250	0.84234	0.84235			6
2025.01.17	02:54:11.404	0.84233	0.84234			6
2025.01.17	02:54:22.586	0.84234	0.84235			6
2025.01.17	02:54:25.475	0.84233	0.84234			6
2025.01.17	02:54:26.343	0.84234	0.84235			6
2025.01.17	02:54:33.482	0.84235	0.84236			6
2025.01.17	02:54:33.921	0.84234	0.84235			6
2025.01.17	02:54:42.492	0.84236	0.84238			6
2025.01.17	02:54:42.928	0.84238	0.84239			6
2025.01.17	02:54:43.327	0.84239	0.84241			6
2025.01.17	02:54:43.650	0.84238	0.84239			6
2025.01.17	02:54:45.802	0.84239	0.84241			6
2025.01.17	02:54:46.580	0.84240				2
2025.01.17	02:54:48.394	0.84241	0.84242			6
2025.01.17	02:54:48.703		0.84243			4
2025.01.17	02:54:49.487	0.84242				2
2025.01.17	02:54:50.374	0.84241	0.84242			6
2025.01.17	02:54:51.736	0.84240	0.84241			6
2025.01.17	02:54:52.043	0.84239	0.84240			6
2025.01.17	02:54:53.126	0.84238	0.84239			6
2025.01.17	02:54:54.134	0.84239	0.84240			6
2025.01.17	02:54:55.515	0.84240	0.84241			6
2025.01.17	02:54:56.239	0.84238	0.84239			6
2025.01.17	02:54:57.217	0.84240	0.84241			6
2025.01.17	02:54:57.631	0.84238	0.84239			6
2025.01.17	02:54:57.939	0.84237	0.84238			6
2025.01.17	02:54:59.368	0.84238	0.84239			6
2025.01.17	02:54:59.673	0.84237	0.84238			6
2025.01.17	02:54:59.985	0.84238	0.84239			6
2025.01.17	02:55:00.323	0.84235	0.84237			6
2025.01.17	02:55:01.620	0.84236				2
2025.01.17	02:55:01.923		0.84238			4
2025.01.17	02:55:02.666	0.84237				2
2025.01.17	02:55:05.082	0.84236	0.84237			6
2025.01.17	02:55:06.917	0.84234	0.84235			6
2025.01.17	02:55:07.223	0.84232	0.84233			6
2025.01.17	02:55:08.351	0.84233	0.84235			6
2025.01.17	02:55:08.795		0.84234			4
2025.01.17	02:55:09.809	0.84232	0.84233			6
2025.01.17	02:55:10.137	0.84233	0.84234			6
2025.01.17	02:55:11.592	0.84232	0.84233			6
2025.01.17	02:55:12.175	0.84231	0.84232			6
2025.01.17	02:55:12.482	0.84232	0.84233			6
2025.01.17	02:55:14.586		0.84234			4
2025.01.17	02:55:15.748	0.84233				2
2025.01.17	02:55:22.385	0.84236	0.84237			6
2025.01.17	02:55:23.912	0.84235	0.84238			6
2025.01.17	02:55:24.406		0.84237			4
2025.01.17	02:55:25.305	0.84237	0.84238			6
2025.01.17	02:55:31.339	0.84234				2
2025.01.17	02:55:32.370	0.84235	0.84237			6
2025.01.17	02:55:32.691	0.84234				2
2025.01.17	02:55:33.536		0.84236			4
2025.01.17	02:55:33.858	0.84233	0.84237			6
2025.01.17	02:55:34.345		0.84234			4
2025.01.17	02:55:36.313	0.84232				2
2025.01.17	02:55:36.727	0.84233				2
2025.01.17	02:55:37.878	0.84232	0.84233			6
2025.01.17	02:55:42.251	0.84231	0.84234			6
2025.01.17	02:55:44.802		0.84233			4
2025.01.17	02:55:45.104		0.84232			4
2025.01.17	02:55:47.418		0.84233			4
2025.01.17	02:55:49.131	0.84232				2
2025.01.17	02:55:52.847		0.84234			4
2025.01.17	02:55:59.645		0.84233			4
2025.01.17	02:56:00.582	0.84232				2
2025.01.17	02:56:01.581		0.84234			4
2025.01.17	02:56:02.766	0.84231	0.84233			6
2025.01.17	02:56:03.292		0.84234			4
2025.01.17	02:56:03.806		0.84233			4
2025.01.17	02:56:04.116	0.84232	0.84234			6
2025.01.17	02:56:04.423	0.84231				2
2025.01.17	02:56:05.792	0.84230				2
2025.01.17	02:56:06.201	0.84231				2
2025.01.17	02:56:07.038	0.84230				2
2025.01.17	02:56:08.174	0.84232	0.84233			6
2025.01.17	02:56:10.287		0.84234			4
2025.01.17	02:56:10.603		0.84233			4
2025.01.17	02:56:12.112	0.84231	0.84234			6
2025.01.17	02:56:13.986	0.84230				2
2025.01.17	02:56:26.121	0.84229	0.84233			6
2025.01.17	02:56:26.703	0.84230				2
2025.01.17	02:56:28.218	0.84231	0.84232			6
2025.01.17	02:56:33.428	0.84230	0.84231			6
2025.01.17	02:56:37.089	0.84228	0.84232			6
2025.01.17	02:56:38.693	0.84230	0.84231			6
2025.01.17	02:56:39.845	0.84229	0.84232			6
2025.01.17	02:56:40.172	0.84230	0.84231			6
2025.01.17	02:56:44.691	0.84231	0.84232			6
2025.01.17	02:56:51.152		0.84233			4
2025.01.17	02:56:51.508	0.84232				2
2025.01.17	02:56:52.822		0.84234			4
2025.01.17	02:56:57.394	0.84234	0.84235			6
2025.01.17	02:56:58.933	0.84235	0.84236			6
2025.01.17	02:57:00.023	0.84235				2
2025.01.17	02:57:09.886	0.84234	0.84235			6
2025.01.17	02:57:10.302	0.84235	0.84236			6
2025.01.17	02:57:16.562	0.84232	0.84234			6
2025.01.17	02:57:18.903		0.84233			4
2025.01.17	02:57:19.295	0.84231	0.84235			6
2025.01.17	02:57:19.968		0.84234			4
2025.01.17	02:57:20.749	0.84230				2
2025.01.17	02:57:21.140		0.84231			4
2025.01.17	02:57:21.539	0.84231	0.84232			6
2025.01.17	02:57:22.972	0.84230	0.84233			6
2025.01.17	02:57:24.308		0.84232			4
2025.01.17	02:57:29.781	0.84228	0.84231			6
2025.01.17	02:57:30.511	0.84227				2
2025.01.17	02:57:32.577	0.84229	0.84230			6
2025.01.17	02:57:33.273	0.84226	0.84227			6
2025.01.17	02:57:36.032	0.84225				2
2025.01.17	02:57:36.881	0.84226				2
2025.01.17	02:57:40.118	0.84227	0.84228			6
2025.01.17	02:57:41.191		0.84229			4
2025.01.17	02:57:42.161		0.84228			4
2025.01.17	02:57:47.378	0.84226				2
2025.01.17	02:57:47.862	0.84227				2
2025.01.17	02:57:49.261	0.84224	0.84226			6
2025.01.17	02:57:49.766		0.84225			4
2025.01.17	02:57:52.228	0.84223	0.84226			6
2025.01.17	02:57:52.554	0.84227	0.84228			6
2025.01.17	02:57:57.650	0.84226				2
2025.01.17	02:57:58.169	0.84227				2
2025.01.17	02:58:00.137	0.84226				2
2025.01.17	02:58:00.716	0.84228	0.84229			6
2025.01.17	02:58:03.768	0.84229	0.84230			6
2025.01.17	02:58:04.349	0.84228	0.84229			6
2025.01.17	02:58:09.401	0.84227				2
2025.01.17	02:58:10.046		0.84228			4
2025.01.17	02:58:11.747		0.84229			4
2025.01.17	02:58:12.805	0.84229	0.84230			6
2025.01.17	02:58:13.617	0.84230	0.84231			6
2025.01.17	02:58:26.637	0.84227	0.84228			6
2025.01.17	02:58:28.692	0.84226				2
2025.01.17	02:58:31.457	0.84227				2
2025.01.17	02:58:32.062	0.84226				2
2025.01.17	02:58:34.147	0.84227				2
2025.01.17	02:58:34.782	0.84226				2
