<DATE>	<TIME>	<BID>	<ASK>	<LAST>	<VOLUME>	<FLAGS>
2025.07.23	00:03:30.819	0.86812	0.86897			6
2025.07.23	00:04:01.776	0.86812				2
2025.07.23	00:04:50.408		0.86897			4
2025.07.23	00:05:06.040	0.86812				2
2025.07.23	00:05:12.472	0.86801				2
2025.07.23	00:05:51.275		0.86897			4
2025.07.23	00:06:00.408	0.86801				2
2025.07.23	00:06:35.286	0.86804				2
2025.07.23	00:06:37.414	0.86808				2
2025.07.23	00:06:44.413	0.86812				2
2025.07.23	00:06:51.644		0.86897			4
2025.07.23	00:07:00.427	0.86812				2
2025.07.23	00:07:58.355		0.86897			4
2025.07.23	00:08:01.761	0.86812				2
2025.07.23	00:09:03.666	0.86812	0.86897			6
2025.07.23	00:10:00.325	0.86830				2
2025.07.23	00:10:03.848		0.86897			4
2025.07.23	00:10:07.869	0.86832				2
2025.07.23	00:10:08.491	0.86830				2
2025.07.23	00:10:11.796	0.86827	0.86885			6
2025.07.23	00:11:00.302	0.86827				2
2025.07.23	00:11:11.809		0.86885			4
2025.07.23	00:11:18.478	0.86817	0.86897			6
2025.07.23	00:11:21.574	0.86818				2
2025.07.23	00:11:24.842	0.86827	0.86885			6
2025.07.23	00:11:25.745	0.86818	0.86897			6
2025.07.23	00:11:27.682	0.86817				2
2025.07.23	00:11:28.888	0.86818				2
2025.07.23	00:11:31.758	0.86827	0.86885			6
2025.07.23	00:11:32.716	0.86818	0.86897			6
2025.07.23	00:11:45.538	0.86819				2
2025.07.23	00:12:01.447	0.86819				2
2025.07.23	00:12:07.587	0.86821				2
2025.07.23	00:12:08.477	0.86819				2
2025.07.23	00:12:27.839	0.86820				2
2025.07.23	00:12:33.244		0.86897			4
2025.07.23	00:12:37.358	0.86799				2
2025.07.23	00:12:38.638		0.86888			4
2025.07.23	00:12:40.874		0.86873			4
2025.07.23	00:12:53.101		0.86869			4
2025.07.23	00:12:53.505	0.86820	0.86897			6
2025.07.23	00:13:01.439	0.86820				2
2025.07.23	00:13:24.541	0.86821				2
2025.07.23	00:13:32.217	0.86820				2
2025.07.23	00:13:35.243	0.86821				2
2025.07.23	00:13:53.568		0.86897			4
2025.07.23	00:13:56.647	0.86820				2
2025.07.23	00:14:00.100	0.86820				2
2025.07.23	00:14:01.575	0.86821				2
2025.07.23	00:14:20.943	0.86820				2
2025.07.23	00:14:29.040	0.86821				2
2025.07.23	00:14:30.540	0.86820				2
2025.07.23	00:14:38.380	0.86821				2
2025.07.23	00:14:42.538	0.86819				2
2025.07.23	00:14:42.865	0.86820				2
2025.07.23	00:14:51.586	0.86821				2
2025.07.23	00:14:54.540		0.86897			4
2025.07.23	00:14:56.634	0.86822				2
2025.07.23	00:14:58.140	0.86823				2
2025.07.23	00:15:00.360	0.86823				2
2025.07.23	00:15:03.519	0.86822				2
2025.07.23	00:15:05.022	0.86802	0.86917			6
2025.07.23	00:15:06.627	0.86801				2
2025.07.23	00:15:07.659	0.86802				2
2025.07.23	00:15:09.541	0.86803				2
2025.07.23	00:15:12.541	0.86804				2
2025.07.23	00:15:14.128	0.86807				2
2025.07.23	00:15:15.549		0.86916			4
2025.07.23	00:15:18.539	0.86808				2
2025.07.23	00:15:22.742	0.86809				2
2025.07.23	00:15:23.557	0.86829	0.86917			6
2025.07.23	00:15:24.837	0.86830				2
2025.07.23	00:15:25.491	0.86823				2
2025.07.23	00:15:26.942	0.86824				2
2025.07.23	00:15:28.144	0.86823				2
2025.07.23	00:15:30.240	0.86825				2
2025.07.23	00:15:30.837	0.86826				2
2025.07.23	00:15:32.039	0.86825				2
2025.07.23	00:15:34.162	0.86826				2
2025.07.23	00:15:38.276	0.86823				2
2025.07.23	00:15:38.746	0.86821				2
2025.07.23	00:15:39.887	0.86820				2
2025.07.23	00:15:41.341	0.86821				2
2025.07.23	00:15:43.332	0.86823				2
2025.07.23	00:15:44.943	0.86824				2
2025.07.23	00:15:52.217	0.86823				2
2025.07.23	00:16:00.821	0.86822				2
2025.07.23	00:16:05.872	0.86816				2
2025.07.23	00:16:06.244	0.86815				2
2025.07.23	00:16:07.739	0.86816				2
2025.07.23	00:16:08.198	0.86817				2
2025.07.23	00:16:11.341	0.86818				2
2025.07.23	00:16:12.461	0.86817				2
2025.07.23	00:16:14.641	0.86818				2
2025.07.23	00:16:22.350	0.86819				2
2025.07.23	00:16:23.939		0.86917			4
2025.07.23	00:16:46.438	0.86818				2
2025.07.23	00:16:50.346	0.86817				2
2025.07.23	00:16:51.839	0.86815				2
2025.07.23	00:17:00.361	0.86815				2
2025.07.23	00:17:00.847	0.86814				2
2025.07.23	00:17:18.376	0.86818				2
2025.07.23	00:17:24.803	0.86817	0.86917			6
2025.07.23	00:17:26.136	0.86816				2
2025.07.23	00:17:26.894	0.86814				2
2025.07.23	00:17:32.340	0.86813				2
2025.07.23	00:17:34.145	0.86812				2
2025.07.23	00:17:37.738	0.86813				2
2025.07.23	00:17:47.939	0.86812				2
2025.07.23	00:18:00.378	0.86812				2
2025.07.23	00:18:18.843	0.86811				2
2025.07.23	00:18:25.746	0.86812	0.86917			6
2025.07.23	00:18:26.940	0.86811				2
2025.07.23	00:18:43.745	0.86810				2
2025.07.23	00:18:45.947	0.86811				2
2025.07.23	00:18:47.039	0.86810				2
2025.07.23	00:19:02.347	0.86810				2
2025.07.23	00:19:04.374	0.86816				2
2025.07.23	00:19:05.645	0.86815				2
2025.07.23	00:19:07.803	0.86814				2
2025.07.23	00:19:09.244	0.86813				2
2025.07.23	00:19:19.811	0.86810				2
2025.07.23	00:19:23.940	0.86809				2
2025.07.23	00:19:27.840		0.86917			4
2025.07.23	00:19:34.146	0.86812				2
2025.07.23	00:20:01.139	0.86812				2
2025.07.23	00:20:14.344	0.86811				2
2025.07.23	00:20:19.815	0.86815				2
2025.07.23	00:20:27.843		0.86917			4
2025.07.23	00:20:34.224	0.86814				2
2025.07.23	00:20:47.379	0.86818				2
2025.07.23	00:20:49.440	0.86817				2
2025.07.23	00:20:51.242	0.86816				2
2025.07.23	00:21:00.541	0.86816				2
2025.07.23	00:21:03.726	0.86815				2
2025.07.23	00:21:09.251	0.86814				2
2025.07.23	00:21:10.139	0.86813				2
2025.07.23	00:21:10.677	0.86810				2
2025.07.23	00:21:16.141	0.86813				2
2025.07.23	00:21:17.039	0.86814				2
2025.07.23	00:21:29.340		0.86917			4
2025.07.23	00:21:43.442	0.86813				2
2025.07.23	00:22:02.938	0.86813				2
2025.07.23	00:22:05.340	0.86814				2
2025.07.23	00:22:12.240	0.86815				2
2025.07.23	00:22:12.922	0.86814				2
2025.07.23	00:22:17.041	0.86813				2
2025.07.23	00:22:26.882	0.86810				2
2025.07.23	00:22:30.104		0.86917			4
2025.07.23	00:22:34.226	0.86814	0.86907			6
2025.07.23	00:22:34.539	0.86816				2
2025.07.23	00:22:35.251	0.86818				2
2025.07.23	00:22:36.358	0.86817				2
2025.07.23	00:22:37.739	0.86818				2
2025.07.23	00:22:41.394	0.86821				2
2025.07.23	00:22:41.917	0.86822				2
2025.07.23	00:22:47.062	0.86821				2
2025.07.23	00:22:47.939	0.86820				2
2025.07.23	00:22:48.917	0.86819				2
2025.07.23	00:22:50.918	0.86818				2
2025.07.23	00:22:53.344	0.86819				2
2025.07.23	00:23:03.540	0.86819				2
2025.07.23	00:23:34.738	0.86820	0.86907			6
2025.07.23	00:23:53.419	0.86814				2
2025.07.23	00:23:54.360	0.86815				2
2025.07.23	00:23:54.838	0.86816				2
2025.07.23	00:24:00.361	0.86816				2
2025.07.23	00:24:12.942	0.86820				2
2025.07.23	00:24:27.219	0.86819				2
2025.07.23	00:24:27.838	0.86818				2
2025.07.23	00:24:29.327	0.86821				2
2025.07.23	00:24:31.444	0.86825	0.86897			6
2025.07.23	00:24:32.364	0.86826				2
2025.07.23	00:24:38.929	0.86827				2
2025.07.23	00:24:41.341	0.86826				2
2025.07.23	00:24:42.353	0.86827				2
2025.07.23	00:24:43.738	0.86826				2
2025.07.23	00:24:45.242	0.86827				2
2025.07.23	00:24:46.144	0.86826				2
2025.07.23	00:24:46.689	0.86830				2
2025.07.23	00:24:49.140	0.86831				2
2025.07.23	00:24:52.440	0.86830				2
2025.07.23	00:24:53.604	0.86820	0.86892			6
2025.07.23	00:24:54.354	0.86823				2
2025.07.23	00:24:55.739	0.86824				2
2025.07.23	00:24:58.142	0.86825				2
2025.07.23	00:25:00.277	0.86825				2
2025.07.23	00:25:02.040	0.86826				2
2025.07.23	00:25:09.543	0.86827				2
2025.07.23	00:25:09.858	0.86828				2
2025.07.23	00:25:10.169	0.86829				2
2025.07.23	00:25:10.481	0.86828				2
2025.07.23	00:25:10.791	0.86829				2
2025.07.23	00:25:11.490	0.86827				2
2025.07.23	00:25:12.237	0.86828				2
2025.07.23	00:25:16.131	0.86827				2
2025.07.23	00:25:17.199	0.86828				2
2025.07.23	00:25:21.024	0.86832				2
2025.07.23	00:25:21.333	0.86834	0.86887			6
2025.07.23	00:25:21.790	0.86835				2
2025.07.23	00:25:22.096	0.86834				2
2025.07.23	00:25:23.428	0.86833				2
2025.07.23	00:25:25.529	0.86831	0.86892			6
2025.07.23	00:25:26.490	0.86818	0.86904			6
2025.07.23	00:25:26.926	0.86816				2
2025.07.23	00:25:27.489	0.86815				2
2025.07.23	00:25:30.242	0.86814				2
2025.07.23	00:26:00.241	0.86814				2
2025.07.23	00:26:09.063	0.86815				2
2025.07.23	00:26:13.670	0.86814				2
2025.07.23	00:26:19.139	0.86813				2
2025.07.23	00:26:26.688		0.86904			4
2025.07.23	00:27:00.393	0.86813				2
2025.07.23	00:27:13.739	0.86812				2
2025.07.23	00:27:26.700	0.86811	0.86904			6
2025.07.23	00:27:27.542	0.86812				2
2025.07.23	00:27:48.838	0.86811				2
2025.07.23	00:27:52.392	0.86813				2
2025.07.23	00:28:00.839	0.86813				2
2025.07.23	00:28:02.749	0.86810	0.86892			6
2025.07.23	00:28:03.840	0.86811				2
2025.07.23	00:28:16.976	0.86812				2
2025.07.23	00:28:19.439	0.86811				2
2025.07.23	00:28:20.641	0.86812				2
2025.07.23	00:28:22.141	0.86811				2
2025.07.23	00:28:24.539	0.86812				2
2025.07.23	00:28:25.741	0.86811				2
2025.07.23	00:28:37.141	0.86812				2
2025.07.23	00:28:48.240	0.86811				2
2025.07.23	00:28:53.167	0.86807	0.86884			6
2025.07.23	00:29:00.315	0.86807				2
2025.07.23	00:29:06.467	0.86788	0.86882			6
2025.07.23	00:29:10.076	0.86798	0.86879			6
2025.07.23	00:29:17.297	0.86790	0.86878			6
2025.07.23	00:29:21.538	0.86791				2
2025.07.23	00:29:26.044	0.86792				2
2025.07.23	00:29:32.341	0.86793				2
2025.07.23	00:29:41.643	0.86794				2
2025.07.23	00:29:43.751	0.86802	0.86879			6
2025.07.23	00:29:46.738	0.86783	0.86873			6
2025.07.23	00:29:49.138	0.86791	0.86872			6
2025.07.23	00:30:00.374	0.86792				2
2025.07.23	00:30:03.839	0.86793				2
2025.07.23	00:30:11.040	0.86794				2
2025.07.23	00:30:12.838	0.86793				2
2025.07.23	00:30:15.298	0.86785	0.86867			6
2025.07.23	00:30:15.991	0.86784				2
2025.07.23	00:30:17.344	0.86783				2
2025.07.23	00:30:18.841	0.86784				2
2025.07.23	00:30:22.358	0.86788	0.86871			6
2025.07.23	00:30:22.664	0.86787	0.86872			6
2025.07.23	00:30:23.639		0.86871			4
2025.07.23	00:30:24.425	0.86790				2
2025.07.23	00:30:35.573		0.86869			4
2025.07.23	00:30:47.574		0.86867			4
2025.07.23	00:30:55.252	0.86803	0.86872			6
2025.07.23	00:31:00.051	0.86803				2
2025.07.23	00:31:24.239	0.86804				2
2025.07.23	00:31:51.839	0.86805				2
2025.07.23	00:31:53.341	0.86804				2
2025.07.23	00:31:55.740		0.86872			4
2025.07.23	00:31:56.942	0.86805				2
2025.07.23	00:32:00.403	0.86805				2
2025.07.23	00:32:01.379	0.86804				2
2025.07.23	00:32:02.940	0.86803				2
2025.07.23	00:32:15.751	0.86805				2
2025.07.23	00:32:56.639		0.86872			4
2025.07.23	00:33:00.403	0.86805				2
2025.07.23	00:33:09.540	0.86806				2
2025.07.23	00:33:12.244	0.86805				2
2025.07.23	00:33:17.340	0.86806				2
2025.07.23	00:33:20.405		0.86871			4
2025.07.23	00:33:20.941	0.86805				2
2025.07.23	00:33:30.240	0.86806				2
2025.07.23	00:33:52.438	0.86805				2
2025.07.23	00:33:56.040	0.86806				2
2025.07.23	00:34:00.404	0.86806				2
2025.07.23	00:34:07.375	0.86805				2
2025.07.23	00:34:20.405		0.86871			4
2025.07.23	00:35:00.404	0.86805				2
2025.07.23	00:35:10.740	0.86806				2
2025.07.23	00:35:20.406		0.86871			4
2025.07.23	00:35:35.383	0.86807				2
2025.07.23	00:36:00.403	0.86807				2
2025.07.23	00:36:20.639		0.86871			4
2025.07.23	00:36:41.762		0.86870			4
2025.07.23	00:37:01.139	0.86807				2
2025.07.23	00:37:25.243	0.86806				2
2025.07.23	00:37:45.241		0.86870			4
2025.07.23	00:37:48.038	0.86812	0.86879			6
2025.07.23	00:37:49.100	0.86815				2
2025.07.23	00:37:49.408	0.86814				2
2025.07.23	00:37:51.104	0.86815				2
2025.07.23	00:37:53.760	0.86817				2
2025.07.23	00:37:54.152	0.86818				2
2025.07.23	00:37:56.640	0.86819				2
2025.07.23	00:38:01.224	0.86820				2
2025.07.23	00:38:07.863		0.86897			4
2025.07.23	00:38:08.246	0.86818	0.86893			6
2025.07.23	00:38:09.838	0.86819				2
2025.07.23	00:38:11.542	0.86817	0.86896			6
2025.07.23	00:38:12.793	0.86818	0.86895			6
2025.07.23	00:38:30.314	0.86810	0.86897			6
2025.07.23	00:38:30.621	0.86814	0.86896			6
2025.07.23	00:38:31.318		0.86895			4
2025.07.23	00:38:31.644	0.86813				2
2025.07.23	00:38:37.344	0.86812	0.86894			6
2025.07.23	00:38:37.745	0.86813				2
2025.07.23	00:38:38.939	0.86812				2
2025.07.23	00:38:40.139	0.86813				2
2025.07.23	00:38:40.947	0.86812				2
2025.07.23	00:38:41.261	0.86813				2
2025.07.23	00:38:42.641	0.86812				2
2025.07.23	00:38:42.943		0.86897			4
2025.07.23	00:38:43.258	0.86813	0.86894			6
2025.07.23	00:38:43.559	0.86815				2
2025.07.23	00:38:44.150	0.86813				2
2025.07.23	00:38:45.426	0.86815				2
2025.07.23	00:38:46.337	0.86817				2
2025.07.23	00:38:47.938	0.86816				2
2025.07.23	00:38:51.882	0.86814				2
2025.07.23	00:38:57.971	0.86815				2
2025.07.23	00:39:00.285	0.86815				2
2025.07.23	00:39:02.236	0.86816				2
2025.07.23	00:39:02.553	0.86813				2
2025.07.23	00:39:05.217	0.86814	0.86892			6
2025.07.23	00:39:12.886		0.86890			4
2025.07.23	00:39:16.512	0.86813	0.86879			6
2025.07.23	00:39:18.842	0.86810				2
2025.07.23	00:39:20.243	0.86811				2
2025.07.23	00:39:27.738	0.86812				2
2025.07.23	00:39:31.997	0.86805	0.86874			6
2025.07.23	00:39:32.340		0.86873			4
2025.07.23	00:39:37.738		0.86874			4
2025.07.23	00:39:41.621		0.86873			4
2025.07.23	00:39:50.881		0.86874			4
2025.07.23	00:39:52.438		0.86873			4
2025.07.23	00:40:00.403	0.86805				2
2025.07.23	00:40:02.447	0.86801	0.86871			6
2025.07.23	00:40:09.274	0.86803	0.86869			6
2025.07.23	00:40:10.404	0.86802	0.86870			6
2025.07.23	00:40:14.341	0.86803				2
2025.07.23	00:40:18.541		0.86869			4
2025.07.23	00:40:28.439	0.86804				2
2025.07.23	00:40:31.439		0.86868			4
2025.07.23	00:40:47.474	0.86802	0.86865			6
2025.07.23	00:40:52.140		0.86866			4
2025.07.23	00:40:53.351		0.86865			4
2025.07.23	00:40:57.545	0.86803				2
2025.07.23	00:41:00.403	0.86803				2
2025.07.23	00:41:08.940	0.86802	0.86866			6
2025.07.23	00:41:10.140	0.86803	0.86865			6
2025.07.23	00:41:34.513	0.86801	0.86862			6
2025.07.23	00:41:36.540	0.86802				2
2025.07.23	00:41:37.139	0.86801				2
2025.07.23	00:41:38.640	0.86802				2
2025.07.23	00:41:40.006	0.86805	0.86876			6
2025.07.23	00:41:41.363	0.86804				2
2025.07.23	00:41:42.609	0.86806				2
2025.07.23	00:41:42.914	0.86808	0.86879			6
2025.07.23	00:41:44.339	0.86809				2
2025.07.23	00:41:45.681	0.86808				2
2025.07.23	00:42:00.361	0.86808				2
2025.07.23	00:42:01.466	0.86810				2
2025.07.23	00:42:02.341	0.86809				2
2025.07.23	00:42:04.938	0.86810				2
2025.07.23	00:42:05.537	0.86818				2
2025.07.23	00:42:05.857	0.86820				2
2025.07.23	00:42:07.208	0.86821				2
2025.07.23	00:42:15.841	0.86822				2
2025.07.23	00:42:18.839	0.86821	0.86893			6
2025.07.23	00:42:19.935	0.86820	0.86895			6
2025.07.23	00:42:20.354	0.86821				2
2025.07.23	00:42:22.891		0.86896			4
2025.07.23	00:42:23.342		0.86894			4
2025.07.23	00:42:23.651		0.86896			4
2025.07.23	00:42:24.209	0.86822				2
2025.07.23	00:42:24.555		0.86893			4
2025.07.23	00:42:25.439	0.86821				2
2025.07.23	00:42:31.749	0.86823	0.86897			6
2025.07.23	00:42:37.402	0.86821				2
2025.07.23	00:42:37.725	0.86822				2
2025.07.23	00:42:38.035	0.86821				2
2025.07.23	00:42:38.639	0.86822				2
2025.07.23	00:42:39.398	0.86824	0.86895			6
2025.07.23	00:42:41.392	0.86823				2
2025.07.23	00:42:49.057	0.86824	0.86898			6
2025.07.23	00:42:50.813	0.86823				2
2025.07.23	00:42:54.240	0.86824				2
2025.07.23	00:42:56.393	0.86825	0.86897			6
2025.07.23	00:43:01.739	0.86825				2
2025.07.23	00:43:09.398		0.86899			4
2025.07.23	00:43:10.027	0.86824				2
2025.07.23	00:43:12.832	0.86823	0.86898			6
2025.07.23	00:43:13.180	0.86820				2
2025.07.23	00:43:13.800	0.86819				2
2025.07.23	00:43:14.488	0.86820				2
2025.07.23	00:43:16.313	0.86821				2
2025.07.23	00:43:18.005	0.86820				2
2025.07.23	00:43:22.320		0.86896			4
2025.07.23	00:43:26.040		0.86895			4
2025.07.23	00:43:26.660	0.86821	0.86897			6
2025.07.23	00:43:26.962	0.86820	0.86894			6
2025.07.23	00:43:27.339	0.86817	0.86896			6
2025.07.23	00:43:27.645	0.86816				2
2025.07.23	00:43:28.340	0.86817	0.86895			6
2025.07.23	00:43:28.641	0.86819				2
2025.07.23	00:43:29.038	0.86818				2
2025.07.23	00:43:31.146	0.86819				2
2025.07.23	00:43:32.639	0.86820				2
2025.07.23	00:43:32.960	0.86816				2
2025.07.23	00:43:33.773		0.86896			4
2025.07.23	00:43:34.082	0.86818	0.86895			6
2025.07.23	00:43:35.639	0.86819				2
2025.07.23	00:43:36.838	0.86818				2
2025.07.23	00:43:37.302	0.86816	0.86896			6
2025.07.23	00:43:37.769	0.86818				2
2025.07.23	00:43:38.158		0.86895			4
2025.07.23	00:43:39.942		0.86897			4
2025.07.23	00:43:40.310		0.86895			4
2025.07.23	00:43:41.149	0.86817				2
2025.07.23	00:43:41.946	0.86818				2
2025.07.23	00:43:42.790	0.86820	0.86898			6
2025.07.23	00:43:46.326		0.86894			4
2025.07.23	00:43:49.741	0.86819				2
2025.07.23	00:43:50.829	0.86818				2
2025.07.23	00:43:51.758	0.86816				2
2025.07.23	00:43:52.079	0.86819				2
2025.07.23	00:43:53.389		0.86895			4
2025.07.23	00:43:53.727		0.86894			4
2025.07.23	00:43:56.304		0.86893			4
2025.07.23	00:43:56.607	0.86820	0.86894			6
2025.07.23	00:43:56.909	0.86822	0.86899			6
2025.07.23	00:43:57.995	0.86821				2
2025.07.23	00:44:01.578	0.86821				2
2025.07.23	00:44:13.141	0.86820				2
2025.07.23	00:44:15.701	0.86821				2
2025.07.23	00:44:34.015	0.86820				2
2025.07.23	00:44:34.353	0.86822				2
2025.07.23	00:44:35.261	0.86821				2
2025.07.23	00:44:36.421	0.86823				2
2025.07.23	00:44:36.730	0.86822				2
2025.07.23	00:44:37.348	0.86823				2
2025.07.23	00:44:41.830	0.86822	0.86895			6
2025.07.23	00:44:42.335	0.86821				2
2025.07.23	00:44:42.768	0.86820				2
2025.07.23	00:45:00.700	0.86820	0.86896			6
2025.07.23	00:45:01.648	0.86817				2
2025.07.23	00:45:02.656	0.86818				2
2025.07.23	00:45:03.171	0.86815	0.86887			6
2025.07.23	00:45:03.819	0.86813	0.86892			6
2025.07.23	00:45:04.425	0.86815	0.86888			6
2025.07.23	00:45:04.727	0.86816	0.86890			6
2025.07.23	00:45:05.031		0.86889			4
2025.07.23	00:45:05.334	0.86813	0.86887			6
2025.07.23	00:45:05.635	0.86811	0.86888			6
2025.07.23	00:45:05.938	0.86813	0.86890			6
2025.07.23	00:45:06.242	0.86812	0.86889			6
2025.07.23	00:45:06.547	0.86816	0.86894			6
2025.07.23	00:45:07.983	0.86818	0.86893			6
2025.07.23	00:45:11.209	0.86830	0.86883			6
2025.07.23	00:45:11.779	0.86829				2
2025.07.23	00:45:12.731	0.86830				2
2025.07.23	00:45:14.775	0.86829				2
2025.07.23	00:45:16.733		0.86882			4
2025.07.23	00:45:18.187	0.86828				2
2025.07.23	00:45:18.520	0.86829	0.86883			6
2025.07.23	00:45:18.822	0.86828	0.86881			6
2025.07.23	00:45:19.482		0.86882			4
2025.07.23	00:45:20.552		0.86881			4
2025.07.23	00:45:21.847	0.86830				2
2025.07.23	00:45:22.159	0.86831	0.86882			6
2025.07.23	00:45:25.583		0.86884			4
2025.07.23	00:45:25.918		0.86882			4
2025.07.23	00:45:58.461	0.86830				2
2025.07.23	00:45:59.114	0.86832	0.86883			6
2025.07.23	00:46:00.371	0.86832				2
2025.07.23	00:46:01.423	0.86830				2
2025.07.23	00:46:02.088	0.86831				2
2025.07.23	00:46:02.417	0.86832				2
2025.07.23	00:46:03.726	0.86831				2
2025.07.23	00:46:04.634	0.86830				2
2025.07.23	00:46:05.467	0.86829				2
2025.07.23	00:46:07.409	0.86831	0.86884			6
2025.07.23	00:46:08.354		0.86882			4
2025.07.23	00:46:09.363	0.86830	0.86883			6
2025.07.23	00:46:10.445		0.86887			4
2025.07.23	00:46:11.561	0.86829				2
2025.07.23	00:46:32.083	0.86830				2
2025.07.23	00:46:42.838	0.86829				2
2025.07.23	00:46:52.138	0.86830				2
2025.07.23	00:46:53.118	0.86831				2
2025.07.23	00:47:00.767	0.86831				2
2025.07.23	00:47:03.147	0.86829	0.86874			6
2025.07.23	00:47:04.362	0.86828				2
2025.07.23	00:47:04.665	0.86829				2
2025.07.23	00:47:06.480	0.86833	0.86887			6
2025.07.23	00:47:06.890	0.86834	0.86893			6
2025.07.23	00:47:08.038		0.86892			4
2025.07.23	00:47:09.893	0.86830	0.86898			6
2025.07.23	00:47:10.199	0.86831	0.86899			6
2025.07.23	00:47:10.519		0.86898			4
2025.07.23	00:47:10.854		0.86895			4
2025.07.23	00:47:11.281	0.86832				2
2025.07.23	00:47:11.916	0.86830	0.86896			6
2025.07.23	00:47:13.439	0.86832	0.86895			6
2025.07.23	00:47:41.642	0.86831				2
2025.07.23	00:47:49.140	0.86832				2
2025.07.23	00:48:01.379	0.86830	0.86897			6
2025.07.23	00:48:03.540	0.86831				2
2025.07.23	00:48:10.032		0.86898			4
2025.07.23	00:48:21.719	0.86832				2
2025.07.23	00:48:26.553	0.86831	0.86897			6
2025.07.23	00:48:26.869	0.86830	0.86894			6
2025.07.23	00:48:28.093	0.86831	0.86896			6
2025.07.23	00:48:28.594	0.86834	0.86895			6
2025.07.23	00:48:33.148	0.86833				2
2025.07.23	00:48:35.345	0.86834				2
2025.07.23	00:48:41.638	0.86833				2
2025.07.23	00:48:41.984	0.86832	0.86896			6
2025.07.23	00:48:42.978	0.86833	0.86895			6
2025.07.23	00:48:58.847	0.86832	0.86896			6
2025.07.23	00:49:00.909	0.86832				2
2025.07.23	00:49:11.282	0.86834				2
2025.07.23	00:49:18.285	0.86832	0.86895			6
2025.07.23	00:49:18.793	0.86833				2
2025.07.23	00:49:19.798	0.86830				2
2025.07.23	00:49:20.357	0.86831	0.86896			6
2025.07.23	00:49:20.950		0.86892			4
2025.07.23	00:49:22.018		0.86893			4
2025.07.23	00:49:23.938	0.86832				2
2025.07.23	00:49:24.302		0.86892			4
2025.07.23	00:49:35.339	0.86831				2
2025.07.23	00:49:39.136	0.86830				2
2025.07.23	00:49:39.510	0.86829	0.86888			6
2025.07.23	00:50:01.141	0.86829				2
2025.07.23	00:50:20.201	0.86828	0.86889			6
2025.07.23	00:50:25.411		0.86888			4
2025.07.23	00:50:28.143	0.86829				2
2025.07.23	00:50:44.993	0.86828				2
2025.07.23	00:51:01.762	0.86828				2
2025.07.23	00:51:18.327		0.86889			4
2025.07.23	00:51:18.632		0.86888			4
2025.07.23	00:51:21.198		0.86889			4
2025.07.23	00:51:38.040	0.86829				2
2025.07.23	00:52:00.538	0.86829				2
2025.07.23	00:52:18.366		0.86890			4
2025.07.23	00:52:18.865		0.86891			4
2025.07.23	00:52:31.319		0.86888			4
2025.07.23	00:52:31.753	0.86835	0.86890			6
2025.07.23	00:52:32.941		0.86891			4
2025.07.23	00:52:34.737	0.86836				2
2025.07.23	00:52:40.283		0.86890			4
2025.07.23	00:52:46.784		0.86888			4
2025.07.23	00:52:51.890		0.86890			4
2025.07.23	00:52:52.212		0.86887			4
2025.07.23	00:52:54.712	0.86837				2
2025.07.23	00:53:00.314	0.86837				2
2025.07.23	00:53:05.654		0.86888			4
2025.07.23	00:53:10.868		0.86891			4
2025.07.23	00:53:12.965	0.86836				2
2025.07.23	00:53:15.418	0.86835				2
2025.07.23	00:53:21.691	0.86837				2
2025.07.23	00:53:35.272	0.86835	0.86887			6
2025.07.23	00:53:38.038	0.86836				2
2025.07.23	00:54:00.184	0.86836				2
2025.07.23	00:54:00.669	0.86834				2
2025.07.23	00:54:02.471		0.86888			4
2025.07.23	00:54:04.935	0.86835	0.86887			6
2025.07.23	00:54:05.245	0.86836				2
2025.07.23	00:54:13.812		0.86875			4
2025.07.23	00:54:30.541	0.86837				2
2025.07.23	00:54:35.861	0.86836				2
2025.07.23	00:54:40.446	0.86838				2
2025.07.23	00:55:00.048	0.86838				2
2025.07.23	00:55:01.088	0.86837				2
2025.07.23	00:55:02.247	0.86838				2
2025.07.23	00:55:14.038		0.86875			4
2025.07.23	00:55:17.919	0.86839				2
2025.07.23	00:55:21.078	0.86840				2
2025.07.23	00:55:22.714	0.86839				2
2025.07.23	00:55:25.439	0.86838				2
2025.07.23	00:55:30.447	0.86839				2
2025.07.23	00:55:33.540	0.86840				2
2025.07.23	00:55:38.243	0.86839				2
2025.07.23	00:55:40.770	0.86840				2
2025.07.23	00:55:51.146	0.86839				2
2025.07.23	00:55:51.636	0.86840				2
2025.07.23	00:56:00.071	0.86840				2
2025.07.23	00:56:05.312	0.86839				2
2025.07.23	00:56:12.838	0.86840				2
2025.07.23	00:56:14.331		0.86875			4
2025.07.23	00:56:14.653		0.86891			4
2025.07.23	00:56:16.723	0.86839				2
2025.07.23	00:56:17.065		0.86888			4
2025.07.23	00:56:18.541	0.86840				2
2025.07.23	00:56:27.739	0.86839	0.86886			6
2025.07.23	00:56:32.059	0.86840				2
2025.07.23	00:56:32.621	0.86839				2
2025.07.23	00:56:50.318		0.86885			4
2025.07.23	00:56:50.749	0.86840				2
2025.07.23	00:56:52.925		0.86886			4
2025.07.23	00:56:58.521		0.86890			4
2025.07.23	00:57:00.550	0.86840				2
2025.07.23	00:57:09.842		0.86880			4
2025.07.23	00:57:11.248	0.86839				2
2025.07.23	00:57:12.496	0.86843				2
2025.07.23	00:57:13.094	0.86844				2
2025.07.23	00:57:15.524	0.86842				2
2025.07.23	00:57:17.208	0.86843				2
2025.07.23	00:57:20.846	0.86842				2
2025.07.23	00:57:21.752	0.86843				2
2025.07.23	00:57:22.829	0.86842				2
2025.07.23	00:57:23.351	0.86841				2
2025.07.23	00:57:24.271	0.86843				2
2025.07.23	00:57:26.668	0.86841				2
2025.07.23	00:57:27.175	0.86842				2
2025.07.23	00:57:28.919	0.86841				2
2025.07.23	00:57:38.038	0.86840				2
2025.07.23	00:57:51.506	0.86842				2
2025.07.23	00:58:01.514	0.86842				2
2025.07.23	00:58:03.869	0.86843				2
2025.07.23	00:58:11.850	0.86842	0.86880			6
2025.07.23	00:58:18.904	0.86839	0.86887			6
2025.07.23	00:58:19.212	0.86836				2
2025.07.23	00:58:20.508	0.86837				2
2025.07.23	00:58:20.944		0.86892			4
2025.07.23	00:58:21.307	0.86836				2
2025.07.23	00:58:24.067	0.86837	0.86891			6
2025.07.23	00:58:25.462	0.86836				2
2025.07.23	00:58:27.036	0.86834	0.86894			6
2025.07.23	00:58:29.267	0.86835				2
2025.07.23	00:58:31.015		0.86890			4
2025.07.23	00:58:37.444	0.86832				2
2025.07.23	00:58:41.439	0.86831				2
2025.07.23	00:58:44.270	0.86832				2
2025.07.23	00:58:54.665	0.86834	0.86895			6
2025.07.23	00:58:56.698		0.86890			4
2025.07.23	00:58:57.042	0.86835				2
2025.07.23	00:59:00.142	0.86835				2
2025.07.23	00:59:00.511	0.86834				2
2025.07.23	00:59:00.850	0.86836	0.86878			6
2025.07.23	00:59:01.579		0.86877			4
2025.07.23	00:59:01.983	0.86833				2
2025.07.23	00:59:02.385	0.86831	0.86878			6
2025.07.23	00:59:03.096	0.86835	0.86879			6
2025.07.23	00:59:03.397	0.86817	0.86880			6
2025.07.23	00:59:03.723	0.86836				2
2025.07.23	00:59:04.139	0.86837				2
2025.07.23	00:59:06.242	0.86836				2
2025.07.23	00:59:08.914	0.86817	0.86881			6
2025.07.23	00:59:09.231	0.86837	0.86880			6
2025.07.23	00:59:13.316	0.86834	0.86883			6
2025.07.23	00:59:18.731	0.86835				2
2025.07.23	00:59:19.082	0.86834	0.86882			6
2025.07.23	00:59:19.940	0.86833	0.86883			6
2025.07.23	00:59:22.015	0.86831	0.86884			6
2025.07.23	00:59:23.365	0.86833	0.86882			6
2025.07.23	00:59:23.862	0.86829	0.86881			6
2025.07.23	00:59:25.858	0.86830	0.86880			6
2025.07.23	00:59:26.161		0.86878			4
2025.07.23	00:59:27.078	0.86825	0.86876			6
2025.07.23	00:59:29.006	0.86834	0.86877			6
2025.07.23	00:59:30.403	0.86833				2
2025.07.23	00:59:34.280	0.86834				2
2025.07.23	00:59:35.001	0.86833	0.86878			6
2025.07.23	00:59:35.502	0.86829	0.86877			6
2025.07.23	00:59:35.879	0.86825				2
2025.07.23	00:59:36.236	0.86824	0.86878			6
2025.07.23	00:59:37.187	0.86825	0.86877			6
2025.07.23	00:59:38.597	0.86834				2
2025.07.23	00:59:39.319		0.86878			4
2025.07.23	00:59:40.207	0.86836	0.86887			6
2025.07.23	00:59:48.939		0.86891			4
2025.07.23	00:59:51.810	0.86837	0.86890			6
2025.07.23	00:59:52.768		0.86889			4
2025.07.23	00:59:55.023	0.86823	0.86879			6
2025.07.23	00:59:56.093	0.86837	0.86886			6
2025.07.23	00:59:57.418	0.86842	0.86900			6
2025.07.23	01:00:00.040	0.86842	0.86883			6
2025.07.23	01:00:00.366	0.86833	0.86880			6
2025.07.23	01:00:00.671	0.86827	0.86881			6
2025.07.23	01:00:01.298	0.86825	0.86887			6
2025.07.23	01:00:01.610	0.86827	0.86885			6
2025.07.23	01:00:01.919		0.86882			4
2025.07.23	01:00:02.249	0.86825	0.86884			6
2025.07.23	01:00:02.568	0.86826	0.86883			6
2025.07.23	01:00:02.883	0.86825				2
2025.07.23	01:00:03.189	0.86832	0.86885			6
2025.07.23	01:00:03.523	0.86790	0.86898			6
2025.07.23	01:00:03.862	0.86783	0.86891			6
2025.07.23	01:00:04.164	0.86790	0.86898			6
2025.07.23	01:00:04.467	0.86786	0.86894			6
2025.07.23	01:00:04.769	0.86788	0.86896			6
2025.07.23	01:00:05.374	0.86793	0.86900			6
2025.07.23	01:00:05.676	0.86788	0.86896			6
2025.07.23	01:00:07.191	0.86835	0.86881			6
2025.07.23	01:00:07.511	0.86836				2
2025.07.23	01:00:08.140	0.86846	0.86884			6
2025.07.23	01:00:08.477	0.86848				2
2025.07.23	01:00:09.648	0.86842	0.86864			6
2025.07.23	01:00:09.986	0.86849				2
2025.07.23	01:00:10.287	0.86841				2
2025.07.23	01:00:11.228	0.86850				2
2025.07.23	01:00:12.035	0.86849				2
2025.07.23	01:00:12.358	0.86851				2
2025.07.23	01:00:14.308	0.86849	0.86882			6
2025.07.23	01:00:15.589	0.86845				2
2025.07.23	01:00:15.900	0.86848	0.86881			6
2025.07.23	01:00:16.386	0.86849				2
2025.07.23	01:00:16.707	0.86848				2
2025.07.23	01:00:17.026	0.86833	0.86875			6
2025.07.23	01:00:17.329	0.86832				2
2025.07.23	01:00:17.641		0.86880			4
2025.07.23	01:00:18.007	0.86836	0.86868			6
2025.07.23	01:00:18.350	0.86851	0.86872			6
2025.07.23	01:00:18.662	0.86849	0.86870			6
2025.07.23	01:00:18.976	0.86850	0.86872			6
2025.07.23	01:00:20.039	0.86849	0.86871			6
2025.07.23	01:00:20.366	0.86848	0.86869			6
2025.07.23	01:00:21.351	0.86846	0.86867			6
2025.07.23	01:00:21.682	0.86848	0.86870			6
2025.07.23	01:00:22.021	0.86849				2
2025.07.23	01:00:22.353	0.86848				2
2025.07.23	01:00:22.661	0.86847	0.86869			6
2025.07.23	01:00:23.433	0.86850	0.86871			6
2025.07.23	01:00:23.946		0.86873			4
2025.07.23	01:00:27.168		0.86871			4
2025.07.23	01:00:28.217		0.86873			4
2025.07.23	01:00:31.504		0.86871			4
2025.07.23	01:00:32.351	0.86852				2
2025.07.23	01:00:33.720	0.86851				2
2025.07.23	01:00:40.016		0.86870			4
2025.07.23	01:00:41.381	0.86852	0.86869			6
2025.07.23	01:00:42.849	0.86855				2
2025.07.23	01:00:43.208	0.86856	0.86873			6
2025.07.23	01:00:43.545		0.86872			4
2025.07.23	01:00:43.947	0.86860	0.86876			6
2025.07.23	01:00:44.350	0.86861	0.86878			6
2025.07.23	01:00:44.790	0.86858	0.86875			6
2025.07.23	01:00:45.518		0.86876			4
2025.07.23	01:00:45.851	0.86857	0.86874			6
2025.07.23	01:00:50.724		0.86868			4
2025.07.23	01:00:51.046	0.86855	0.86867			6
2025.07.23	01:00:52.518	0.86852	0.86865			6
2025.07.23	01:00:53.838		0.86863			4
2025.07.23	01:00:54.287	0.86853				2
2025.07.23	01:00:55.153	0.86852				2
2025.07.23	01:00:56.074	0.86853	0.86860			6
2025.07.23	01:00:56.395	0.86851	0.86862			6
2025.07.23	01:00:56.700		0.86860			4
2025.07.23	01:00:57.362	0.86850				2
2025.07.23	01:00:58.180		0.86859			4
2025.07.23	01:00:58.900	0.86851				2
2025.07.23	01:01:00.076	0.86851	0.86860			6
2025.07.23	01:01:01.152	0.86855	0.86862			6
2025.07.23	01:01:01.962	0.86854	0.86858			6
2025.07.23	01:01:02.496	0.86853	0.86857			6
2025.07.23	01:01:02.799	0.86851				2
2025.07.23	01:01:03.101	0.86852				2
2025.07.23	01:01:03.409	0.86853				2
2025.07.23	01:01:04.078	0.86850				2
2025.07.23	01:01:04.397	0.86852				2
2025.07.23	01:01:05.930	0.86851				2
2025.07.23	01:01:10.354	0.86852				2
2025.07.23	01:01:10.723	0.86855				2
2025.07.23	01:01:12.308		0.86858			4
2025.07.23	01:01:12.845	0.86857				2
2025.07.23	01:01:18.340	0.86856				2
2025.07.23	01:01:24.795	0.86852	0.86857			6
2025.07.23	01:01:30.403	0.86851				2
2025.07.23	01:01:43.598	0.86849	0.86855			6
2025.07.23	01:01:43.900	0.86851				2
2025.07.23	01:01:45.413	0.86850				2
2025.07.23	01:01:48.542	0.86849				2
2025.07.23	01:01:56.827		0.86856			4
2025.07.23	01:02:00.400	0.86850				2
2025.07.23	01:02:07.755	0.86851				2
2025.07.23	01:02:09.443		0.86857			4
2025.07.23	01:02:14.063	0.86848	0.86852			6
2025.07.23	01:02:39.474	0.86847	0.86850			6
2025.07.23	01:02:51.539	0.86848	0.86853			6
2025.07.23	01:02:54.976	0.86847				2
2025.07.23	01:03:00.539	0.86847				2
2025.07.23	01:03:04.438	0.86848				2
2025.07.23	01:03:04.931	0.86847				2
2025.07.23	01:03:05.932	0.86848				2
2025.07.23	01:03:06.527	0.86849				2
2025.07.23	01:03:07.027	0.86848				2
2025.07.23	01:03:15.439	0.86849				2
2025.07.23	01:03:18.241	0.86845	0.86852			6
2025.07.23	01:03:20.962		0.86850			4
2025.07.23	01:03:23.659	0.86843	0.86848			6
2025.07.23	01:03:29.193	0.86842	0.86850			6
2025.07.23	01:03:30.708	0.86843	0.86852			6
2025.07.23	01:03:32.974	0.86842				2
2025.07.23	01:03:37.363		0.86849			4
2025.07.23	01:03:40.742	0.86841	0.86847			6
2025.07.23	01:03:43.814		0.86849			4
2025.07.23	01:03:52.739	0.86844	0.86851			6
2025.07.23	01:03:57.225	0.86843	0.86849			6
2025.07.23	01:04:00.689	0.86842	0.86845			6
2025.07.23	01:04:06.243		0.86844			4
2025.07.23	01:04:10.883	0.86845	0.86847			6
2025.07.23	01:04:13.329	0.86846				2
2025.07.23	01:04:45.705	0.86849	0.86850			6
2025.07.23	01:04:46.271		0.86852			4
2025.07.23	01:05:01.274	0.86849				2
2025.07.23	01:05:06.520		0.86854			4
2025.07.23	01:05:12.003	0.86855	0.86859			6
2025.07.23	01:05:12.304	0.86852	0.86857			6
2025.07.23	01:05:13.503		0.86854			4
2025.07.23	01:05:16.159		0.86855			4
2025.07.23	01:05:16.466	0.86848	0.86852			6
2025.07.23	01:05:24.805	0.86850				2
2025.07.23	01:05:26.284		0.86853			4
2025.07.23	01:05:27.252	0.86851				2
2025.07.23	01:05:29.499	0.86850	0.86852			6
2025.07.23	01:05:31.952		0.86853			4
2025.07.23	01:05:53.478	0.86851				2
2025.07.23	01:05:53.782		0.86854			4
2025.07.23	01:06:00.357	0.86853				2
2025.07.23	01:06:04.370	0.86852	0.86853			6
2025.07.23	01:06:15.671	0.86851				2
2025.07.23	01:06:16.473	0.86850				2
2025.07.23	01:06:18.472	0.86851				2
2025.07.23	01:06:19.472	0.86852				2
2025.07.23	01:06:27.258	0.86848				2
2025.07.23	01:06:31.957	0.86845	0.86850			6
2025.07.23	01:06:40.139		0.86848			4
2025.07.23	01:06:54.434	0.86844				2
2025.07.23	01:06:59.955	0.86846	0.86852			6
2025.07.23	01:07:00.362	0.86846				2
2025.07.23	01:07:08.932	0.86848	0.86854			6
2025.07.23	01:07:16.551	0.86849	0.86852			6
2025.07.23	01:07:16.867		0.86853			4
2025.07.23	01:07:17.323	0.86846				2
2025.07.23	01:07:26.724	0.86845				2
2025.07.23	01:07:42.567	0.86846				2
2025.07.23	01:07:42.981	0.86845				2
2025.07.23	01:07:55.974		0.86852			4
2025.07.23	01:08:00.067	0.86845				2
2025.07.23	01:08:02.692	0.86844				2
2025.07.23	01:08:05.758	0.86841	0.86850			6
2025.07.23	01:08:06.087	0.86842				2
2025.07.23	01:08:10.868	0.86841				2
2025.07.23	01:08:20.040	0.86842				2
2025.07.23	01:08:26.880	0.86841				2
2025.07.23	01:08:31.643	0.86842				2
2025.07.23	01:08:36.521	0.86841				2
2025.07.23	01:08:38.889	0.86844	0.86852			6
2025.07.23	01:08:42.827	0.86846				2
2025.07.23	01:09:00.953	0.86847				2
2025.07.23	01:09:02.552	0.86846				2
2025.07.23	01:09:10.032	0.86848				2
2025.07.23	01:09:16.265	0.86846				2
2025.07.23	01:09:19.346	0.86848				2
2025.07.23	01:09:38.942		0.86852			4
2025.07.23	01:09:43.882	0.86846				2
2025.07.23	01:09:48.697	0.86848				2
2025.07.23	01:10:00.358	0.86850				2
2025.07.23	01:10:18.058	0.86849				2
2025.07.23	01:10:18.384	0.86848				2
2025.07.23	01:10:22.976	0.86849				2
2025.07.23	01:10:31.146	0.86851	0.86855			6
2025.07.23	01:10:48.839	0.86850				2
2025.07.23	01:11:00.404	0.86849				2
2025.07.23	01:11:10.695	0.86850				2
2025.07.23	01:11:11.042	0.86851				2
2025.07.23	01:11:16.321	0.86850				2
2025.07.23	01:11:17.600	0.86849	0.86854			6
2025.07.23	01:11:33.603	0.86850				2
2025.07.23	01:11:41.682	0.86849				2
2025.07.23	01:11:57.840	0.86848	0.86852			6
2025.07.23	01:12:03.212	0.86848				2
2025.07.23	01:12:59.056		0.86852			4
2025.07.23	01:13:02.706	0.86847	0.86851			6
2025.07.23	01:13:23.252	0.86846				2
2025.07.23	01:13:45.760	0.86847				2
2025.07.23	01:13:46.085	0.86846				2
2025.07.23	01:13:59.215		0.86852			4
2025.07.23	01:14:00.404	0.86846				2
2025.07.23	01:14:01.828	0.86845				2
2025.07.23	01:14:26.732		0.86851			4
2025.07.23	01:15:00.390	0.86845				2
2025.07.23	01:15:03.538	0.86846	0.86847			6
2025.07.23	01:15:04.043	0.86845	0.86846			6
2025.07.23	01:15:09.543	0.86846	0.86847			6
2025.07.23	01:15:19.745	0.86845				2
2025.07.23	01:15:26.041	0.86846				2
2025.07.23	01:15:29.039	0.86845				2
2025.07.23	01:15:34.312	0.86846				2
2025.07.23	01:15:42.140	0.86847	0.86848			6
2025.07.23	01:15:54.323	0.86842	0.86845			6
2025.07.23	01:16:00.465	0.86842				2
2025.07.23	01:16:04.371	0.86841				2
2025.07.23	01:16:04.909	0.86842	0.86846			6
2025.07.23	01:16:05.225	0.86843				2
2025.07.23	01:16:10.201	0.86846	0.86848			6
2025.07.23	01:16:14.609	0.86844	0.86847			6
2025.07.23	01:16:14.911		0.86848			4
2025.07.23	01:16:16.252		0.86849			4
2025.07.23	01:16:20.155	0.86846	0.86851			6
2025.07.23	01:16:22.738	0.86845				2
2025.07.23	01:16:26.121	0.86846				2
2025.07.23	01:16:29.462	0.86845				2
2025.07.23	01:16:30.098	0.86844				2
2025.07.23	01:16:30.519	0.86846				2
2025.07.23	01:16:38.327	0.86845				2
2025.07.23	01:16:38.983	0.86847				2
2025.07.23	01:16:48.578	0.86846				2
2025.07.23	01:16:49.008	0.86847				2
2025.07.23	01:16:52.020	0.86846	0.86852			6
2025.07.23	01:17:01.138	0.86846				2
2025.07.23	01:17:24.091	0.86847				2
2025.07.23	01:17:29.491	0.86848				2
2025.07.23	01:17:29.942	0.86849				2
2025.07.23	01:17:34.017	0.86853	0.86856			6
2025.07.23	01:17:35.969		0.86857			4
2025.07.23	01:17:38.638	0.86854				2
2025.07.23	01:17:41.515		0.86858			4
2025.07.23	01:17:46.440	0.86853				2
2025.07.23	01:17:46.757		0.86857			4
2025.07.23	01:18:01.139	0.86853				2
2025.07.23	01:18:09.359	0.86854	0.86858			6
2025.07.23	01:18:10.396	0.86855				2
2025.07.23	01:18:23.996	0.86854				2
2025.07.23	01:18:25.912	0.86855				2
2025.07.23	01:18:28.147	0.86854				2
2025.07.23	01:18:36.564		0.86859			4
2025.07.23	01:18:46.164	0.86853				2
2025.07.23	01:18:48.916	0.86854				2
2025.07.23	01:18:52.742	0.86853				2
2025.07.23	01:19:00.238	0.86853				2
2025.07.23	01:19:01.832	0.86854				2
2025.07.23	01:19:02.664	0.86849	0.86854			6
2025.07.23	01:19:06.726		0.86853			4
2025.07.23	01:19:07.812		0.86854			4
2025.07.23	01:19:10.082	0.86852	0.86856			6
2025.07.23	01:19:10.759	0.86850	0.86855			6
2025.07.23	01:19:11.335	0.86848				2
2025.07.23	01:19:42.838		0.86856			4
2025.07.23	01:19:47.924	0.86849				2
2025.07.23	01:20:00.315	0.86851				2
2025.07.23	01:20:00.665	0.86850				2
2025.07.23	01:20:01.044	0.86851				2
2025.07.23	01:20:05.685	0.86852				2
2025.07.23	01:20:08.640	0.86851				2
2025.07.23	01:20:11.040	0.86852				2
2025.07.23	01:20:22.440	0.86851				2
2025.07.23	01:20:25.189	0.86852				2
2025.07.23	01:20:27.395	0.86851				2
2025.07.23	01:20:37.471	0.86854	0.86858			6
2025.07.23	01:20:39.463	0.86855				2
2025.07.23	01:21:01.440	0.86855				2
2025.07.23	01:21:37.524		0.86858			4
2025.07.23	01:22:01.441	0.86855				2
2025.07.23	01:22:08.370	0.86854				2
2025.07.23	01:22:12.283	0.86855				2
2025.07.23	01:22:28.702	0.86856				2
2025.07.23	01:22:37.528		0.86860			4
2025.07.23	01:22:41.252	0.86855				2
2025.07.23	01:22:48.839	0.86856				2
2025.07.23	01:22:52.139	0.86855				2
2025.07.23	01:23:00.420	0.86855				2
2025.07.23	01:23:06.830	0.86856	0.86859			6
2025.07.23	01:23:10.077	0.86854	0.86858			6
2025.07.23	01:23:10.387	0.86856				2
2025.07.23	01:23:13.208	0.86853				2
2025.07.23	01:23:13.513	0.86855				2
2025.07.23	01:23:16.746	0.86856				2
2025.07.23	01:23:18.610	0.86854				2
2025.07.23	01:23:21.200		0.86857			4
2025.07.23	01:23:24.812		0.86858			4
2025.07.23	01:23:26.040	0.86853				2
2025.07.23	01:23:26.562		0.86857			4
2025.07.23	01:23:37.751	0.86855	0.86859			6
2025.07.23	01:23:38.062	0.86853				2
2025.07.23	01:23:40.690	0.86851	0.86857			6
2025.07.23	01:23:47.286	0.86852				2
2025.07.23	01:23:51.241	0.86851				2
2025.07.23	01:24:00.131	0.86851				2
2025.07.23	01:24:17.492		0.86858			4
2025.07.23	01:24:23.859	0.86852				2
2025.07.23	01:24:56.040	0.86851				2
2025.07.23	01:25:00.404	0.86851				2
2025.07.23	01:25:16.115	0.86853				2
2025.07.23	01:25:17.528		0.86858			4
2025.07.23	01:25:24.911	0.86852				2
2025.07.23	01:25:30.024	0.86853				2
2025.07.23	01:25:31.106	0.86852				2
2025.07.23	01:25:52.261	0.86853				2
2025.07.23	01:26:00.457	0.86853				2
2025.07.23	01:26:17.845		0.86858			4
2025.07.23	01:26:20.737	0.86852				2
2025.07.23	01:26:24.538	0.86853				2
2025.07.23	01:26:27.608	0.86852				2
2025.07.23	01:26:34.887	0.86853				2
2025.07.23	01:27:03.238	0.86853				2
2025.07.23	01:27:18.393		0.86858			4
2025.07.23	01:27:23.450		0.86857			4
2025.07.23	01:27:24.163		0.86858			4
2025.07.23	01:27:47.576	0.86852	0.86857			6
2025.07.23	01:28:00.165	0.86852				2
2025.07.23	01:28:20.405		0.86856			4
2025.07.23	01:28:29.570		0.86857			4
2025.07.23	01:28:37.242	0.86853				2
2025.07.23	01:28:48.597		0.86858			4
2025.07.23	01:29:00.362	0.86854				2
2025.07.23	01:29:10.648	0.86855				2
2025.07.23	01:29:16.583	0.86854				2
2025.07.23	01:29:48.681		0.86858			4
2025.07.23	01:30:00.166	0.86855				2
2025.07.23	01:30:03.175	0.86857				2
2025.07.23	01:30:06.827	0.86855				2
2025.07.23	01:30:07.437	0.86854				2
2025.07.23	01:30:13.087	0.86856	0.86857			6
2025.07.23	01:30:17.353		0.86858			4
2025.07.23	01:30:40.141	0.86858	0.86859			6
2025.07.23	01:30:55.726	0.86857	0.86858			6
2025.07.23	01:30:56.139	0.86854				2
2025.07.23	01:30:56.500		0.86857			4
2025.07.23	01:30:59.753	0.86850	0.86852			6
2025.07.23	01:31:00.061	0.86850	0.86854			6
2025.07.23	01:31:02.967	0.86849	0.86853			6
2025.07.23	01:31:03.496	0.86850				2
2025.07.23	01:31:06.778		0.86854			4
2025.07.23	01:31:12.456	0.86852	0.86855			6
2025.07.23	01:31:12.763		0.86856			4
2025.07.23	01:31:13.468	0.86851				2
2025.07.23	01:31:18.104	0.86853				2
2025.07.23	01:31:18.748	0.86852				2
2025.07.23	01:31:26.451	0.86850	0.86852			6
2025.07.23	01:31:27.116		0.86853			4
2025.07.23	01:31:28.396	0.86851				2
2025.07.23	01:31:29.718		0.86854			4
2025.07.23	01:31:36.083		0.86855			4
2025.07.23	01:31:38.110	0.86853				2
2025.07.23	01:32:01.383	0.86852				2
2025.07.23	01:32:13.908		0.86856			4
2025.07.23	01:32:23.800		0.86855			4
2025.07.23	01:32:26.250		0.86854			4
2025.07.23	01:32:35.640	0.86847	0.86850			6
2025.07.23	01:32:35.955		0.86851			4
2025.07.23	01:32:41.834	0.86849	0.86852			6
2025.07.23	01:32:45.601		0.86853			4
2025.07.23	01:32:46.850		0.86852			4
2025.07.23	01:32:47.170	0.86848	0.86850			6
2025.07.23	01:32:47.777		0.86851			4
2025.07.23	01:32:50.106	0.86847				2
2025.07.23	01:32:54.341	0.86848	0.86852			6
2025.07.23	01:32:55.968	0.86849				2
2025.07.23	01:32:56.968	0.86850				2
2025.07.23	01:33:01.497	0.86850				2
2025.07.23	01:33:03.462		0.86853			4
2025.07.23	01:33:16.016	0.86854	0.86855			6
2025.07.23	01:33:29.792		0.86856			4
2025.07.23	01:34:00.539	0.86854				2
2025.07.23	01:34:16.037	0.86853				2
2025.07.23	01:34:23.648	0.86854				2
2025.07.23	01:34:31.941		0.86856			4
2025.07.23	01:34:49.774	0.86855				2
2025.07.23	01:34:58.622		0.86857			4
2025.07.23	01:34:58.955		0.86858			4
2025.07.23	01:35:02.708	0.86855	0.86857			6
2025.07.23	01:35:05.203	0.86856				2
2025.07.23	01:35:25.118	0.86855	0.86856			6
2025.07.23	01:35:25.418	0.86856	0.86857			6
2025.07.23	01:35:33.875		0.86858			4
2025.07.23	01:35:40.979	0.86857				2
2025.07.23	01:35:46.140	0.86856				2
2025.07.23	01:35:50.829	0.86857				2
2025.07.23	01:35:51.457	0.86858	0.86859			6
2025.07.23	01:36:00.464	0.86858				2
2025.07.23	01:36:28.897	0.86856	0.86857			6
2025.07.23	01:36:42.899	0.86858	0.86859			6
2025.07.23	01:37:00.403	0.86858				2
2025.07.23	01:37:29.401	0.86855	0.86856			6
2025.07.23	01:37:51.211	0.86858	0.86859			6
2025.07.23	01:38:01.291	0.86858				2
2025.07.23	01:38:23.943	0.86860	0.86861			6
2025.07.23	01:38:37.337	0.86861	0.86862			6
2025.07.23	01:38:52.651	0.86860	0.86861			6
2025.07.23	01:39:00.586	0.86860				2
2025.07.23	01:39:16.003	0.86858	0.86859			6
2025.07.23	01:39:17.758	0.86860	0.86861			6
2025.07.23	01:39:20.403	0.86858	0.86860			6
2025.07.23	01:39:24.757	0.86860	0.86861			6
2025.07.23	01:39:39.756	0.86861	0.86862			6
2025.07.23	01:39:40.338	0.86860	0.86861			6
2025.07.23	01:39:41.089	0.86861	0.86862			6
2025.07.23	01:40:00.400	0.86861				2
2025.07.23	01:40:30.795		0.86863			4
2025.07.23	01:41:00.403	0.86860				2
2025.07.23	01:41:15.304	0.86861				2
2025.07.23	01:41:25.420	0.86862				2
2025.07.23	01:41:31.715		0.86863			4
2025.07.23	01:42:00.213	0.86862				2
2025.07.23	01:42:30.271		0.86864			4
2025.07.23	01:42:38.370		0.86863			4
2025.07.23	01:42:42.828		0.86864			4
2025.07.23	01:42:46.477		0.86863			4
2025.07.23	01:43:01.762	0.86862				2
2025.07.23	01:43:05.985		0.86864			4
2025.07.23	01:43:34.282		0.86863			4
2025.07.23	01:43:36.255	0.86863	0.86864			6
2025.07.23	01:43:58.658	0.86862				2
2025.07.23	01:44:00.377	0.86862				2
2025.07.23	01:44:06.632		0.86863			4
2025.07.23	01:44:19.533		0.86864			4
2025.07.23	01:44:31.311		0.86863			4
2025.07.23	01:45:00.488	0.86862				2
2025.07.23	01:45:02.913	0.86863	0.86864			6
2025.07.23	01:45:05.367	0.86864	0.86865			6
2025.07.23	01:45:42.828	0.86861	0.86864			6
2025.07.23	01:45:43.173	0.86863	0.86865			6
2025.07.23	01:46:00.379	0.86863				2
2025.07.23	01:46:26.291		0.86864			4
2025.07.23	01:46:33.259	0.86862				2
2025.07.23	01:46:33.794		0.86863			4
2025.07.23	01:47:00.403	0.86862				2
2025.07.23	01:47:14.640		0.86864			4
2025.07.23	01:47:25.431	0.86863	0.86865			6
2025.07.23	01:47:26.101	0.86862				2
2025.07.23	01:47:41.990	0.86863				2
2025.07.23	01:48:02.556	0.86863				2
2025.07.23	01:48:14.346	0.86859	0.86860			6
2025.07.23	01:48:41.930	0.86858				2
2025.07.23	01:48:42.231	0.86859				2
2025.07.23	01:49:02.389	0.86859				2
2025.07.23	01:49:16.489	0.86857	0.86858			6
2025.07.23	01:49:26.827	0.86856				2
2025.07.23	01:49:28.312	0.86855	0.86857			6
2025.07.23	01:49:30.615		0.86858			4
2025.07.23	01:49:33.058		0.86857			4
2025.07.23	01:50:02.812	0.86855				2
2025.07.23	01:50:18.057	0.86856				2
2025.07.23	01:50:19.738	0.86855				2
2025.07.23	01:50:27.888		0.86858			4
2025.07.23	01:50:28.363		0.86859			4
2025.07.23	01:50:29.143		0.86858			4
2025.07.23	01:50:45.191		0.86857			4
2025.07.23	01:50:46.256	0.86854				2
2025.07.23	01:50:53.529	0.86855	0.86856			6
2025.07.23	01:51:00.457	0.86855				2
2025.07.23	01:51:02.961	0.86856	0.86857			6
2025.07.23	01:51:10.293	0.86857	0.86859			6
2025.07.23	01:51:27.452		0.86858			4
2025.07.23	01:51:28.560		0.86859			4
2025.07.23	01:52:00.288	0.86857				2
2025.07.23	01:52:10.356	0.86859	0.86860			6
2025.07.23	01:52:20.317	0.86860	0.86861			6
2025.07.23	01:52:20.681	0.86859	0.86860			6
2025.07.23	01:52:23.049	0.86858				2
2025.07.23	01:52:23.368		0.86859			4
2025.07.23	01:52:44.015	0.86857				2
2025.07.23	01:53:00.238	0.86857				2
2025.07.23	01:53:02.411	0.86858				2
2025.07.23	01:53:05.818	0.86857				2
2025.07.23	01:53:08.008	0.86859	0.86860			6
2025.07.23	01:53:21.464	0.86860	0.86861			6
2025.07.23	01:53:28.999	0.86859	0.86860			6
2025.07.23	01:53:41.570	0.86857	0.86859			6
2025.07.23	01:53:46.897	0.86859	0.86860			6
2025.07.23	01:53:48.156	0.86860	0.86861			6
2025.07.23	01:53:54.170	0.86861	0.86862			6
2025.07.23	01:54:01.558	0.86861				2
2025.07.23	01:54:04.987	0.86860	0.86861			6
2025.07.23	01:54:41.516	0.86859				2
2025.07.23	01:54:42.266		0.86860			4
2025.07.23	01:55:01.133	0.86859				2
2025.07.23	01:55:14.285	0.86860	0.86861			6
2025.07.23	01:55:56.376	0.86861	0.86862			6
2025.07.23	01:56:00.388	0.86861				2
2025.07.23	01:56:56.431		0.86862			4
2025.07.23	01:57:01.853	0.86861				2
2025.07.23	01:57:07.384		0.86863			4
2025.07.23	01:57:16.322	0.86860	0.86862			6
2025.07.23	01:57:19.178	0.86861	0.86863			6
2025.07.23	01:57:52.675	0.86863	0.86864			6
2025.07.23	01:57:58.488	0.86861	0.86863			6
2025.07.23	01:58:01.671	0.86863	0.86864			6
2025.07.23	01:58:04.311	0.86861	0.86863			6
2025.07.23	01:58:16.714		0.86862			4
2025.07.23	01:58:23.630	0.86860	0.86861			6
2025.07.23	01:58:24.082	0.86861	0.86862			6
2025.07.23	01:58:57.817	0.86860	0.86861			6
2025.07.23	01:59:00.395	0.86860				2
2025.07.23	01:59:07.586	0.86862	0.86863			6
2025.07.23	01:59:10.007	0.86860	0.86861			6
2025.07.23	01:59:29.579	0.86856	0.86858			6
2025.07.23	01:59:32.352	0.86858	0.86859			6
2025.07.23	02:00:00.129	0.86858				2
2025.07.23	02:00:10.418	0.86856	0.86857			6
2025.07.23	02:00:19.466	0.86858	0.86859			6
2025.07.23	02:00:37.896	0.86859	0.86860			6
2025.07.23	02:00:48.372	0.86860	0.86861			6
2025.07.23	02:01:00.559	0.86860				2
2025.07.23	02:01:13.282	0.86861	0.86862			6
2025.07.23	02:02:00.516	0.86861				2
2025.07.23	02:02:13.477		0.86862			4
2025.07.23	02:02:21.220	0.86860	0.86861			6
2025.07.23	02:02:23.075		0.86862			4
2025.07.23	02:02:25.108		0.86861			4
2025.07.23	02:02:31.168	0.86858	0.86859			6
2025.07.23	02:02:31.470	0.86859	0.86860			6
2025.07.23	02:02:31.776	0.86858	0.86859			6
2025.07.23	02:02:33.291	0.86857	0.86858			6
2025.07.23	02:02:34.501	0.86856	0.86859			6
2025.07.23	02:02:50.930		0.86858			4
2025.07.23	02:03:00.458	0.86856				2
2025.07.23	02:03:08.486		0.86857			4
2025.07.23	02:03:15.147	0.86857	0.86858			6
2025.07.23	02:03:16.580	0.86858	0.86859			6
2025.07.23	02:03:16.884	0.86857	0.86858			6
2025.07.23	02:03:20.915	0.86858	0.86859			6
2025.07.23	02:03:25.692	0.86857	0.86858			6
2025.07.23	02:03:30.803	0.86858	0.86859			6
2025.07.23	02:03:31.861	0.86857	0.86858			6
2025.07.23	02:03:42.427	0.86858	0.86859			6
2025.07.23	02:03:43.197	0.86857	0.86858			6
2025.07.23	02:04:00.115	0.86857				2
2025.07.23	02:04:02.486	0.86859	0.86860			6
2025.07.23	02:04:02.800	0.86858				2
2025.07.23	02:04:06.486	0.86859				2
2025.07.23	02:04:10.245	0.86861	0.86862			6
2025.07.23	02:04:12.412	0.86859	0.86860			6
2025.07.23	02:04:18.269	0.86861	0.86862			6
2025.07.23	02:04:27.975	0.86859	0.86860			6
2025.07.23	02:04:30.127	0.86861	0.86862			6
2025.07.23	02:04:37.118	0.86860	0.86861			6
2025.07.23	02:05:01.660	0.86860				2
2025.07.23	02:05:14.622	0.86863	0.86864			6
2025.07.23	02:05:31.826		0.86866			4
2025.07.23	02:05:32.864	0.86865				2
2025.07.23	02:06:08.634	0.86865				2
2025.07.23	02:06:32.286		0.86866			4
2025.07.23	02:06:51.450	0.86866	0.86867			6
2025.07.23	02:07:02.715	0.86866				2
2025.07.23	02:07:14.718	0.86865	0.86866			6
2025.07.23	02:07:28.106	0.86866	0.86867			6
2025.07.23	02:08:01.194	0.86866				2
2025.07.23	02:08:28.952		0.86867			4
2025.07.23	02:09:00.911	0.86866				2
2025.07.23	02:09:13.417	0.86864	0.86865			6
2025.07.23	02:10:00.620	0.86859	0.86862			6
2025.07.23	02:10:00.926		0.86861			4
2025.07.23	02:10:12.391		0.86860			4
2025.07.23	02:10:13.799	0.86858	0.86859			6
2025.07.23	02:10:21.196	0.86859	0.86860			6
2025.07.23	02:10:21.500	0.86863	0.86864			6
2025.07.23	02:10:33.133	0.86862	0.86863			6
2025.07.23	02:10:46.597	0.86860	0.86862			6
2025.07.23	02:10:48.435	0.86859				2
2025.07.23	02:11:00.081	0.86859	0.86863			6
2025.07.23	02:11:01.022		0.86862			4
2025.07.23	02:11:34.679	0.86861	0.86863			6
2025.07.23	02:11:44.570	0.86860				2
2025.07.23	02:11:52.647	0.86861				2
2025.07.23	02:11:52.963	0.86863	0.86864			6
2025.07.23	02:11:53.320	0.86862	0.86863			6
2025.07.23	02:12:00.717	0.86862				2
2025.07.23	02:12:15.586		0.86864			4
2025.07.23	02:13:00.490	0.86862	0.86863			6
2025.07.23	02:13:01.187	0.86863	0.86866			6
2025.07.23	02:13:02.358	0.86862				2
2025.07.23	02:13:12.688	0.86863				2
2025.07.23	02:13:15.459	0.86865	0.86867			6
2025.07.23	02:13:16.422	0.86864	0.86866			6
2025.07.23	02:13:16.727	0.86863				2
2025.07.23	02:13:17.137		0.86865			4
2025.07.23	02:13:17.473	0.86860	0.86863			6
2025.07.23	02:13:18.132	0.86861				2
2025.07.23	02:13:19.097	0.86860				2
2025.07.23	02:13:19.402	0.86861	0.86864			6
2025.07.23	02:13:19.720	0.86860				2
2025.07.23	02:13:20.024		0.86863			4
2025.07.23	02:13:20.325	0.86858	0.86862			6
2025.07.23	02:13:20.627	0.86860	0.86864			6
2025.07.23	02:13:21.260	0.86864	0.86867			6
2025.07.23	02:13:21.561	0.86865	0.86869			6
2025.07.23	02:13:22.224	0.86864	0.86867			6
2025.07.23	02:13:22.540	0.86862	0.86866			6
2025.07.23	02:13:23.160		0.86865			4
2025.07.23	02:13:24.448	0.86861	0.86864			6
2025.07.23	02:13:24.762	0.86860				2
2025.07.23	02:13:25.085	0.86863	0.86865			6
2025.07.23	02:13:25.725		0.86866			4
2025.07.23	02:13:26.041	0.86862				2
2025.07.23	02:13:26.343	0.86863				2
2025.07.23	02:13:26.659	0.86862	0.86864			6
2025.07.23	02:13:26.960	0.86861	0.86865			6
2025.07.23	02:13:28.230	0.86860	0.86864			6
2025.07.23	02:13:30.554	0.86856	0.86860			6
2025.07.23	02:13:32.658		0.86861			4
2025.07.23	02:13:33.038	0.86855				2
2025.07.23	02:13:33.885	0.86856				2
2025.07.23	02:13:34.186	0.86861	0.86867			6
2025.07.23	02:13:34.517		0.86866			4
2025.07.23	02:13:34.829	0.86862				2
2025.07.23	02:13:35.140	0.86858	0.86865			6
2025.07.23	02:13:35.459	0.86863	0.86867			6
2025.07.23	02:13:35.804		0.86866			4
2025.07.23	02:13:36.132	0.86865	0.86869			6
2025.07.23	02:13:36.442	0.86863	0.86868			6
2025.07.23	02:13:36.753		0.86869			4
2025.07.23	02:13:37.168	0.86862	0.86868			6
2025.07.23	02:13:37.829		0.86867			4
2025.07.23	02:13:38.140		0.86868			4
2025.07.23	02:13:39.599	0.86865	0.86866			6
2025.07.23	02:13:39.901	0.86863	0.86868			6
2025.07.23	02:13:40.219	0.86864	0.86867			6
2025.07.23	02:13:40.911	0.86862				2
2025.07.23	02:13:41.225	0.86865	0.86870			6
2025.07.23	02:13:41.524	0.86866				2
2025.07.23	02:13:41.825	0.86865				2
2025.07.23	02:13:42.215	0.86866	0.86868			6
2025.07.23	02:13:42.520		0.86869			4
2025.07.23	02:13:42.825	0.86863	0.86867			6
2025.07.23	02:13:43.177	0.86861				2
2025.07.23	02:13:43.480		0.86866			4
2025.07.23	02:13:44.873	0.86860	0.86865			6
2025.07.23	02:13:45.517	0.86861	0.86867			6
2025.07.23	02:13:45.870	0.86859	0.86864			6
2025.07.23	02:13:46.903	0.86862	0.86867			6
2025.07.23	02:13:47.248	0.86861				2
2025.07.23	02:13:47.873		0.86866			4
2025.07.23	02:13:48.529		0.86865			4
2025.07.23	02:13:48.872		0.86866			4
2025.07.23	02:13:49.180	0.86860				2
2025.07.23	02:13:49.501		0.86865			4
2025.07.23	02:13:49.819	0.86858	0.86864			6
2025.07.23	02:13:50.456		0.86862			4
2025.07.23	02:13:51.259	0.86860	0.86864			6
2025.07.23	02:13:51.636	0.86859				2
2025.07.23	02:13:52.318	0.86860				2
2025.07.23	02:13:52.965		0.86865			4
2025.07.23	02:13:53.275	0.86859	0.86864			6
2025.07.23	02:13:53.587	0.86860				2
2025.07.23	02:13:53.901		0.86865			4
2025.07.23	02:13:54.598	0.86861				2
2025.07.23	02:13:55.261		0.86867			4
2025.07.23	02:13:56.583		0.86866			4
2025.07.23	02:13:57.664	0.86862				2
2025.07.23	02:13:57.980	0.86860				2
2025.07.23	02:13:58.282	0.86862	0.86865			6
2025.07.23	02:13:58.635	0.86861	0.86866			6
2025.07.23	02:13:58.940	0.86860				2
2025.07.23	02:14:00.144	0.86860				2
2025.07.23	02:14:00.461		0.86865			4
2025.07.23	02:14:01.462	0.86858	0.86863			6
2025.07.23	02:14:01.783	0.86859				2
2025.07.23	02:14:02.351	0.86857	0.86862			6
2025.07.23	02:14:03.945		0.86861			4
2025.07.23	02:14:04.668	0.86856	0.86862			6
2025.07.23	02:14:06.388	0.86857	0.86861			6
2025.07.23	02:14:06.700	0.86856				2
2025.07.23	02:14:07.806		0.86862			4
2025.07.23	02:14:08.120	0.86855	0.86858			6
2025.07.23	02:14:08.430		0.86860			4
2025.07.23	02:14:09.410	0.86856				2
2025.07.23	02:14:09.955	0.86855				2
2025.07.23	02:14:10.318	0.86856				2
2025.07.23	02:14:12.514	0.86855				2
2025.07.23	02:14:12.828	0.86856	0.86862			6
2025.07.23	02:14:13.225	0.86855	0.86860			6
2025.07.23	02:14:16.245	0.86856				2
2025.07.23	02:14:16.554	0.86855	0.86858			6
2025.07.23	02:14:17.815		0.86861			4
2025.07.23	02:14:18.121	0.86856				2
2025.07.23	02:14:22.484	0.86855	0.86859			6
2025.07.23	02:14:22.785	0.86856	0.86860			6
2025.07.23	02:14:23.408		0.86861			4
2025.07.23	02:14:23.986		0.86860			4
2025.07.23	02:14:25.067		0.86861			4
2025.07.23	02:14:27.128	0.86855	0.86859			6
2025.07.23	02:14:27.439		0.86861			4
2025.07.23	02:14:28.338		0.86859			4
2025.07.23	02:14:28.757	0.86856	0.86862			6
2025.07.23	02:14:29.590		0.86860			4
2025.07.23	02:14:31.470		0.86859			4
2025.07.23	02:14:32.345	0.86855				2
2025.07.23	02:14:36.933		0.86858			4
2025.07.23	02:14:37.609		0.86860			4
2025.07.23	02:14:38.534		0.86859			4
2025.07.23	02:14:39.039		0.86858			4
2025.07.23	02:14:39.343	0.86856	0.86860			6
2025.07.23	02:14:39.657		0.86859			4
2025.07.23	02:14:40.798		0.86862			4
2025.07.23	02:14:41.099	0.86857				2
2025.07.23	02:14:41.799	0.86856	0.86861			6
2025.07.23	02:14:42.247	0.86857				2
2025.07.23	02:14:42.648	0.86856				2
2025.07.23	02:14:43.270	0.86855	0.86859			6
2025.07.23	02:14:43.592	0.86856				2
2025.07.23	02:14:44.312	0.86857	0.86860			6
2025.07.23	02:14:44.621	0.86856	0.86859			6
2025.07.23	02:14:44.939		0.86858			4
2025.07.23	02:14:45.284		0.86859			4
2025.07.23	02:14:45.590	0.86857				2
2025.07.23	02:14:45.900	0.86858	0.86860			6
2025.07.23	02:14:46.727		0.86861			4
2025.07.23	02:14:47.040		0.86860			4
2025.07.23	02:14:47.400		0.86861			4
2025.07.23	02:14:47.718		0.86863			4
2025.07.23	02:14:48.391		0.86860			4
2025.07.23	02:14:48.808	0.86857	0.86862			6
2025.07.23	02:14:49.112	0.86858	0.86861			6
2025.07.23	02:14:50.506	0.86857				2
2025.07.23	02:14:50.848	0.86858	0.86862			6
2025.07.23	02:14:51.213		0.86860			4
2025.07.23	02:14:51.580		0.86862			4
2025.07.23	02:14:52.883		0.86860			4
2025.07.23	02:14:53.193		0.86862			4
2025.07.23	02:14:53.994	0.86857	0.86859			6
2025.07.23	02:14:55.722		0.86860			4
2025.07.23	02:14:56.665		0.86862			4
2025.07.23	02:14:57.003	0.86858	0.86861			6
2025.07.23	02:14:57.313	0.86857	0.86859			6
2025.07.23	02:14:59.345	0.86859	0.86862			6
2025.07.23	02:14:59.651	0.86858				2
2025.07.23	02:15:00.317	0.86858				2
2025.07.23	02:15:00.620	0.86857				2
2025.07.23	02:15:01.141	0.86858				2
2025.07.23	02:15:01.597		0.86861			4
2025.07.23	02:15:02.351		0.86862			4
2025.07.23	02:15:02.659	0.86860	0.86865			6
2025.07.23	02:15:02.972	0.86859	0.86864			6
2025.07.23	02:15:04.881	0.86860	0.86863			6
2025.07.23	02:15:05.257	0.86859	0.86864			6
2025.07.23	02:15:05.559		0.86863			4
2025.07.23	02:15:06.281		0.86864			4
2025.07.23	02:15:06.588	0.86860	0.86865			6
2025.07.23	02:15:07.304	0.86859	0.86864			6
2025.07.23	02:15:07.608		0.86862			4
2025.07.23	02:15:07.930	0.86858				2
2025.07.23	02:15:10.164	0.86859				2
2025.07.23	02:15:10.479	0.86857	0.86861			6
2025.07.23	02:15:11.777	0.86856				2
2025.07.23	02:15:12.420		0.86860			4
2025.07.23	02:15:13.323		0.86861			4
2025.07.23	02:15:13.660	0.86857				2
2025.07.23	02:15:14.500	0.86856				2
2025.07.23	02:15:15.334	0.86855	0.86859			6
2025.07.23	02:15:15.640	0.86854	0.86858			6
2025.07.23	02:15:16.371	0.86855				2
2025.07.23	02:15:19.250	0.86856	0.86862			6
2025.07.23	02:15:20.168		0.86860			4
2025.07.23	02:15:21.161		0.86861			4
2025.07.23	02:15:22.623	0.86857				2
2025.07.23	02:15:24.763		0.86860			4
2025.07.23	02:15:25.117	0.86858	0.86862			6
2025.07.23	02:15:25.431	0.86857				2
2025.07.23	02:15:27.972		0.86861			4
2025.07.23	02:15:28.331	0.86858	0.86862			6
2025.07.23	02:15:28.657	0.86857				2
2025.07.23	02:15:29.637	0.86858				2
2025.07.23	02:15:29.942	0.86856	0.86858			6
2025.07.23	02:15:30.314	0.86858	0.86859			6
2025.07.23	02:15:30.652		0.86860			4
2025.07.23	02:15:33.403	0.86857	0.86863			6
2025.07.23	02:15:34.052	0.86858	0.86860			6
2025.07.23	02:15:35.847		0.86861			4
2025.07.23	02:15:37.251		0.86862			4
2025.07.23	02:15:39.870	0.86857				2
2025.07.23	02:15:41.115	0.86858	0.86863			6
2025.07.23	02:15:42.415	0.86859				2
2025.07.23	02:15:43.460	0.86858				2
2025.07.23	02:15:44.131	0.86857	0.86860			6
2025.07.23	02:15:44.438	0.86858	0.86862			6
2025.07.23	02:15:46.128		0.86861			4
2025.07.23	02:15:47.160	0.86859	0.86863			6
2025.07.23	02:15:48.223	0.86857	0.86861			6
2025.07.23	02:15:48.525	0.86858	0.86863			6
2025.07.23	02:15:48.851	0.86857	0.86861			6
2025.07.23	02:15:49.452	0.86858	0.86863			6
2025.07.23	02:15:50.237		0.86861			4
2025.07.23	02:15:52.273	0.86857				2
2025.07.23	02:15:53.063	0.86858				2
2025.07.23	02:15:55.630	0.86856	0.86857			6
2025.07.23	02:15:56.332	0.86857	0.86859			6
2025.07.23	02:15:56.782	0.86858	0.86860			6
2025.07.23	02:15:57.105	0.86857	0.86859			6
2025.07.23	02:15:57.428	0.86858	0.86860			6
2025.07.23	02:15:57.748	0.86857	0.86862			6
2025.07.23	02:15:58.789		0.86859			4
2025.07.23	02:15:59.120		0.86862			4
2025.07.23	02:16:00.024	0.86857				2
2025.07.23	02:16:00.355	0.86858	0.86860			6
2025.07.23	02:16:00.693	0.86857				2
2025.07.23	02:16:01.417		0.86859			4
2025.07.23	02:16:02.969		0.86861			4
2025.07.23	02:16:04.201		0.86862			4
2025.07.23	02:16:05.110		0.86861			4
2025.07.23	02:16:05.666	0.86856	0.86859			6
2025.07.23	02:16:05.999	0.86855	0.86857			6
2025.07.23	02:16:06.301	0.86856				2
2025.07.23	02:16:06.641	0.86854				2
2025.07.23	02:16:07.309		0.86856			4
2025.07.23	02:16:10.053		0.86857			4
2025.07.23	02:16:10.362		0.86856			4
2025.07.23	02:16:10.694		0.86857			4
2025.07.23	02:16:14.833	0.86850	0.86853			6
2025.07.23	02:16:15.141	0.86851				2
2025.07.23	02:16:16.546	0.86853	0.86855			6
2025.07.23	02:16:16.850		0.86856			4
2025.07.23	02:16:18.006		0.86855			4
2025.07.23	02:16:20.319	0.86854				2
2025.07.23	02:16:24.904	0.86853				2
2025.07.23	02:16:25.464	0.86852				2
2025.07.23	02:16:27.360	0.86853				2
2025.07.23	02:16:27.666	0.86854				2
2025.07.23	02:16:29.496	0.86853	0.86854			6
2025.07.23	02:16:30.541	0.86852				2
2025.07.23	02:16:30.934	0.86853				2
2025.07.23	02:16:33.910		0.86856			4
2025.07.23	02:16:34.219	0.86854				2
2025.07.23	02:16:36.777		0.86857			4
2025.07.23	02:16:39.962	0.86855				2
2025.07.23	02:16:40.284	0.86852	0.86855			6
2025.07.23	02:16:40.768	0.86851				2
2025.07.23	02:16:41.604	0.86852				2
2025.07.23	02:16:42.509	0.86854				2
2025.07.23	02:16:43.698		0.86857			4
2025.07.23	02:16:52.166		0.86855			4
2025.07.23	02:16:53.672		0.86857			4
2025.07.23	02:16:55.156	0.86853				2
2025.07.23	02:16:56.753	0.86854	0.86856			6
2025.07.23	02:16:57.102	0.86852				2
2025.07.23	02:17:00.234	0.86852				2
2025.07.23	02:17:02.224		0.86854			4
2025.07.23	02:17:02.539		0.86853			4
2025.07.23	02:17:02.904	0.86854	0.86856			6
2025.07.23	02:17:04.525	0.86853				2
2025.07.23	02:17:04.913	0.86854				2
2025.07.23	02:17:05.735	0.86855	0.86858			6
2025.07.23	02:17:06.872		0.86856			4
2025.07.23	02:17:12.722	0.86854				2
2025.07.23	02:17:13.041	0.86853	0.86855			6
2025.07.23	02:17:16.347	0.86851	0.86853			6
2025.07.23	02:17:17.546	0.86852	0.86854			6
2025.07.23	02:17:20.267	0.86853				2
2025.07.23	02:17:21.118	0.86854	0.86858			6
2025.07.23	02:17:21.420	0.86855				2
2025.07.23	02:17:23.074	0.86854				2
2025.07.23	02:17:24.388	0.86855				2
2025.07.23	02:17:28.101	0.86856	0.86859			6
2025.07.23	02:17:30.265		0.86860			4
2025.07.23	02:17:38.434	0.86858				2
2025.07.23	02:17:38.972	0.86857				2
2025.07.23	02:17:39.362		0.86861			4
2025.07.23	02:17:45.358	0.86858				2
2025.07.23	02:17:46.070	0.86857				2
2025.07.23	02:17:47.625	0.86859				2
2025.07.23	02:17:50.237	0.86858				2
2025.07.23	02:17:51.374	0.86859				2
2025.07.23	02:17:52.298	0.86858	0.86860			6
2025.07.23	02:17:52.953	0.86857				2
2025.07.23	02:17:53.875	0.86858				2
2025.07.23	02:17:54.192	0.86857				2
2025.07.23	02:17:54.525	0.86858				2
2025.07.23	02:17:54.840	0.86857				2
2025.07.23	02:17:57.518	0.86858				2
2025.07.23	02:17:59.905	0.86859				2
2025.07.23	02:18:00.223	0.86856	0.86859			6
2025.07.23	02:18:00.582	0.86858				2
2025.07.23	02:18:00.910		0.86860			4
2025.07.23	02:18:01.666	0.86857				2
2025.07.23	02:18:02.345	0.86858				2
2025.07.23	02:18:02.661	0.86857				2
2025.07.23	02:18:03.220	0.86858				2
2025.07.23	02:18:05.575	0.86857				2
2025.07.23	02:18:06.250	0.86858				2
2025.07.23	02:18:06.978	0.86857	0.86859			6
2025.07.23	02:18:13.390	0.86858	0.86860			6
2025.07.23	02:18:13.710	0.86856	0.86858			6
2025.07.23	02:18:14.869	0.86857	0.86859			6
2025.07.23	02:18:16.011	0.86859	0.86860			6
2025.07.23	02:18:16.712	0.86858				2
2025.07.23	02:18:17.658	0.86859				2
2025.07.23	02:18:19.543	0.86858				2
2025.07.23	02:18:20.973	0.86859				2
2025.07.23	02:18:31.035		0.86861			4
2025.07.23	02:18:32.879	0.86860				2
2025.07.23	02:18:37.219	0.86862	0.86863			6
2025.07.23	02:18:38.287	0.86861	0.86862			6
2025.07.23	02:18:39.519	0.86860	0.86861			6
2025.07.23	02:18:40.021	0.86856	0.86857			6
2025.07.23	02:18:41.071	0.86857	0.86858			6
2025.07.23	02:18:41.885	0.86856				2
2025.07.23	02:18:43.343	0.86857				2
2025.07.23	02:18:44.236	0.86856				2
2025.07.23	02:18:49.828	0.86858	0.86859			6
2025.07.23	02:18:52.055	0.86852	0.86854			6
2025.07.23	02:18:52.364	0.86853				2
2025.07.23	02:18:53.874	0.86854	0.86855			6
2025.07.23	02:19:00.358	0.86854				2
2025.07.23	02:19:01.398	0.86852	0.86853			6
2025.07.23	02:19:01.746	0.86853	0.86854			6
2025.07.23	02:19:03.251	0.86852	0.86853			6
2025.07.23	02:19:04.266	0.86853	0.86854			6
2025.07.23	02:19:05.046	0.86852	0.86853			6
2025.07.23	02:19:05.372	0.86853	0.86854			6
2025.07.23	02:19:07.945	0.86852	0.86853			6
2025.07.23	02:19:08.312	0.86851	0.86852			6
2025.07.23	02:19:11.088	0.86852	0.86853			6
2025.07.23	02:19:14.803	0.86853	0.86854			6
2025.07.23	02:19:15.458	0.86854	0.86855			6
2025.07.23	02:19:16.959	0.86855	0.86857			6
2025.07.23	02:19:17.263	0.86858	0.86859			6
2025.07.23	02:19:17.579	0.86859	0.86860			6
2025.07.23	02:19:17.961	0.86857				2
2025.07.23	02:19:18.487	0.86858				2
2025.07.23	02:19:18.989	0.86857	0.86859			6
2025.07.23	02:19:21.182	0.86856	0.86858			6
2025.07.23	02:19:22.539	0.86857				2
2025.07.23	02:19:22.863	0.86856	0.86857			6
2025.07.23	02:19:23.359	0.86857	0.86858			6
2025.07.23	02:19:23.662	0.86858	0.86859			6
2025.07.23	02:19:24.301	0.86859	0.86860			6
2025.07.23	02:19:25.853	0.86858	0.86859			6
2025.07.23	02:19:26.546	0.86859	0.86860			6
2025.07.23	02:19:27.096	0.86858	0.86859			6
2025.07.23	02:19:27.400	0.86859	0.86860			6
2025.07.23	02:19:31.003	0.86858	0.86859			6
2025.07.23	02:19:32.804	0.86857	0.86858			6
2025.07.23	02:19:33.431	0.86858	0.86859			6
2025.07.23	02:19:35.268	0.86857				2
2025.07.23	02:19:37.773		0.86858			4
2025.07.23	02:19:39.323		0.86859			4
2025.07.23	02:19:46.355	0.86856				2
2025.07.23	02:19:47.429	0.86858				2
2025.07.23	02:19:48.428	0.86856				2
2025.07.23	02:19:48.744	0.86857				2
2025.07.23	02:19:51.513	0.86856				2
2025.07.23	02:19:52.767	0.86858				2
2025.07.23	02:19:53.783	0.86855	0.86858			6
2025.07.23	02:19:55.482		0.86857			4
2025.07.23	02:19:56.956	0.86856	0.86858			6
2025.07.23	02:19:57.771	0.86855				2
2025.07.23	02:20:00.349	0.86855				2
2025.07.23	02:20:00.794	0.86856				2
2025.07.23	02:20:03.011	0.86855				2
2025.07.23	02:20:04.046	0.86856				2
2025.07.23	02:20:09.674	0.86855				2
2025.07.23	02:20:17.093	0.86856				2
2025.07.23	02:20:26.124		0.86857			4
2025.07.23	02:20:27.965	0.86857	0.86858			6
2025.07.23	02:20:28.363	0.86858	0.86859			6
2025.07.23	02:20:30.284	0.86857	0.86858			6
2025.07.23	02:20:33.343	0.86858	0.86859			6
2025.07.23	02:20:34.408	0.86856	0.86857			6
2025.07.23	02:20:40.062	0.86855	0.86856			6
2025.07.23	02:20:46.429	0.86854	0.86855			6
2025.07.23	02:20:53.640	0.86853	0.86854			6
2025.07.23	02:20:56.184	0.86854	0.86855			6
2025.07.23	02:20:58.479	0.86853	0.86854			6
2025.07.23	02:21:00.172	0.86853				2
2025.07.23	02:21:00.479	0.86852	0.86853			6
2025.07.23	02:21:00.792	0.86851				2
2025.07.23	02:21:03.825	0.86852				2
2025.07.23	02:21:06.361	0.86851	0.86852			6
2025.07.23	02:21:08.190	0.86849	0.86850			6
2025.07.23	02:21:09.517	0.86850	0.86851			6
2025.07.23	02:21:14.921	0.86848	0.86849			6
2025.07.23	02:21:16.172	0.86847				2
2025.07.23	02:21:16.511	0.86848				2
2025.07.23	02:21:17.161	0.86847				2
2025.07.23	02:21:17.938	0.86848				2
2025.07.23	02:21:18.373	0.86847				2
2025.07.23	02:21:20.420	0.86851	0.86852			6
2025.07.23	02:21:21.744	0.86850	0.86851			6
2025.07.23	02:21:25.263	0.86849	0.86850			6
2025.07.23	02:21:27.138	0.86850	0.86851			6
2025.07.23	02:21:27.714	0.86849	0.86850			6
2025.07.23	02:21:29.216	0.86848	0.86849			6
2025.07.23	02:21:40.353	0.86845	0.86846			6
2025.07.23	02:21:40.659	0.86843	0.86847			6
2025.07.23	02:21:41.526	0.86845	0.86846			6
2025.07.23	02:21:43.028	0.86843	0.86847			6
2025.07.23	02:21:43.384	0.86842	0.86846			6
2025.07.23	02:21:43.710	0.86843	0.86845			6
2025.07.23	02:21:44.394		0.86846			4
2025.07.23	02:21:44.784	0.86844				2
2025.07.23	02:21:45.143	0.86845				2
2025.07.23	02:21:45.447	0.86844				2
2025.07.23	02:21:48.342	0.86843				2
2025.07.23	02:21:49.179		0.86845			4
2025.07.23	02:21:52.230	0.86844	0.86846			6
2025.07.23	02:21:53.492	0.86843	0.86845			6
2025.07.23	02:21:57.567	0.86844				2
2025.07.23	02:21:57.984	0.86843	0.86844			6
2025.07.23	02:21:59.482	0.86842				2
2025.07.23	02:22:00.756	0.86842				2
2025.07.23	02:22:02.801	0.86843	0.86845			6
2025.07.23	02:22:05.474		0.86844			4
2025.07.23	02:22:08.974	0.86842				2
2025.07.23	02:22:10.118	0.86843				2
2025.07.23	02:22:10.618	0.86842	0.86843			6
2025.07.23	02:22:11.415	0.86843	0.86845			6
2025.07.23	02:22:11.720	0.86844				2
2025.07.23	02:22:14.077	0.86842				2
2025.07.23	02:22:14.384	0.86844	0.86846			6
2025.07.23	02:22:15.580	0.86841	0.86843			6
2025.07.23	02:22:15.883	0.86842	0.86844			6
2025.07.23	02:22:16.212	0.86843				2
2025.07.23	02:22:18.075	0.86841	0.86843			6
2025.07.23	02:22:20.001		0.86842			4
2025.07.23	02:22:20.837	0.86840				2
2025.07.23	02:22:21.471	0.86841				2
2025.07.23	02:22:22.664	0.86840				2
2025.07.23	02:22:29.530	0.86841				2
2025.07.23	02:22:31.019	0.86838	0.86840			6
2025.07.23	02:22:33.223	0.86839	0.86841			6
2025.07.23	02:22:33.524	0.86840	0.86842			6
2025.07.23	02:22:34.322	0.86841				2
2025.07.23	02:22:37.597	0.86839	0.86841			6
2025.07.23	02:22:37.916		0.86840			4
2025.07.23	02:22:46.115	0.86836	0.86838			6
2025.07.23	02:22:46.422	0.86835	0.86837			6
2025.07.23	02:22:47.011	0.86836				2
2025.07.23	02:22:48.176		0.86839			4
2025.07.23	02:22:48.480		0.86838			4
2025.07.23	02:22:48.878	0.86837				2
2025.07.23	02:22:51.093	0.86836	0.86837			6
2025.07.23	02:22:51.431	0.86831	0.86834			6
2025.07.23	02:22:51.822	0.86832				2
2025.07.23	02:22:52.160		0.86833			4
2025.07.23	02:22:52.507	0.86831				2
2025.07.23	02:22:52.869	0.86832	0.86834			6
2025.07.23	02:22:55.207		0.86833			4
2025.07.23	02:22:56.278		0.86834			4
2025.07.23	02:23:00.159	0.86832				2
2025.07.23	02:23:00.471	0.86833				2
2025.07.23	02:23:05.055		0.86835			4
2025.07.23	02:23:07.483	0.86832				2
2025.07.23	02:23:08.896	0.86831	0.86833			6
2025.07.23	02:23:09.200	0.86832	0.86834			6
2025.07.23	02:23:13.655		0.86833			4
2025.07.23	02:23:13.992	0.86831				2
2025.07.23	02:23:14.687	0.86832				2
2025.07.23	02:23:15.610	0.86831				2
2025.07.23	02:23:15.959	0.86832				2
2025.07.23	02:23:16.317	0.86831				2
2025.07.23	02:23:17.107	0.86832				2
2025.07.23	02:23:18.595	0.86831				2
2025.07.23	02:23:19.997	0.86832				2
2025.07.23	02:23:20.485	0.86834	0.86835			6
2025.07.23	02:23:23.281	0.86835	0.86836			6
2025.07.23	02:23:32.809	0.86836	0.86837			6
2025.07.23	02:23:33.119	0.86835	0.86836			6
2025.07.23	02:23:33.515	0.86834	0.86835			6
2025.07.23	02:23:35.450	0.86832	0.86833			6
2025.07.23	02:23:36.217		0.86834			4
2025.07.23	02:23:37.250		0.86833			4
2025.07.23	02:23:39.672		0.86834			4
2025.07.23	02:23:39.982	0.86831				2
2025.07.23	02:23:42.568	0.86832				2
2025.07.23	02:23:42.882	0.86831				2
2025.07.23	02:23:43.969	0.86834	0.86835			6
2025.07.23	02:23:46.042	0.86835	0.86836			6
2025.07.23	02:23:54.938		0.86837			4
2025.07.23	02:23:58.235		0.86836			4
2025.07.23	02:23:58.595		0.86837			4
2025.07.23	02:24:00.178	0.86835				2
2025.07.23	02:24:01.405		0.86836			4
2025.07.23	02:24:03.363	0.86836	0.86837			6
2025.07.23	02:24:04.556		0.86838			4
2025.07.23	02:24:09.356	0.86837				2
2025.07.23	02:24:09.847	0.86836				2
2025.07.23	02:24:10.173	0.86837				2
2025.07.23	02:24:14.142		0.86839			4
2025.07.23	02:24:16.133	0.86835	0.86837			6
2025.07.23	02:24:16.439	0.86834				2
2025.07.23	02:24:21.914		0.86836			4
2025.07.23	02:24:23.106		0.86837			4
2025.07.23	02:24:29.536	0.86836	0.86838			6
2025.07.23	02:24:31.485	0.86834				2
2025.07.23	02:24:31.931		0.86836			4
2025.07.23	02:24:33.274	0.86835	0.86837			6
2025.07.23	02:24:38.063		0.86838			4
2025.07.23	02:24:42.123		0.86837			4
2025.07.23	02:24:44.720	0.86834	0.86836			6
2025.07.23	02:24:49.120	0.86833				2
2025.07.23	02:24:50.995	0.86834				2
2025.07.23	02:24:51.374	0.86833	0.86835			6
2025.07.23	02:24:52.062	0.86834	0.86836			6
2025.07.23	02:24:59.629	0.86833				2
2025.07.23	02:25:00.815	0.86833				2
2025.07.23	02:25:02.814	0.86832				2
2025.07.23	02:25:03.415	0.86833				2
2025.07.23	02:25:06.210	0.86834				2
2025.07.23	02:25:07.728	0.86833				2
2025.07.23	02:25:09.918	0.86834				2
2025.07.23	02:25:13.177	0.86835				2
2025.07.23	02:25:15.276	0.86833	0.86835			6
2025.07.23	02:25:16.435		0.86836			4
2025.07.23	02:25:16.738		0.86835			4
2025.07.23	02:25:17.943	0.86832				2
2025.07.23	02:25:21.035	0.86833	0.86836			6
2025.07.23	02:25:22.786	0.86834	0.86837			6
2025.07.23	02:25:23.811	0.86831	0.86833			6
2025.07.23	02:25:24.202	0.86832	0.86836			6
2025.07.23	02:25:35.992	0.86833	0.86835			6
2025.07.23	02:25:38.044	0.86831	0.86834			6
2025.07.23	02:25:39.390		0.86833			4
2025.07.23	02:25:40.636	0.86832	0.86834			6
2025.07.23	02:25:41.109	0.86831				2
2025.07.23	02:25:41.475	0.86830	0.86833			6
2025.07.23	02:25:42.554	0.86829	0.86832			6
2025.07.23	02:25:47.307	0.86830				2
2025.07.23	02:25:49.264	0.86829				2
2025.07.23	02:25:52.668	0.86830	0.86833			6
2025.07.23	02:25:54.384	0.86829	0.86832			6
2025.07.23	02:25:54.727	0.86828				2
2025.07.23	02:25:55.920		0.86831			4
2025.07.23	02:26:00.568	0.86828				2
2025.07.23	02:26:02.350	0.86832	0.86833			6
2025.07.23	02:26:06.973	0.86829				2
2025.07.23	02:26:17.531	0.86830	0.86832			6
2025.07.23	02:26:19.847	0.86831				2
2025.07.23	02:26:20.554	0.86830				2
2025.07.23	02:26:32.062		0.86831			4
2025.07.23	02:26:32.366		0.86832			4
2025.07.23	02:26:38.038	0.86829	0.86831			6
2025.07.23	02:26:41.347		0.86830			4
2025.07.23	02:26:41.729	0.86828				2
2025.07.23	02:26:49.692	0.86829	0.86831			6
2025.07.23	02:26:53.508	0.86830	0.86832			6
2025.07.23	02:27:00.404	0.86830				2
2025.07.23	02:27:00.729	0.86834	0.86837			6
2025.07.23	02:27:01.732	0.86833	0.86836			6
2025.07.23	02:27:05.340		0.86835			4
2025.07.23	02:27:06.789	0.86836	0.86840			6
2025.07.23	02:27:07.098		0.86839			4
2025.07.23	02:27:08.062		0.86840			4
2025.07.23	02:27:09.756		0.86839			4
2025.07.23	02:27:18.045	0.86835				2
2025.07.23	02:27:18.759	0.86836				2
2025.07.23	02:27:19.072	0.86835				2
2025.07.23	02:27:19.751	0.86834	0.86837			6
2025.07.23	02:27:25.606		0.86838			4
2025.07.23	02:27:29.182	0.86833	0.86837			6
2025.07.23	02:27:31.629	0.86834	0.86838			6
2025.07.23	02:27:34.723	0.86836				2
2025.07.23	02:27:38.303		0.86839			4
2025.07.23	02:27:51.552	0.86837	0.86840			6
2025.07.23	02:27:55.958	0.86838				2
2025.07.23	02:27:56.363	0.86837				2
2025.07.23	02:28:00.852	0.86837				2
2025.07.23	02:28:04.848	0.86838	0.86841			6
2025.07.23	02:28:08.719	0.86837				2
2025.07.23	02:28:16.055		0.86839			4
2025.07.23	02:28:27.687	0.86838	0.86841			6
2025.07.23	02:28:37.898	0.86837	0.86839			6
2025.07.23	02:28:48.318	0.86836	0.86838			6
2025.07.23	02:28:49.102	0.86837	0.86839			6
2025.07.23	02:28:57.320	0.86838				2
2025.07.23	02:29:01.873	0.86838				2
2025.07.23	02:29:03.650	0.86837				2
2025.07.23	02:29:12.523	0.86838	0.86841			6
2025.07.23	02:29:17.386	0.86837	0.86840			6
2025.07.23	02:29:42.972	0.86836	0.86839			6
2025.07.23	02:29:47.967	0.86835	0.86837			6
2025.07.23	02:29:54.025	0.86836				2
2025.07.23	02:29:54.340	0.86835				2
2025.07.23	02:29:56.404	0.86836	0.86838			6
2025.07.23	02:30:00.422	0.86836				2
2025.07.23	02:30:02.446		0.86840			4
2025.07.23	02:30:03.272	0.86837	0.86838			6
2025.07.23	02:30:06.562	0.86836				2
2025.07.23	02:30:07.097	0.86837				2
2025.07.23	02:30:08.428	0.86836				2
2025.07.23	02:30:10.643	0.86833	0.86836			6
2025.07.23	02:30:13.927	0.86832	0.86835			6
2025.07.23	02:30:15.469	0.86833	0.86836			6
2025.07.23	02:30:25.909	0.86834				2
2025.07.23	02:30:33.970	0.86831	0.86835			6
2025.07.23	02:30:37.009		0.86834			4
2025.07.23	02:30:39.296	0.86832	0.86835			6
2025.07.23	02:30:45.810	0.86830	0.86833			6
2025.07.23	02:30:46.120	0.86829	0.86832			6
2025.07.23	02:30:46.459		0.86833			4
2025.07.23	02:30:47.100		0.86831			4
2025.07.23	02:30:48.119	0.86828				2
2025.07.23	02:30:51.772	0.86827	0.86830			6
2025.07.23	02:30:54.797		0.86831			4
2025.07.23	02:31:00.464	0.86829	0.86833			6
2025.07.23	02:31:00.815	0.86830				2
2025.07.23	02:31:01.456	0.86831				2
2025.07.23	02:31:03.861	0.86830				2
2025.07.23	02:31:04.318	0.86831	0.86834			6
2025.07.23	02:31:06.864		0.86833			4
2025.07.23	02:31:08.373	0.86830				2
2025.07.23	02:31:08.962	0.86832				2
2025.07.23	02:31:12.846		0.86834			4
2025.07.23	02:31:14.577		0.86833			4
2025.07.23	02:31:15.637		0.86834			4
2025.07.23	02:31:17.734		0.86833			4
2025.07.23	02:31:21.348	0.86831				2
2025.07.23	02:31:23.226		0.86832			4
2025.07.23	02:31:23.609	0.86830				2
2025.07.23	02:31:28.796	0.86831	0.86833			6
2025.07.23	02:31:31.041	0.86830				2
2025.07.23	02:31:31.344		0.86832			4
2025.07.23	02:31:32.402		0.86833			4
2025.07.23	02:31:39.916	0.86829				2
2025.07.23	02:31:40.655		0.86830			4
2025.07.23	02:31:41.378	0.86830	0.86832			6
2025.07.23	02:31:44.315		0.86831			4
2025.07.23	02:31:45.090	0.86829				2
2025.07.23	02:31:45.910	0.86828				2
2025.07.23	02:31:58.783	0.86829	0.86832			6
2025.07.23	02:32:01.319	0.86829				2
2025.07.23	02:32:08.444		0.86831			4
2025.07.23	02:32:11.495	0.86828				2
2025.07.23	02:32:12.688	0.86829	0.86832			6
2025.07.23	02:32:13.002		0.86831			4
2025.07.23	02:32:14.316	0.86828				2
2025.07.23	02:32:14.620	0.86829				2
2025.07.23	02:32:28.300	0.86828				2
2025.07.23	02:32:39.784	0.86829	0.86832			6
2025.07.23	02:32:50.027	0.86830				2
2025.07.23	02:32:50.810	0.86829				2
2025.07.23	02:32:52.141	0.86830				2
2025.07.23	02:32:54.157	0.86828	0.86831			6
2025.07.23	02:32:56.369	0.86829				2
2025.07.23	02:32:58.108	0.86826	0.86830			6
2025.07.23	02:33:00.372	0.86826				2
2025.07.23	02:33:01.604		0.86831			4
2025.07.23	02:33:02.291		0.86830			4
2025.07.23	02:33:06.170	0.86825				2
2025.07.23	02:33:15.551	0.86823	0.86827			6
2025.07.23	02:33:16.189	0.86824	0.86828			6
2025.07.23	02:33:16.591	0.86823				2
2025.07.23	02:33:17.675	0.86827	0.86830			6
2025.07.23	02:33:18.346	0.86826				2
2025.07.23	02:33:18.651	0.86827				2
2025.07.23	02:33:19.797		0.86831			4
2025.07.23	02:33:20.107	0.86828				2
2025.07.23	02:33:20.433	0.86826				2
2025.07.23	02:33:21.106	0.86827				2
2025.07.23	02:33:26.141	0.86828				2
2025.07.23	02:33:28.301		0.86830			4
2025.07.23	02:33:31.454		0.86831			4
2025.07.23	02:33:44.044	0.86827				2
2025.07.23	02:33:45.327	0.86826				2
2025.07.23	02:33:46.228	0.86827				2
2025.07.23	02:33:47.970	0.86829	0.86832			6
2025.07.23	02:33:59.212	0.86830				2
2025.07.23	02:34:00.098	0.86830				2
2025.07.23	02:34:01.725	0.86829				2
2025.07.23	02:34:14.072	0.86828	0.86831			6
2025.07.23	02:34:16.152		0.86830			4
2025.07.23	02:34:17.524	0.86827				2
2025.07.23	02:34:20.365		0.86829			4
2025.07.23	02:34:21.405		0.86830			4
2025.07.23	02:34:21.741	0.86828				2
2025.07.23	02:34:31.420	0.86823	0.86827			6
2025.07.23	02:34:31.722	0.86822				2
2025.07.23	02:34:33.462	0.86823				2
2025.07.23	02:34:35.658		0.86828			4
2025.07.23	02:34:38.008	0.86828	0.86830			6
2025.07.23	02:34:38.421	0.86827				2
2025.07.23	02:34:39.242		0.86829			4
2025.07.23	02:34:41.141	0.86828	0.86830			6
2025.07.23	02:34:46.389		0.86831			4
2025.07.23	02:34:46.722		0.86830			4
2025.07.23	02:34:49.875	0.86827				2
2025.07.23	02:34:50.179	0.86826				2
2025.07.23	02:34:51.100	0.86825	0.86829			6
2025.07.23	02:34:54.557	0.86824				2
2025.07.23	02:34:55.437	0.86823	0.86828			6
2025.07.23	02:34:55.739	0.86824				2
2025.07.23	02:34:57.586	0.86825				2
2025.07.23	02:35:04.032	0.86824				2
2025.07.23	02:35:04.793	0.86822	0.86826			6
2025.07.23	02:35:05.099		0.86825			4
2025.07.23	02:35:05.642	0.86821	0.86824			6
2025.07.23	02:35:05.977	0.86819	0.86822			6
2025.07.23	02:35:06.285	0.86818				2
2025.07.23	02:35:06.599	0.86821	0.86823			6
2025.07.23	02:35:06.920	0.86820	0.86824			6
2025.07.23	02:35:07.501	0.86821	0.86823			6
2025.07.23	02:35:07.947		0.86822			4
2025.07.23	02:35:10.658	0.86822	0.86824			6
2025.07.23	02:35:10.963	0.86823	0.86825			6
2025.07.23	02:35:12.832		0.86824			4
2025.07.23	02:35:13.278		0.86825			4
2025.07.23	02:35:17.565	0.86824				2
2025.07.23	02:35:18.620	0.86822				2
2025.07.23	02:35:22.615	0.86824	0.86826			6
2025.07.23	02:35:23.706	0.86823	0.86825			6
2025.07.23	02:35:27.802	0.86822				2
2025.07.23	02:35:30.998	0.86821				2
2025.07.23	02:35:31.308	0.86823				2
2025.07.23	02:35:31.622	0.86822				2
2025.07.23	02:35:32.351	0.86821				2
2025.07.23	02:35:42.477	0.86820	0.86822			6
2025.07.23	02:35:43.141	0.86819				2
2025.07.23	02:35:44.152	0.86820	0.86821			6
2025.07.23	02:35:50.607	0.86818				2
2025.07.23	02:36:00.069	0.86818				2
2025.07.23	02:36:06.159	0.86820				2
2025.07.23	02:36:19.135	0.86817				2
2025.07.23	02:36:19.443	0.86820				2
2025.07.23	02:36:20.336	0.86819	0.86822			6
2025.07.23	02:36:21.723	0.86818	0.86820			6
2025.07.23	02:36:22.039	0.86820	0.86821			6
2025.07.23	02:36:25.584		0.86822			4
2025.07.23	02:36:32.766	0.86819	0.86821			6
2025.07.23	02:36:33.203	0.86816				2
2025.07.23	02:36:33.531	0.86818				2
2025.07.23	02:36:34.057	0.86817				2
2025.07.23	02:36:35.472	0.86818				2
2025.07.23	02:36:36.480	0.86816				2
2025.07.23	02:36:36.811	0.86817				2
2025.07.23	02:36:37.461	0.86818				2
2025.07.23	02:36:37.801		0.86822			4
2025.07.23	02:36:41.181	0.86819				2
2025.07.23	02:36:54.198		0.86823			4
2025.07.23	02:36:55.970	0.86820	0.86822			6
2025.07.23	02:36:56.289	0.86819				2
2025.07.23	02:36:59.031	0.86820				2
2025.07.23	02:37:01.614	0.86820				2
2025.07.23	02:37:09.530	0.86819				2
2025.07.23	02:37:14.339		0.86821			4
2025.07.23	02:37:26.480	0.86820	0.86822			6
2025.07.23	02:37:26.871	0.86821				2
2025.07.23	02:37:29.346	0.86820	0.86821			6
2025.07.23	02:37:30.568		0.86822			4
2025.07.23	02:37:31.513		0.86821			4
2025.07.23	02:37:36.364	0.86819	0.86820			6
2025.07.23	02:37:37.428		0.86821			4
2025.07.23	02:37:43.012	0.86818				2
2025.07.23	02:37:43.733	0.86817				2
2025.07.23	02:37:45.567	0.86819				2
2025.07.23	02:37:46.369	0.86820				2
2025.07.23	02:37:46.723	0.86819				2
2025.07.23	02:37:47.033		0.86820			4
2025.07.23	02:37:47.374		0.86821			4
2025.07.23	02:37:48.423	0.86818	0.86820			6
2025.07.23	02:37:49.367	0.86821	0.86824			6
2025.07.23	02:37:56.517	0.86819	0.86822			6
2025.07.23	02:38:03.693	0.86819				2
2025.07.23	02:38:19.865	0.86820				2
2025.07.23	02:38:20.213		0.86821			4
2025.07.23	02:38:20.606		0.86822			4
2025.07.23	02:38:26.012	0.86821				2
2025.07.23	02:38:28.368	0.86820	0.86821			6
2025.07.23	02:38:28.682		0.86822			4
2025.07.23	02:38:29.742		0.86823			4
2025.07.23	02:38:33.698	0.86819	0.86821			6
2025.07.23	02:38:40.609	0.86818	0.86820			6
2025.07.23	02:38:40.941	0.86817				2
2025.07.23	02:38:46.502	0.86818				2
2025.07.23	02:38:50.108	0.86820	0.86821			6
2025.07.23	02:38:54.655		0.86822			4
2025.07.23	02:38:55.417	0.86821				2
2025.07.23	02:38:55.730	0.86820				2
2025.07.23	02:38:58.782	0.86814	0.86818			6
2025.07.23	02:38:59.245	0.86815				2
2025.07.23	02:39:00.402	0.86818	0.86819			6
2025.07.23	02:39:07.382	0.86817				2
2025.07.23	02:39:07.703	0.86819	0.86820			6
2025.07.23	02:39:12.594	0.86818	0.86819			6
2025.07.23	02:39:17.383	0.86813	0.86817			6
2025.07.23	02:39:17.951	0.86815				2
2025.07.23	02:39:24.834	0.86817	0.86818			6
2025.07.23	02:39:25.519		0.86819			4
2025.07.23	02:39:27.024		0.86818			4
2025.07.23	02:39:31.237	0.86818	0.86820			6
2025.07.23	02:39:31.815	0.86819				2
2025.07.23	02:39:37.793	0.86818				2
2025.07.23	02:39:38.273	0.86817				2
2025.07.23	02:39:38.598	0.86818				2
2025.07.23	02:39:40.138	0.86816				2
2025.07.23	02:39:40.955	0.86817				2
2025.07.23	02:39:41.564	0.86816				2
2025.07.23	02:39:48.008	0.86818				2
2025.07.23	02:39:50.265	0.86817				2
2025.07.23	02:39:51.567	0.86816	0.86819			6
2025.07.23	02:39:58.487	0.86815				2
2025.07.23	02:40:00.582	0.86814	0.86818			6
2025.07.23	02:40:02.770		0.86817			4
2025.07.23	02:40:05.227	0.86813	0.86818			6
2025.07.23	02:40:12.627	0.86817				2
2025.07.23	02:40:13.737	0.86816	0.86817			6
2025.07.23	02:40:14.221	0.86815	0.86816			6
2025.07.23	02:40:14.936	0.86816	0.86817			6
2025.07.23	02:40:15.353	0.86817	0.86818			6
2025.07.23	02:40:25.257	0.86813	0.86814			6
2025.07.23	02:40:25.561	0.86815	0.86816			6
2025.07.23	02:40:26.081	0.86814				2
2025.07.23	02:40:30.027	0.86815				2
2025.07.23	02:40:31.451	0.86816	0.86817			6
2025.07.23	02:40:37.999	0.86815				2
2025.07.23	02:40:39.552	0.86813				2
2025.07.23	02:40:40.242	0.86815				2
2025.07.23	02:40:45.310	0.86814	0.86816			6
2025.07.23	02:40:45.633	0.86813				2
2025.07.23	02:40:47.903	0.86815				2
2025.07.23	02:40:50.382		0.86817			4
2025.07.23	02:40:51.518		0.86818			4
2025.07.23	02:40:51.822	0.86816				2
2025.07.23	02:40:54.629		0.86817			4
2025.07.23	02:41:00.243	0.86816	0.86818			6
2025.07.23	02:41:04.063		0.86817			4
2025.07.23	02:41:04.394		0.86818			4
2025.07.23	02:41:09.566	0.86815	0.86819			6
2025.07.23	02:41:10.543	0.86816				2
2025.07.23	02:41:11.747	0.86818	0.86820			6
2025.07.23	02:41:12.061	0.86819				2
2025.07.23	02:41:14.161	0.86818				2
2025.07.23	02:41:14.483	0.86819				2
2025.07.23	02:41:14.842	0.86818				2
2025.07.23	02:41:15.151	0.86819				2
2025.07.23	02:41:19.041	0.86818				2
2025.07.23	02:41:26.657		0.86819			4
2025.07.23	02:41:27.726		0.86820			4
2025.07.23	02:41:34.660	0.86819	0.86821			6
2025.07.23	02:41:39.796	0.86818				2
2025.07.23	02:41:49.306	0.86819	0.86820			6
2025.07.23	02:41:49.618	0.86817				2
2025.07.23	02:41:49.926	0.86818				2
2025.07.23	02:41:52.270	0.86817				2
2025.07.23	02:41:52.591		0.86818			4
2025.07.23	02:41:53.160		0.86820			4
2025.07.23	02:41:54.639	0.86818				2
2025.07.23	02:41:55.253	0.86816				2
2025.07.23	02:41:56.044	0.86817				2
2025.07.23	02:41:56.410	0.86816				2
2025.07.23	02:41:58.145	0.86814	0.86819			6
2025.07.23	02:41:58.453	0.86815				2
2025.07.23	02:42:01.110	0.86815				2
2025.07.23	02:42:02.601	0.86814	0.86818			6
2025.07.23	02:42:02.952		0.86817			4
2025.07.23	02:42:04.198		0.86818			4
2025.07.23	02:42:05.306	0.86816	0.86817			6
2025.07.23	02:42:05.619	0.86817	0.86820			6
2025.07.23	02:42:13.005	0.86815	0.86818			6
2025.07.23	02:42:14.127	0.86814				2
2025.07.23	02:42:16.802	0.86815	0.86819			6
2025.07.23	02:42:17.119		0.86818			4
2025.07.23	02:42:17.986		0.86819			4
2025.07.23	02:42:18.380	0.86814				2
2025.07.23	02:42:18.735		0.86818			4
2025.07.23	02:42:19.049	0.86815	0.86819			6
2025.07.23	02:42:19.514		0.86818			4
2025.07.23	02:42:22.347		0.86819			4
2025.07.23	02:42:28.827	0.86814	0.86818			6
2025.07.23	02:42:29.368	0.86815				2
2025.07.23	02:42:29.694	0.86816				2
2025.07.23	02:42:30.650	0.86815				2
2025.07.23	02:42:31.818	0.86814	0.86817			6
2025.07.23	02:42:32.444	0.86813	0.86816			6
2025.07.23	02:42:33.058	0.86817	0.86818			6
2025.07.23	02:42:34.554	0.86815				2
2025.07.23	02:42:36.477	0.86814				2
2025.07.23	02:42:39.860	0.86815				2
2025.07.23	02:42:49.710	0.86813	0.86817			6
2025.07.23	02:42:50.021	0.86818	0.86819			6
2025.07.23	02:42:50.373	0.86817	0.86818			6
2025.07.23	02:42:51.041		0.86819			4
2025.07.23	02:42:52.818		0.86818			4
2025.07.23	02:43:00.424	0.86817				2
2025.07.23	02:43:07.262	0.86818	0.86819			6
2025.07.23	02:43:11.842	0.86816	0.86818			6
2025.07.23	02:43:14.109	0.86815	0.86819			6
2025.07.23	02:43:15.399	0.86818				2
2025.07.23	02:43:15.966	0.86817				2
2025.07.23	02:43:16.866	0.86818				2
2025.07.23	02:43:17.395	0.86816				2
2025.07.23	02:43:19.290		0.86820			4
2025.07.23	02:43:23.418	0.86817	0.86821			6
2025.07.23	02:43:23.884		0.86820			4
2025.07.23	02:43:38.118	0.86819				2
2025.07.23	02:43:43.303	0.86818	0.86821			6
2025.07.23	02:43:46.380	0.86817				2
2025.07.23	02:44:00.071	0.86817				2
2025.07.23	02:44:00.380	0.86818				2
2025.07.23	02:44:01.110		0.86820			4
2025.07.23	02:44:04.722	0.86819				2
2025.07.23	02:44:10.460	0.86820	0.86821			6
2025.07.23	02:44:15.378	0.86819	0.86820			6
2025.07.23	02:44:24.793	0.86817				2
2025.07.23	02:44:25.115	0.86819				2
2025.07.23	02:44:28.378	0.86817				2
2025.07.23	02:44:29.024	0.86819				2
2025.07.23	02:44:51.504	0.86818	0.86819			6
2025.07.23	02:44:54.674		0.86820			4
2025.07.23	02:45:00.351	0.86818				2
2025.07.23	02:45:12.489	0.86819				2
2025.07.23	02:45:12.902	0.86818				2
2025.07.23	02:45:24.226		0.86819			4
2025.07.23	02:45:29.546	0.86817				2
2025.07.23	02:45:33.478	0.86818				2
2025.07.23	02:45:41.177	0.86817				2
2025.07.23	02:45:53.275	0.86818				2
2025.07.23	02:45:53.599	0.86816	0.86818			6
2025.07.23	02:45:54.384	0.86817				2
2025.07.23	02:45:55.433	0.86818	0.86819			6
2025.07.23	02:46:00.176	0.86818				2
2025.07.23	02:46:03.996	0.86817	0.86818			6
2025.07.23	02:46:08.546	0.86819	0.86820			6
2025.07.23	02:46:09.034	0.86818	0.86819			6
2025.07.23	02:46:15.088	0.86817	0.86818			6
2025.07.23	02:46:20.515	0.86818	0.86819			6
2025.07.23	02:46:21.471	0.86817	0.86818			6
2025.07.23	02:46:28.602	0.86816	0.86817			6
2025.07.23	02:46:35.421	0.86818	0.86819			6
2025.07.23	02:46:42.397	0.86816	0.86818			6
2025.07.23	02:46:43.415	0.86817				2
2025.07.23	02:46:44.410	0.86816				2
2025.07.23	02:47:00.357	0.86816				2
2025.07.23	02:47:04.411	0.86815	0.86817			6
2025.07.23	02:47:04.781	0.86816				2
2025.07.23	02:47:06.815	0.86815				2
2025.07.23	02:47:08.867	0.86816	0.86819			6
2025.07.23	02:47:13.701		0.86818			4
2025.07.23	02:47:15.078	0.86815	0.86817			6
2025.07.23	02:47:16.349	0.86816	0.86818			6
2025.07.23	02:47:22.042	0.86817				2
2025.07.23	02:47:25.818		0.86819			4
2025.07.23	02:47:33.259	0.86816	0.86818			6
2025.07.23	02:47:36.006		0.86817			4
2025.07.23	02:47:38.246	0.86815				2
2025.07.23	02:47:41.929		0.86816			4
2025.07.23	02:47:43.455	0.86814				2
2025.07.23	02:47:43.790	0.86815	0.86817			6
2025.07.23	02:47:48.081	0.86814				2
2025.07.23	02:47:57.381	0.86815	0.86818			6
2025.07.23	02:48:00.160	0.86815				2
2025.07.23	02:48:10.430		0.86817			4
2025.07.23	02:48:10.801		0.86818			4
2025.07.23	02:48:11.475	0.86816				2
2025.07.23	02:48:30.385	0.86818	0.86820			6
2025.07.23	02:48:31.862	0.86817				2
2025.07.23	02:48:34.703	0.86816	0.86818			6
2025.07.23	02:48:37.289	0.86815	0.86817			6
2025.07.23	02:48:45.928	0.86814				2
2025.07.23	02:48:46.284	0.86815	0.86818			6
2025.07.23	02:48:54.523	0.86816				2
2025.07.23	02:49:00.090	0.86816				2
2025.07.23	02:49:00.413		0.86819			4
2025.07.23	02:49:04.344	0.86817				2
2025.07.23	02:49:05.890	0.86816				2
2025.07.23	02:49:08.182	0.86817	0.86820			6
2025.07.23	02:49:22.611		0.86819			4
2025.07.23	02:49:32.713	0.86818				2
2025.07.23	02:49:34.588	0.86817				2
2025.07.23	02:49:36.067	0.86816				2
2025.07.23	02:49:54.255		0.86818			4
2025.07.23	02:50:00.052	0.86816				2
2025.07.23	02:50:29.760	0.86817	0.86820			6
2025.07.23	02:50:32.932		0.86819			4
2025.07.23	02:50:33.536	0.86816	0.86818			6
2025.07.23	02:50:46.763	0.86817				2
2025.07.23	02:50:50.962	0.86816				2
2025.07.23	02:51:01.509	0.86817				2
2025.07.23	02:51:04.417	0.86816				2
2025.07.23	02:51:04.747	0.86815	0.86816			6
2025.07.23	02:51:05.828		0.86817			4
2025.07.23	02:51:11.866	0.86814	0.86816			6
2025.07.23	02:51:13.084	0.86815	0.86818			6
2025.07.23	02:51:19.361	0.86817	0.86819			6
2025.07.23	02:51:26.562	0.86818	0.86820			6
2025.07.23	02:51:36.765	0.86817				2
2025.07.23	02:51:41.495	0.86819	0.86821			6
2025.07.23	02:51:46.170	0.86818				2
2025.07.23	02:51:51.894	0.86819				2
2025.07.23	02:51:54.989	0.86820	0.86823			6
2025.07.23	02:52:00.909	0.86820				2
2025.07.23	02:52:02.402	0.86819	0.86822			6
2025.07.23	02:52:03.251	0.86820	0.86824			6
2025.07.23	02:52:04.809		0.86823			4
2025.07.23	02:52:05.282		0.86824			4
2025.07.23	02:52:08.211		0.86823			4
2025.07.23	02:52:13.157	0.86821	0.86824			6
2025.07.23	02:52:13.893	0.86820	0.86823			6
2025.07.23	02:52:16.369	0.86821				2
2025.07.23	02:52:19.192	0.86820				2
2025.07.23	02:52:42.287	0.86821				2
2025.07.23	02:52:45.256		0.86825			4
2025.07.23	02:52:45.812	0.86822				2
2025.07.23	02:52:46.121	0.86821	0.86824			6
2025.07.23	02:52:46.909		0.86823			4
2025.07.23	02:52:55.086		0.86824			4
2025.07.23	02:53:01.227	0.86821				2
2025.07.23	02:53:01.632		0.86823			4
2025.07.23	02:53:30.520	0.86819	0.86820			6
2025.07.23	02:53:36.344	0.86820	0.86821			6
2025.07.23	02:53:37.209		0.86822			4
2025.07.23	02:53:55.757	0.86817	0.86820			6
2025.07.23	02:53:56.062	0.86818				2
2025.07.23	02:54:00.163	0.86818				2
2025.07.23	02:54:07.397	0.86819				2
2025.07.23	02:54:13.979	0.86818				2
2025.07.23	02:54:15.325	0.86817				2
2025.07.23	02:54:20.980		0.86819			4
2025.07.23	02:54:21.375		0.86820			4
2025.07.23	02:54:21.774		0.86819			4
2025.07.23	02:54:22.174		0.86820			4
2025.07.23	02:54:24.775		0.86819			4
2025.07.23	02:54:27.729	0.86816				2
2025.07.23	02:54:34.034		0.86818			4
2025.07.23	02:54:37.775		0.86819			4
2025.07.23	02:54:40.395	0.86817				2
2025.07.23	02:54:42.775	0.86820	0.86821			6
2025.07.23	02:54:43.668	0.86819	0.86820			6
2025.07.23	02:54:57.137	0.86817				2
2025.07.23	02:54:59.634	0.86818				2
2025.07.23	02:55:00.315	0.86818				2
2025.07.23	02:55:10.872	0.86819				2
2025.07.23	02:55:15.209	0.86820	0.86821			6
2025.07.23	02:55:16.474	0.86819	0.86820			6
2025.07.23	02:55:21.798	0.86818				2
2025.07.23	02:55:30.405	0.86817				2
2025.07.23	02:55:30.792	0.86818				2
2025.07.23	02:55:31.251	0.86817				2
2025.07.23	02:55:39.907	0.86816	0.86819			6
2025.07.23	02:55:40.533	0.86817				2
2025.07.23	02:55:43.690	0.86818	0.86820			6
2025.07.23	02:55:44.319	0.86819	0.86821			6
2025.07.23	02:55:46.270	0.86818				2
2025.07.23	02:55:47.006		0.86820			4
2025.07.23	02:55:50.163		0.86821			4
2025.07.23	02:55:51.774	0.86819				2
2025.07.23	02:55:59.700	0.86820	0.86822			6
2025.07.23	02:56:00.023	0.86820				2
2025.07.23	02:56:03.380		0.86821			4
2025.07.23	02:56:07.664	0.86819				2
2025.07.23	02:56:09.459		0.86820			4
2025.07.23	02:56:13.191		0.86821			4
2025.07.23	02:56:16.147	0.86820				2
2025.07.23	02:56:23.062	0.86821	0.86822			6
2025.07.23	02:56:23.459	0.86820	0.86821			6
2025.07.23	02:56:35.753	0.86819	0.86820			6
2025.07.23	02:56:40.688	0.86817				2
2025.07.23	02:56:55.851		0.86819			4
2025.07.23	02:57:01.339	0.86817				2
2025.07.23	02:57:01.954	0.86818				2
2025.07.23	02:57:08.605	0.86817				2
2025.07.23	02:57:24.554	0.86813	0.86817			6
2025.07.23	02:57:25.276	0.86812				2
2025.07.23	02:57:26.728	0.86815	0.86818			6
2025.07.23	02:57:30.763		0.86817			4
2025.07.23	02:57:32.784	0.86816	0.86819			6
2025.07.23	02:57:33.117	0.86817	0.86820			6
2025.07.23	02:57:34.736	0.86816	0.86819			6
2025.07.23	02:57:35.052		0.86817			4
2025.07.23	02:57:35.917		0.86819			4
2025.07.23	02:57:41.974		0.86818			4
2025.07.23	02:57:42.280	0.86815				2
2025.07.23	02:57:46.232		0.86817			4
2025.07.23	02:58:02.153	0.86815				2
2025.07.23	02:58:02.863	0.86814				2
2025.07.23	02:58:19.289	0.86816	0.86818			6
2025.07.23	02:58:22.282	0.86817				2
2025.07.23	02:58:23.381	0.86816				2
2025.07.23	02:58:24.948	0.86817				2
2025.07.23	02:58:27.215	0.86816	0.86819			6
2025.07.23	02:58:31.892	0.86817				2
2025.07.23	02:58:34.462	0.86816				2
2025.07.23	02:58:39.928		0.86818			4
2025.07.23	02:58:40.640	0.86817				2
2025.07.23	02:58:42.744		0.86819			4
2025.07.23	02:58:47.741	0.86816				2
2025.07.23	02:58:48.974		0.86818			4
2025.07.23	02:58:56.270		0.86817			4
2025.07.23	02:58:56.603	0.86817	0.86818			6
2025.07.23	02:59:00.852	0.86816	0.86819			6
2025.07.23	02:59:01.160		0.86818			4
2025.07.23	02:59:03.102		0.86817			4
2025.07.23	02:59:03.476		0.86818			4
2025.07.23	02:59:18.616	0.86815	0.86817			6
2025.07.23	02:59:19.112	0.86816				2
2025.07.23	02:59:19.493	0.86815				2
2025.07.23	02:59:20.885		0.86816			4
2025.07.23	02:59:38.897	0.86814				2
2025.07.23	02:59:46.875	0.86815				2
2025.07.23	02:59:51.374	0.86812	0.86815			6
2025.07.23	02:59:58.226		0.86814			4
2025.07.23	02:59:58.909	0.86811				2
2025.07.23	02:59:59.342	0.86812				2
2025.07.23	03:00:00.307	0.86810	0.86812			6
2025.07.23	03:00:00.955	0.86811				2
2025.07.23	03:00:01.259		0.86813			4
2025.07.23	03:00:01.594		0.86814			4
2025.07.23	03:00:02.205	0.86810	0.86813			6
2025.07.23	03:00:02.529		0.86812			4
2025.07.23	03:00:02.836	0.86812	0.86813			6
2025.07.23	03:00:03.205	0.86810	0.86812			6
2025.07.23	03:00:03.508		0.86813			4
2025.07.23	03:00:03.831	0.86811				2
2025.07.23	03:00:05.688		0.86814			4
2025.07.23	03:00:06.105	0.86812				2
2025.07.23	03:00:06.406	0.86811	0.86813			6
2025.07.23	03:00:07.134		0.86814			4
2025.07.23	03:00:07.968	0.86812				2
2025.07.23	03:00:08.342	0.86811	0.86813			6
2025.07.23	03:00:08.784		0.86814			4
2025.07.23	03:00:10.795		0.86812			4
2025.07.23	03:00:14.397		0.86813			4
2025.07.23	03:00:14.832	0.86810				2
2025.07.23	03:00:15.145	0.86812	0.86814			6
2025.07.23	03:00:15.995	0.86813	0.86816			6
2025.07.23	03:00:16.377	0.86814				2
2025.07.23	03:00:18.037	0.86815				2
2025.07.23	03:00:23.745	0.86816	0.86817			6
2025.07.23	03:00:26.026	0.86815	0.86816			6
2025.07.23	03:00:26.383	0.86814				2
2025.07.23	03:00:27.273	0.86815				2
2025.07.23	03:00:28.901		0.86817			4
2025.07.23	03:00:30.362		0.86816			4
2025.07.23	03:00:31.526	0.86814				2
2025.07.23	03:00:32.460	0.86815				2
2025.07.23	03:00:34.396	0.86814				2
2025.07.23	03:00:39.414	0.86813	0.86815			6
2025.07.23	03:00:39.720	0.86811	0.86813			6
2025.07.23	03:00:40.022	0.86810	0.86812			6
2025.07.23	03:00:40.744	0.86811	0.86814			6
2025.07.23	03:00:41.384	0.86813	0.86815			6
2025.07.23	03:00:44.809	0.86811	0.86813			6
2025.07.23	03:00:45.138		0.86812			4
2025.07.23	03:00:45.496		0.86813			4
2025.07.23	03:00:49.120	0.86812	0.86815			6
2025.07.23	03:00:49.421	0.86813	0.86816			6
2025.07.23	03:00:51.011	0.86814				2
2025.07.23	03:00:54.488	0.86812				2
2025.07.23	03:00:55.115	0.86813				2
2025.07.23	03:00:56.281	0.86814				2
2025.07.23	03:00:56.587		0.86815			4
2025.07.23	03:00:59.668	0.86813	0.86814			6
2025.07.23	03:01:00.098	0.86813	0.86815			6
2025.07.23	03:01:01.120	0.86811	0.86812			6
2025.07.23	03:01:01.483	0.86810				2
2025.07.23	03:01:02.657	0.86811	0.86813			6
2025.07.23	03:01:05.160	0.86809	0.86812			6
2025.07.23	03:01:05.779	0.86808	0.86811			6
2025.07.23	03:01:06.087	0.86809				2
2025.07.23	03:01:08.467	0.86810				2
2025.07.23	03:01:15.734	0.86809				2
2025.07.23	03:01:16.073	0.86810	0.86812			6
2025.07.23	03:01:17.408		0.86813			4
2025.07.23	03:01:19.382	0.86811				2
2025.07.23	03:01:20.353	0.86810				2
2025.07.23	03:01:21.479	0.86812	0.86814			6
2025.07.23	03:01:22.067	0.86811	0.86813			6
2025.07.23	03:01:22.380		0.86814			4
2025.07.23	03:01:27.020	0.86812	0.86815			6
2025.07.23	03:01:27.340	0.86813	0.86816			6
2025.07.23	03:01:27.953	0.86812	0.86815			6
2025.07.23	03:01:28.281	0.86813	0.86816			6
2025.07.23	03:01:28.702	0.86812	0.86815			6
2025.07.23	03:01:29.067	0.86813				2
2025.07.23	03:01:29.748	0.86814				2
2025.07.23	03:01:31.693	0.86813				2
2025.07.23	03:01:33.671	0.86815	0.86817			6
2025.07.23	03:01:33.975	0.86816				2
2025.07.23	03:01:37.673	0.86813	0.86816			6
2025.07.23	03:01:37.981	0.86815				2
2025.07.23	03:01:38.398		0.86817			4
2025.07.23	03:01:41.722		0.86816			4
2025.07.23	03:01:42.073		0.86817			4
2025.07.23	03:01:42.730		0.86816			4
2025.07.23	03:01:46.320	0.86814	0.86815			6
2025.07.23	03:01:46.650		0.86816			4
2025.07.23	03:01:47.344	0.86813	0.86815			6
2025.07.23	03:01:47.662	0.86814	0.86816			6
2025.07.23	03:01:49.227		0.86817			4
2025.07.23	03:01:49.758	0.86815	0.86816			6
2025.07.23	03:01:50.073	0.86814				2
2025.07.23	03:01:51.394		0.86815			4
2025.07.23	03:01:55.370		0.86816			4
2025.07.23	03:01:56.769	0.86812	0.86815			6
2025.07.23	03:01:58.778	0.86813	0.86816			6
2025.07.23	03:01:59.221	0.86814				2
2025.07.23	03:02:00.311	0.86812	0.86817			6
2025.07.23	03:02:00.626	0.86813	0.86816			6
2025.07.23	03:02:01.444	0.86812	0.86815			6
2025.07.23	03:02:03.314	0.86813	0.86816			6
