<DATE>	<TIME>	<BID>	<ASK>	<LAST>	<VOLUME>	<FLAGS>
2025.02.10	00:00:00.053	0.83078	0.83188			6
2025.02.10	00:00:00.353	0.83077	0.83189			6
2025.02.10	00:00:03.448	0.83080				2
2025.02.10	00:00:11.327	0.83085				2
2025.02.10	00:00:31.051	0.83092	0.83181			6
2025.02.10	00:01:06.820	0.83092				2
2025.02.10	00:01:10.303	0.83093				2
2025.02.10	00:01:20.891	0.83092				2
2025.02.10	00:01:33.011		0.83181			4
2025.02.10	00:02:11.482	0.83092				2
2025.02.10	00:02:37.452		0.83181			4
2025.02.10	00:03:02.729	0.83092				2
2025.02.10	00:03:40.967		0.83181			4
2025.02.10	00:04:00.409	0.83092				2
2025.02.10	00:04:44.373		0.83181			4
2025.02.10	00:05:01.308	0.83092				2
2025.02.10	00:05:48.472		0.83181			4
2025.02.10	00:06:01.638	0.83092				2
2025.02.10	00:06:30.363	0.83087	0.83182			6
2025.02.10	00:07:10.966	0.83087				2
2025.02.10	00:07:30.554		0.83181			4
2025.02.10	00:07:37.421		0.83279			4
2025.02.10	00:07:57.581	0.83082	0.83213			6
2025.02.10	00:08:00.370	0.83082				2
2025.02.10	00:09:08.354	0.83082	0.83213			6
2025.02.10	00:09:47.054	0.83083				2
2025.02.10	00:09:47.383	0.83082				2
2025.02.10	00:09:51.139	0.83076				2
2025.02.10	00:10:00.345	0.83090				2
2025.02.10	00:10:06.903	0.83089				2
2025.02.10	00:10:08.698	0.83087	0.83213			6
2025.02.10	00:10:13.956	0.83089				2
2025.02.10	00:10:14.276	0.83088				2
2025.02.10	00:10:15.298	0.83087				2
2025.02.10	00:10:16.942	0.83089				2
2025.02.10	00:10:17.407	0.83086				2
2025.02.10	00:10:17.764	0.83088				2
2025.02.10	00:10:20.115	0.83092				2
2025.02.10	00:10:20.963	0.83093				2
2025.02.10	00:10:25.197	0.83094				2
2025.02.10	00:10:31.500	0.83095				2
2025.02.10	00:10:39.933	0.83091				2
2025.02.10	00:10:42.287	0.83093				2
2025.02.10	00:10:43.174		0.83212			4
2025.02.10	00:10:43.801	0.83094				2
2025.02.10	00:10:48.678	0.83095				2
2025.02.10	00:10:58.099	0.83094				2
2025.02.10	00:10:58.400	0.83096				2
2025.02.10	00:10:59.910	0.83097				2
2025.02.10	00:11:01.503	0.83097				2
2025.02.10	00:11:03.777	0.83103				2
2025.02.10	00:11:06.597	0.83104				2
2025.02.10	00:11:09.283	0.83107				2
2025.02.10	00:11:09.809	0.83115				2
2025.02.10	00:11:14.441	0.83117				2
2025.02.10	00:11:14.931	0.83118				2
2025.02.10	00:11:16.042	0.83117				2
2025.02.10	00:11:17.098	0.83118				2
2025.02.10	00:11:22.080	0.83125	0.83240			6
2025.02.10	00:11:22.497		0.83239			4
2025.02.10	00:11:25.505	0.83121	0.83243			6
2025.02.10	00:11:32.401	0.83122				2
2025.02.10	00:11:38.885	0.83118	0.83232			6
2025.02.10	00:11:41.701		0.83231			4
2025.02.10	00:11:43.196	0.83119				2
2025.02.10	00:11:43.774	0.83122	0.83242			6
2025.02.10	00:11:48.600	0.83121	0.83243			6
2025.02.10	00:11:53.657	0.83119	0.83244			6
2025.02.10	00:11:54.643	0.83141	0.83256			6
2025.02.10	00:11:56.175	0.83142	0.83255			6
2025.02.10	00:11:56.795	0.83140	0.83251			6
2025.02.10	00:11:59.403	0.83141				2
2025.02.10	00:12:00.133	0.83140	0.83250			6
2025.02.10	00:12:05.385	0.83141				2
2025.02.10	00:12:10.390	0.83145	0.83254			6
2025.02.10	00:12:12.597		0.83253			4
2025.02.10	00:12:22.536	0.83141	0.83249			6
2025.02.10	00:12:24.378	0.83154	0.83270			6
2025.02.10	00:12:26.106		0.83271			4
2025.02.10	00:12:28.201		0.83270			4
2025.02.10	00:12:29.333	0.83155				2
2025.02.10	00:12:29.931	0.83153	0.83266			6
2025.02.10	00:12:30.930	0.83154	0.83265			6
2025.02.10	00:12:32.969	0.83158	0.83276			6
2025.02.10	00:12:33.937		0.83275			4
2025.02.10	00:12:34.565	0.83159				2
2025.02.10	00:12:37.141	0.83162				2
2025.02.10	00:12:38.099	0.83163	0.83274			6
2025.02.10	00:12:38.434	0.83160	0.83267			6
2025.02.10	00:12:41.998	0.83161				2
2025.02.10	00:12:47.206	0.83155	0.83262			6
2025.02.10	00:12:48.298	0.83154	0.83260			6
2025.02.10	00:12:52.336	0.83160	0.83266			6
2025.02.10	00:12:57.601		0.83265			4
2025.02.10	00:13:00.598	0.83160				2
2025.02.10	00:13:15.756		0.83266			4
2025.02.10	00:13:19.497	0.83161	0.83267			6
2025.02.10	00:13:22.965	0.83154	0.83260			6
2025.02.10	00:13:28.188	0.83155				2
2025.02.10	00:13:33.896	0.83154	0.83258			6
2025.02.10	00:13:45.352	0.83145	0.83256			6
2025.02.10	00:13:47.176		0.83257			4
2025.02.10	00:13:48.896	0.83144				2
2025.02.10	00:13:49.206		0.83258			4
2025.02.10	00:13:50.675	0.83143	0.83259			6
2025.02.10	00:13:53.101	0.83138	0.83258			6
2025.02.10	00:13:56.397	0.83139	0.83257			6
2025.02.10	00:13:57.721	0.83141	0.83254			6
2025.02.10	00:13:58.627	0.83140				2
2025.02.10	00:14:02.116	0.83140				2
2025.02.10	00:14:04.798	0.83142	0.83253			6
2025.02.10	00:14:06.109	0.83143	0.83252			6
2025.02.10	00:14:07.116	0.83137	0.83251			6
2025.02.10	00:14:13.284	0.83136				2
2025.02.10	00:14:17.131		0.83252			4
2025.02.10	00:14:20.400	0.83135				2
2025.02.10	00:14:21.141		0.83253			4
2025.02.10	00:14:21.598	0.83137				2
2025.02.10	00:14:22.797	0.83136				2
2025.02.10	00:14:26.960	0.83157	0.83258			6
2025.02.10	00:14:51.956	0.83150	0.83251			6
2025.02.10	00:14:52.972		0.83250			4
2025.02.10	00:15:00.299	0.83150				2
2025.02.10	00:15:21.704	0.83145	0.83248			6
2025.02.10	00:15:23.098		0.83249			4
2025.02.10	00:15:27.302		0.83248			4
2025.02.10	00:15:33.001	0.83146				2
2025.02.10	00:15:38.998	0.83145				2
2025.02.10	00:15:47.098	0.83146				2
2025.02.10	00:15:53.111		0.83247			4
2025.02.10	00:16:00.899	0.83146				2
2025.02.10	00:16:53.644		0.83247			4
2025.02.10	00:17:00.540	0.83146				2
2025.02.10	00:17:36.691	0.83149	0.83249			6
2025.02.10	00:17:41.731	0.83141	0.83243			6
2025.02.10	00:17:48.511		0.83246			4
2025.02.10	00:17:53.865	0.83142	0.83243			6
2025.02.10	00:17:56.999		0.83244			4
2025.02.10	00:18:00.302	0.83142				2
2025.02.10	00:18:02.098		0.83243			4
2025.02.10	00:18:03.900	0.83135	0.83239			6
2025.02.10	00:18:20.320	0.83138	0.83237			6
2025.02.10	00:18:30.297		0.83236			4
2025.02.10	00:18:55.648	0.83142	0.83240			6
2025.02.10	00:19:01.799	0.83142				2
2025.02.10	00:19:12.598	0.83143				2
2025.02.10	00:19:15.478	0.83141	0.83239			6
2025.02.10	00:19:22.498	0.83142				2
2025.02.10	00:19:26.397		0.83238			4
2025.02.10	00:19:49.507	0.83137	0.83256			6
2025.02.10	00:20:00.358	0.83137				2
2025.02.10	00:20:03.609		0.83253			4
2025.02.10	00:20:03.923		0.83221			4
2025.02.10	00:20:08.347	0.83133				2
2025.02.10	00:20:24.443		0.83181			4
2025.02.10	00:20:24.750		0.83176			4
2025.02.10	00:20:28.807	0.83119				2
2025.02.10	00:20:30.269	0.83123				2
2025.02.10	00:20:32.115	0.83093	0.83252			6
2025.02.10	00:20:32.422	0.83091	0.83213			6
2025.02.10	00:20:37.431		0.83210			4
2025.02.10	00:20:39.807		0.83206			4
2025.02.10	00:20:40.316	0.83093	0.83246			6
2025.02.10	00:20:41.398		0.83228			4
2025.02.10	00:20:42.311	0.83079	0.83207			6
2025.02.10	00:20:42.625	0.83084	0.83206			6
2025.02.10	00:20:43.752	0.83091				2
2025.02.10	00:20:44.391	0.83084	0.83131			6
2025.02.10	00:20:44.702		0.83136			4
2025.02.10	00:20:45.068		0.83131			4
2025.02.10	00:20:45.900	0.83091				2
2025.02.10	00:20:46.225	0.83084	0.83206			6
2025.02.10	00:21:00.358	0.83084				2
2025.02.10	00:21:02.849	0.83093	0.83205			6
2025.02.10	00:21:09.289		0.83176			4
2025.02.10	00:21:10.194	0.83084	0.83171			6
2025.02.10	00:21:13.949		0.83170			4
2025.02.10	00:21:25.813	0.83085	0.83162			6
2025.02.10	00:21:26.420	0.83093	0.83181			6
2025.02.10	00:21:30.252	0.83088	0.83201			6
2025.02.10	00:21:31.263		0.83206			4
2025.02.10	00:21:32.356		0.83180			4
2025.02.10	00:21:33.239		0.83206			4
2025.02.10	00:21:53.419	0.83108				2
2025.02.10	00:22:00.223	0.83108				2
2025.02.10	00:22:01.017	0.83102				2
2025.02.10	00:22:33.373	0.83105	0.83206			6
2025.02.10	00:23:00.021	0.83105				2
2025.02.10	00:23:33.591		0.83206			4
2025.02.10	00:23:38.307	0.83108				2
2025.02.10	00:23:42.915	0.83109				2
2025.02.10	00:23:44.397	0.83105				2
2025.02.10	00:23:49.505	0.83106				2
2025.02.10	00:23:56.803	0.83115	0.83227			6
2025.02.10	00:24:01.197	0.83115				2
2025.02.10	00:24:07.113	0.83107	0.83223			6
2025.02.10	00:24:15.016	0.83108				2
2025.02.10	00:24:20.012		0.83222			4
2025.02.10	00:24:28.672	0.83109				2
2025.02.10	00:24:31.673		0.83221			4
2025.02.10	00:24:34.590	0.83120	0.83226			6
2025.02.10	00:24:36.008	0.83130	0.83231			6
2025.02.10	00:24:36.671	0.83124	0.83226			6
2025.02.10	00:24:37.014	0.83129	0.83231			6
2025.02.10	00:24:37.951		0.83229			4
2025.02.10	00:24:39.151		0.83228			4
2025.02.10	00:24:40.387	0.83128	0.83227			6
2025.02.10	00:24:42.450	0.83125	0.83224			6
2025.02.10	00:24:43.633	0.83120				2
2025.02.10	00:24:46.170	0.83119	0.83222			6
2025.02.10	00:24:46.507	0.83109				2
2025.02.10	00:24:47.976	0.83110	0.83221			6
2025.02.10	00:24:50.832	0.83102	0.83229			6
2025.02.10	00:24:53.341	0.83103	0.83228			6
2025.02.10	00:24:55.145		0.83227			4
2025.02.10	00:24:57.771	0.83102	0.83233			6
2025.02.10	00:24:58.347	0.83111				2
2025.02.10	00:25:00.320	0.83111				2
2025.02.10	00:25:00.836		0.83234			4
2025.02.10	00:25:02.997		0.83235			4
2025.02.10	00:25:04.015		0.83230			4
2025.02.10	00:25:05.016		0.83224			4
2025.02.10	00:25:20.010	0.83116				2
2025.02.10	00:25:20.336	0.83128	0.83225			6
2025.02.10	00:25:20.773		0.83234			4
2025.02.10	00:25:21.532		0.83233			4
2025.02.10	00:25:21.954		0.83224			4
2025.02.10	00:25:22.841		0.83233			4
2025.02.10	00:25:24.091		0.83232			4
2025.02.10	00:25:25.016		0.83224			4
2025.02.10	00:25:26.357		0.83223			4
2025.02.10	00:25:28.984		0.83232			4
2025.02.10	00:25:30.019		0.83223			4
2025.02.10	00:25:30.948		0.83227			4
2025.02.10	00:25:32.017		0.83232			4
2025.02.10	00:25:33.008		0.83223			4
2025.02.10	00:25:55.287	0.83121	0.83191			6
2025.02.10	00:25:57.597	0.83119				2
2025.02.10	00:26:00.101	0.83119				2
2025.02.10	00:26:46.347	0.83122				2
2025.02.10	00:26:49.713	0.83120				2
2025.02.10	00:26:50.065	0.83129				2
2025.02.10	00:26:51.317	0.83126				2
2025.02.10	00:26:55.448		0.83191			4
2025.02.10	00:27:00.319	0.83126				2
2025.02.10	00:27:21.813		0.83252			4
2025.02.10	00:28:01.421	0.83126				2
2025.02.10	00:28:12.740		0.83250			4
2025.02.10	00:28:46.201		0.83256			4
2025.02.10	00:28:50.373		0.83250			4
2025.02.10	00:28:51.692		0.83254			4
2025.02.10	00:28:52.693		0.83250			4
2025.02.10	00:29:00.381	0.83126				2
2025.02.10	00:29:43.697		0.83256			4
2025.02.10	00:29:48.581		0.83254			4
2025.02.10	00:29:50.585		0.83256			4
2025.02.10	00:30:00.388	0.83116	0.83250			6
2025.02.10	00:30:00.847	0.83122				2
2025.02.10	00:30:05.630		0.83251			4
2025.02.10	00:30:58.203	0.83115	0.83245			6
2025.02.10	00:31:00.602	0.83115				2
2025.02.10	00:31:01.056	0.83116	0.83251			6
2025.02.10	00:31:02.898	0.83117				2
2025.02.10	00:31:10.800	0.83118				2
2025.02.10	00:31:13.199	0.83117				2
2025.02.10	00:31:14.644	0.83118				2
2025.02.10	00:31:21.583	0.83119				2
2025.02.10	00:31:22.499	0.83114				2
2025.02.10	00:31:26.470	0.83120				2
2025.02.10	00:31:32.398	0.83121				2
2025.02.10	00:31:32.999	0.83120				2
2025.02.10	00:31:36.930	0.83121				2
2025.02.10	00:31:40.839	0.83120				2
2025.02.10	00:31:41.222	0.83119				2
2025.02.10	00:31:43.662	0.83120				2
2025.02.10	00:31:45.599	0.83121				2
2025.02.10	00:31:54.661	0.83122				2
2025.02.10	00:32:00.600	0.83122				2
2025.02.10	00:32:02.398		0.83251			4
2025.02.10	00:32:05.700	0.83123				2
2025.02.10	00:32:06.391	0.83124				2
2025.02.10	00:32:17.999	0.83125				2
2025.02.10	00:32:29.700	0.83126				2
2025.02.10	00:32:40.800	0.83127				2
2025.02.10	00:32:43.503	0.83128				2
2025.02.10	00:32:48.300		0.83250			4
2025.02.10	00:32:51.839	0.83130	0.83248			6
2025.02.10	00:32:55.180		0.83249			4
2025.02.10	00:32:56.569		0.83248			4
2025.02.10	00:32:57.598	0.83131				2
2025.02.10	00:32:59.698		0.83247			4
2025.02.10	00:33:01.797	0.83131	0.83248			6
2025.02.10	00:33:03.600		0.83247			4
2025.02.10	00:33:15.597	0.83132				2
2025.02.10	00:33:18.598		0.83246			4
2025.02.10	00:33:21.358		0.83247			4
2025.02.10	00:33:21.937		0.83246			4
2025.02.10	00:33:26.099		0.83247			4
2025.02.10	00:33:27.897		0.83246			4
2025.02.10	00:33:36.299	0.83133				2
2025.02.10	00:33:36.886	0.83130	0.83249			6
2025.02.10	00:33:37.422		0.83248			4
2025.02.10	00:33:38.689	0.83132	0.83251			6
2025.02.10	00:33:39.876	0.83133				2
2025.02.10	00:33:41.964	0.83132	0.83245			6
2025.02.10	00:33:43.497		0.83243			4
2025.02.10	00:33:46.797		0.83242			4
2025.02.10	00:33:47.650	0.83133	0.83241			6
2025.02.10	00:33:48.164	0.83132	0.83242			6
2025.02.10	00:33:50.099	0.83133				2
2025.02.10	00:33:51.901		0.83243			4
2025.02.10	00:33:55.500		0.83242			4
2025.02.10	00:33:58.500	0.83132	0.83243			6
2025.02.10	00:33:59.401	0.83133	0.83242			6
2025.02.10	00:34:00.413	0.83133				2
2025.02.10	00:34:01.826		0.83231			4
2025.02.10	00:34:03.933	0.83126	0.83238			6
2025.02.10	00:34:05.016	0.83128	0.83236			6
2025.02.10	00:34:05.464	0.83134	0.83230			6
2025.02.10	00:34:08.938	0.83126	0.83238			6
2025.02.10	00:34:10.013	0.83127	0.83237			6
2025.02.10	00:34:52.882	0.83135	0.83229			6
2025.02.10	00:34:53.903	0.83128	0.83236			6
2025.02.10	00:34:59.698	0.83129	0.83235			6
2025.02.10	00:35:01.278	0.83129	0.83236			6
2025.02.10	00:35:03.125		0.83235			4
2025.02.10	00:35:04.797	0.83128	0.83236			6
2025.02.10	00:35:08.103	0.83129	0.83235			6
2025.02.10	00:35:23.816	0.83128	0.83236			6
2025.02.10	00:35:24.897	0.83129	0.83235			6
2025.02.10	00:35:40.843	0.83130	0.83234			6
2025.02.10	00:35:41.618	0.83132	0.83232			6
2025.02.10	00:35:43.198	0.83133	0.83231			6
2025.02.10	00:35:45.579	0.83134	0.83230			6
2025.02.10	00:35:51.985	0.83135	0.83229			6
2025.02.10	00:35:53.697	0.83136	0.83228			6
2025.02.10	00:35:59.168	0.83137	0.83227			6
2025.02.10	00:36:00.087	0.83137				2
2025.02.10	00:36:02.739		0.83217			4
2025.02.10	00:36:04.238	0.83141				2
2025.02.10	00:36:08.845	0.83134				2
2025.02.10	00:36:14.946	0.83137				2
2025.02.10	00:36:17.389		0.83227			4
2025.02.10	00:36:19.152	0.83134	0.83224			6
2025.02.10	00:36:20.361	0.83133				2
2025.02.10	00:36:24.393		0.83217			4
2025.02.10	00:36:26.562	0.83136				2
2025.02.10	00:36:30.900	0.83135				2
2025.02.10	00:36:32.154	0.83136				2
2025.02.10	00:36:33.026	0.83139	0.83225			6
2025.02.10	00:36:33.367	0.83141	0.83223			6
2025.02.10	00:36:34.134	0.83134	0.83228			6
2025.02.10	00:36:37.384		0.83221			4
2025.02.10	00:36:42.342	0.83135				2
2025.02.10	00:36:43.502	0.83134				2
2025.02.10	00:36:45.024	0.83136				2
2025.02.10	00:36:46.625	0.83137				2
2025.02.10	00:37:00.429	0.83137	0.83227			6
2025.02.10	00:37:02.883		0.83220			4
2025.02.10	00:37:03.939		0.83227			4
2025.02.10	00:37:05.377	0.83135	0.83228			6
2025.02.10	00:37:05.680		0.83220			4
2025.02.10	00:37:08.508	0.83133				2
2025.02.10	00:37:10.096	0.83136				2
2025.02.10	00:37:17.097	0.83137				2
2025.02.10	00:37:19.317	0.83138				2
2025.02.10	00:37:20.016		0.83217			4
2025.02.10	00:37:22.987	0.83130	0.83212			6
2025.02.10	00:37:23.758	0.83132	0.83210			6
2025.02.10	00:37:24.931	0.83134	0.83208			6
2025.02.10	00:37:25.517		0.83209			4
2025.02.10	00:37:26.698		0.83208			4
2025.02.10	00:37:28.092	0.83126	0.83216			6
2025.02.10	00:37:28.499	0.83125	0.83217			6
2025.02.10	00:37:29.374	0.83126	0.83216			6
2025.02.10	00:37:30.361		0.83217			4
2025.02.10	00:37:30.964	0.83129	0.83218			6
2025.02.10	00:37:40.371		0.83209			4
2025.02.10	00:37:51.214		0.83208			4
2025.02.10	00:37:53.426	0.83130				2
2025.02.10	00:37:53.998	0.83131				2
2025.02.10	00:37:54.921	0.83130				2
2025.02.10	00:37:56.477	0.83129				2
2025.02.10	00:38:00.358	0.83129				2
2025.02.10	00:38:03.301	0.83130				2
2025.02.10	00:38:06.597	0.83128	0.83192			6
2025.02.10	00:38:32.407		0.83191			4
2025.02.10	00:38:46.427	0.83113	0.83164			6
2025.02.10	00:38:46.742	0.83109	0.83161			6
2025.02.10	00:38:47.381		0.83165			4
2025.02.10	00:38:47.681		0.83164			4
2025.02.10	00:38:47.982		0.83165			4
2025.02.10	00:38:48.305	0.83084	0.83164			6
2025.02.10	00:38:49.292		0.83161			4
2025.02.10	00:38:49.602		0.83165			4
2025.02.10	00:38:50.225		0.83168			4
2025.02.10	00:38:50.527		0.83169			4
2025.02.10	00:38:50.843		0.83170			4
2025.02.10	00:38:51.152		0.83171			4
2025.02.10	00:38:51.470		0.83173			4
2025.02.10	00:38:51.781		0.83172			4
2025.02.10	00:38:52.082		0.83174			4
2025.02.10	00:38:52.448		0.83184			4
2025.02.10	00:38:53.304		0.83187			4
2025.02.10	00:38:53.641		0.83176			4
2025.02.10	00:38:53.963		0.83189			4
2025.02.10	00:38:54.412		0.83191			4
2025.02.10	00:38:54.723		0.83195			4
2025.02.10	00:38:55.024		0.83191			4
2025.02.10	00:38:55.342		0.83192			4
2025.02.10	00:38:55.643		0.83189			4
2025.02.10	00:38:55.970		0.83200			4
2025.02.10	00:38:56.302		0.83194			4
2025.02.10	00:38:56.642		0.83192			4
2025.02.10	00:38:57.086		0.83191			4
2025.02.10	00:38:57.416		0.83192			4
2025.02.10	00:38:57.753		0.83190			4
2025.02.10	00:38:58.063		0.83191			4
2025.02.10	00:38:59.085		0.83179			4
2025.02.10	00:39:00.027	0.83084	0.83191			6
2025.02.10	00:39:00.420		0.83192			4
2025.02.10	00:39:01.734	0.83087				2
2025.02.10	00:39:02.043	0.83084	0.83190			6
2025.02.10	00:39:02.373		0.83192			4
2025.02.10	00:39:03.333		0.83190			4
2025.02.10	00:39:03.667	0.83093	0.83192			6
2025.02.10	00:39:04.288	0.83089				2
2025.02.10	00:39:05.303		0.83191			4
2025.02.10	00:39:06.297		0.83200			4
2025.02.10	00:39:06.678	0.83099	0.83201			6
2025.02.10	00:39:07.016	0.83106				2
2025.02.10	00:39:07.798	0.83107				2
2025.02.10	00:39:08.281	0.83106				2
2025.02.10	00:39:08.635	0.83107				2
2025.02.10	00:39:09.293	0.83108				2
2025.02.10	00:39:09.600	0.83107				2
2025.02.10	00:39:09.968	0.83108				2
2025.02.10	00:39:10.289	0.83107				2
2025.02.10	00:39:10.710	0.83110				2
2025.02.10	00:39:11.025	0.83109				2
2025.02.10	00:39:11.415	0.83108				2
2025.02.10	00:39:13.305	0.83109				2
2025.02.10	00:39:14.088	0.83108				2
2025.02.10	00:39:15.254	0.83110				2
2025.02.10	00:39:16.874	0.83111				2
2025.02.10	00:39:19.521	0.83112				2
2025.02.10	00:39:23.893	0.83113				2
2025.02.10	00:39:28.005	0.83114				2
2025.02.10	00:39:30.798	0.83115				2
2025.02.10	00:39:31.498	0.83114				2
2025.02.10	00:39:33.161	0.83115				2
2025.02.10	00:39:34.497	0.83116				2
2025.02.10	00:39:35.424	0.83117				2
2025.02.10	00:39:36.046	0.83116				2
2025.02.10	00:39:36.752	0.83117				2
2025.02.10	00:39:37.559	0.83118				2
2025.02.10	00:39:39.598	0.83119				2
2025.02.10	00:39:40.222	0.83116				2
2025.02.10	00:39:40.856	0.83113				2
2025.02.10	00:39:41.683	0.83122				2
2025.02.10	00:39:41.994	0.83118				2
2025.02.10	00:39:42.303	0.83110				2
2025.02.10	00:39:43.386	0.83114				2
2025.02.10	00:39:44.128	0.83126				2
2025.02.10	00:39:44.478	0.83109				2
2025.02.10	00:39:44.780	0.83113				2
2025.02.10	00:39:45.272	0.83112				2
2025.02.10	00:39:47.048	0.83113				2
2025.02.10	00:39:47.704	0.83115				2
2025.02.10	00:39:48.373	0.83117				2
2025.02.10	00:39:48.683	0.83123				2
2025.02.10	00:39:50.105	0.83124				2
2025.02.10	00:39:52.147	0.83125				2
2025.02.10	00:39:53.403	0.83124				2
2025.02.10	00:39:55.250	0.83123				2
2025.02.10	00:39:55.559	0.83125				2
2025.02.10	00:39:57.070	0.83124				2
2025.02.10	00:39:58.513	0.83125				2
2025.02.10	00:40:00.022	0.83125				2
2025.02.10	00:40:00.356	0.83126				2
2025.02.10	00:40:01.503	0.83127				2
2025.02.10	00:40:02.380	0.83126				2
2025.02.10	00:40:03.966	0.83127				2
2025.02.10	00:40:05.322	0.83128				2
2025.02.10	00:40:07.027		0.83201			4
2025.02.10	00:40:10.486	0.83127				2
2025.02.10	00:40:11.862	0.83131				2
2025.02.10	00:40:12.499	0.83128				2
2025.02.10	00:40:13.924	0.83129				2
2025.02.10	00:40:15.625	0.83128	0.83222			6
2025.02.10	00:40:16.956	0.83130	0.83224			6
2025.02.10	00:40:17.375		0.83225			4
2025.02.10	00:40:17.730		0.83224			4
2025.02.10	00:40:18.162	0.83131				2
2025.02.10	00:40:18.905		0.83223			4
2025.02.10	00:40:20.012		0.83222			4
2025.02.10	00:40:22.304	0.83129				2
2025.02.10	00:40:22.610		0.83220			4
2025.02.10	00:40:22.994	0.83128	0.83221			6
2025.02.10	00:40:24.090	0.83127	0.83222			6
2025.02.10	00:40:25.085	0.83128	0.83221			6
2025.02.10	00:40:26.472	0.83126	0.83223			6
2025.02.10	00:40:27.389	0.83125	0.83222			6
2025.02.10	00:40:27.962	0.83122	0.83223			6
2025.02.10	00:40:28.461		0.83222			4
2025.02.10	00:40:28.799	0.83121	0.83223			6
2025.02.10	00:40:29.114	0.83123	0.83222			6
2025.02.10	00:40:30.388	0.83122	0.83221			6
2025.02.10	00:40:30.776	0.83120	0.83222			6
2025.02.10	00:40:31.304	0.83121	0.83221			6
2025.02.10	00:40:32.399		0.83220			4
2025.02.10	00:40:33.002	0.83122				2
2025.02.10	00:40:33.307		0.83219			4
2025.02.10	00:40:34.274	0.83121	0.83220			6
2025.02.10	00:40:35.700	0.83122				2
2025.02.10	00:40:37.184		0.83219			4
2025.02.10	00:40:37.797	0.83118				2
2025.02.10	00:40:39.001	0.83119	0.83218			6
2025.02.10	00:40:40.353	0.83118				2
2025.02.10	00:40:42.875	0.83117				2
2025.02.10	00:40:43.627	0.83119	0.83216			6
2025.02.10	00:40:44.114		0.83217			4
2025.02.10	00:40:45.601		0.83216			4
2025.02.10	00:40:46.037	0.83120				2
2025.02.10	00:40:46.376	0.83114	0.83217			6
2025.02.10	00:40:46.799	0.83115	0.83215			6
2025.02.10	00:40:48.043	0.83116				2
2025.02.10	00:40:50.119	0.83117	0.83214			6
2025.02.10	00:40:52.463	0.83116				2
2025.02.10	00:40:54.108	0.83117				2
2025.02.10	00:40:55.517	0.83116	0.83215			6
2025.02.10	00:40:57.604		0.83214			4
2025.02.10	00:40:58.501	0.83113				2
2025.02.10	00:41:00.314	0.83114				2
2025.02.10	00:41:01.395		0.83213			4
2025.02.10	00:41:01.730	0.83115				2
2025.02.10	00:41:02.320	0.83114				2
2025.02.10	00:41:04.317	0.83118	0.83208			6
2025.02.10	00:41:05.071		0.83207			4
2025.02.10	00:41:05.377	0.83125	0.83213			6
2025.02.10	00:41:05.965	0.83133	0.83212			6
2025.02.10	00:41:07.038	0.83122				2
2025.02.10	00:41:07.724	0.83123	0.83211			6
2025.02.10	00:41:09.265	0.83122	0.83212			6
2025.02.10	00:41:09.587		0.83211			4
2025.02.10	00:41:10.320	0.83126	0.83212			6
2025.02.10	00:41:10.667	0.83128	0.83210			6
2025.02.10	00:41:10.982	0.83127				2
2025.02.10	00:41:12.037	0.83124	0.83211			6
2025.02.10	00:41:13.206	0.83123				2
2025.02.10	00:41:16.652	0.83124				2
2025.02.10	00:41:17.085		0.83212			4
2025.02.10	00:41:17.999	0.83123	0.83213			6
2025.02.10	00:41:18.915	0.83121				2
2025.02.10	00:41:19.816	0.83120	0.83214			6
2025.02.10	00:41:21.117	0.83119				2
2025.02.10	00:41:22.127	0.83123	0.83215			6
2025.02.10	00:41:22.488	0.83119				2
2025.02.10	00:41:23.146	0.83123	0.83212			6
2025.02.10	00:41:23.458	0.83140	0.83214			6
2025.02.10	00:41:23.999	0.83139	0.83212			6
2025.02.10	00:41:24.879	0.83141	0.83214			6
2025.02.10	00:41:26.080	0.83137	0.83210			6
2025.02.10	00:41:29.437	0.83138				2
2025.02.10	00:41:30.061		0.83211			4
2025.02.10	00:41:31.172	0.83136	0.83208			6
2025.02.10	00:41:31.687	0.83135	0.83207			6
2025.02.10	00:41:32.419	0.83134	0.83208			6
2025.02.10	00:41:35.998		0.83207			4
2025.02.10	00:41:38.809	0.83132				2
2025.02.10	00:41:39.513	0.83131	0.83206			6
2025.02.10	00:41:41.097	0.83128				2
2025.02.10	00:41:41.712		0.83207			4
2025.02.10	00:41:43.501	0.83126	0.83209			6
2025.02.10	00:41:44.712		0.83210			4
2025.02.10	00:41:45.039	0.83120				2
2025.02.10	00:41:46.117	0.83121				2
2025.02.10	00:41:48.167	0.83122	0.83209			6
2025.02.10	00:41:50.174		0.83208			4
2025.02.10	00:41:51.301		0.83209			4
2025.02.10	00:41:52.800		0.83208			4
2025.02.10	00:41:53.104	0.83119	0.83210			6
2025.02.10	00:41:57.124	0.83118	0.83211			6
2025.02.10	00:41:57.940	0.83115	0.83215			6
2025.02.10	00:41:59.045	0.83114				2
2025.02.10	00:42:00.397	0.83114				2
2025.02.10	00:42:00.796	0.83115				2
2025.02.10	00:42:01.514	0.83118	0.83216			6
2025.02.10	00:42:02.270	0.83116	0.83217			6
2025.02.10	00:42:03.045		0.83216			4
2025.02.10	00:42:03.455	0.83115	0.83217			6
2025.02.10	00:42:03.757	0.83117	0.83215			6
2025.02.10	00:42:04.197	0.83118	0.83216			6
2025.02.10	00:42:05.546	0.83120	0.83215			6
2025.02.10	00:42:05.892	0.83119	0.83216			6
2025.02.10	00:42:06.594	0.83117	0.83218			6
2025.02.10	00:42:06.898	0.83120				2
2025.02.10	00:42:07.376	0.83114				2
2025.02.10	00:42:08.917	0.83113	0.83220			6
2025.02.10	00:42:09.303	0.83112	0.83221			6
2025.02.10	00:42:10.268	0.83128	0.83220			6
2025.02.10	00:42:10.917	0.83131	0.83222			6
2025.02.10	00:42:12.375	0.83134				2
2025.02.10	00:42:12.694	0.83133				2
2025.02.10	00:42:13.001	0.83132	0.83223			6
2025.02.10	00:42:13.306	0.83133				2
2025.02.10	00:42:14.123	0.83132				2
2025.02.10	00:42:15.373	0.83131	0.83224			6
2025.02.10	00:42:15.743	0.83137	0.83216			6
2025.02.10	00:42:16.119	0.83134	0.83219			6
2025.02.10	00:42:16.563	0.83135				2
2025.02.10	00:42:17.001	0.83129	0.83224			6
2025.02.10	00:42:18.274	0.83123	0.83225			6
2025.02.10	00:42:19.303	0.83122	0.83224			6
2025.02.10	00:42:19.791	0.83128	0.83227			6
2025.02.10	00:42:20.129	0.83134	0.83223			6
2025.02.10	00:42:20.814	0.83130	0.83225			6
2025.02.10	00:42:21.185	0.83123	0.83226			6
2025.02.10	00:42:22.434	0.83125	0.83224			6
2025.02.10	00:42:22.854	0.83124	0.83223			6
2025.02.10	00:42:23.374	0.83125	0.83224			6
2025.02.10	00:42:23.753	0.83127	0.83222			6
2025.02.10	00:42:25.198	0.83128	0.83221			6
2025.02.10	00:42:27.577	0.83126	0.83224			6
2025.02.10	00:42:29.070	0.83124				2
2025.02.10	00:42:29.556	0.83129	0.83223			6
2025.02.10	00:42:30.304	0.83126	0.83226			6
2025.02.10	00:42:31.321	0.83129	0.83225			6
2025.02.10	00:42:31.900	0.83130	0.83226			6
2025.02.10	00:42:32.221	0.83129	0.83227			6
2025.02.10	00:42:33.163	0.83130	0.83226			6
2025.02.10	00:42:33.886	0.83131	0.83224			6
2025.02.10	00:42:34.195	0.83125	0.83226			6
2025.02.10	00:42:34.496	0.83134	0.83225			6
2025.02.10	00:42:35.305	0.83132	0.83228			6
2025.02.10	00:42:35.633	0.83127	0.83227			6
2025.02.10	00:42:35.942		0.83229			4
2025.02.10	00:42:36.302	0.83125	0.83227			6
2025.02.10	00:42:36.640	0.83129	0.83228			6
2025.02.10	00:42:37.499	0.83145	0.83212			6
2025.02.10	00:42:38.043	0.83147	0.83210			6
2025.02.10	00:42:38.998	0.83145	0.83213			6
2025.02.10	00:42:39.309	0.83143	0.83214			6
2025.02.10	00:42:40.174	0.83142	0.83215			6
2025.02.10	00:42:41.112	0.83147				2
2025.02.10	00:42:41.696	0.83143	0.83208			6
2025.02.10	00:42:42.160	0.83146				2
2025.02.10	00:42:42.841	0.83144	0.83214			6
2025.02.10	00:42:43.309	0.83143	0.83215			6
2025.02.10	00:42:44.081	0.83147	0.83209			6
2025.02.10	00:42:47.121	0.83150	0.83206			6
2025.02.10	00:42:47.430		0.83210			4
2025.02.10	00:42:48.281	0.83149				2
2025.02.10	00:42:48.584	0.83153	0.83207			6
2025.02.10	00:42:48.897	0.83154	0.83208			6
2025.02.10	00:42:50.103	0.83156	0.83211			6
2025.02.10	00:42:51.047	0.83153	0.83207			6
2025.02.10	00:42:51.995	0.83146	0.83211			6
2025.02.10	00:42:52.303	0.83148	0.83210			6
2025.02.10	00:42:53.083	0.83149	0.83213			6
2025.02.10	00:42:53.403		0.83211			4
2025.02.10	00:42:54.303	0.83148				2
2025.02.10	00:42:54.610		0.83212			4
2025.02.10	00:42:56.397	0.83149	0.83211			6
2025.02.10	00:43:00.191	0.83149				2
2025.02.10	00:43:01.046	0.83148				2
2025.02.10	00:43:02.703	0.83149				2
2025.02.10	00:43:03.600	0.83143				2
2025.02.10	00:43:04.011	0.83132	0.83242			6
2025.02.10	00:43:04.331	0.83163	0.83243			6
2025.02.10	00:43:04.660	0.83162	0.83241			6
2025.02.10	00:43:05.045	0.83163				2
2025.02.10	00:43:05.350	0.83161				2
2025.02.10	00:43:06.958	0.83155				2
2025.02.10	00:43:07.812	0.83158				2
2025.02.10	00:43:08.396	0.83156				2
2025.02.10	00:43:09.433	0.83157	0.83240			6
2025.02.10	00:43:10.272	0.83156				2
2025.02.10	00:43:10.650		0.83241			4
2025.02.10	00:43:11.457	0.83154	0.83243			6
2025.02.10	00:43:13.947	0.83158	0.83241			6
2025.02.10	00:43:14.361		0.83242			4
2025.02.10	00:43:15.722	0.83159	0.83241			6
2025.02.10	00:43:17.466		0.83242			4
2025.02.10	00:43:19.506	0.83160	0.83240			6
2025.02.10	00:43:19.873	0.83156	0.83243			6
2025.02.10	00:43:20.246	0.83160	0.83241			6
2025.02.10	00:43:20.697	0.83157				2
2025.02.10	00:43:21.122	0.83160				2
2025.02.10	00:43:21.942	0.83159				2
2025.02.10	00:43:23.113	0.83160				2
2025.02.10	00:43:24.611	0.83159				2
2025.02.10	00:43:25.661	0.83162	0.83242			6
2025.02.10	00:43:26.354	0.83164	0.83241			6
2025.02.10	00:43:26.999	0.83166	0.83242			6
2025.02.10	00:43:27.460	0.83163				2
2025.02.10	00:43:27.788		0.83243			4
2025.02.10	00:43:28.101	0.83166				2
2025.02.10	00:43:28.476	0.83161				2
2025.02.10	00:43:29.116	0.83162	0.83242			6
2025.02.10	00:43:30.304	0.83164	0.83241			6
2025.02.10	00:43:30.886	0.83162				2
2025.02.10	00:43:31.573	0.83158	0.83242			6
2025.02.10	00:43:31.976	0.83162				2
2025.02.10	00:43:32.673	0.83165				2
2025.02.10	00:43:33.058	0.83169				2
2025.02.10	00:43:33.381		0.83241			4
2025.02.10	00:43:34.850	0.83170				2
2025.02.10	00:43:35.290	0.83168				2
2025.02.10	00:43:35.697	0.83171				2
2025.02.10	00:43:36.079	0.83169	0.83240			6
2025.02.10	00:43:37.443	0.83168	0.83241			6
2025.02.10	00:43:40.936	0.83167	0.83240			6
2025.02.10	00:43:41.939	0.83173	0.83241			6
2025.02.10	00:43:42.252	0.83159	0.83249			6
2025.02.10	00:43:42.560	0.83154	0.83251			6
2025.02.10	00:43:42.910	0.83153	0.83253			6
2025.02.10	00:43:43.278	0.83157	0.83252			6
2025.02.10	00:43:43.611	0.83165	0.83248			6
2025.02.10	00:43:43.938	0.83162				2
2025.02.10	00:43:44.242	0.83164				2
2025.02.10	00:43:44.547	0.83157	0.83250			6
2025.02.10	00:43:45.262	0.83156	0.83251			6
2025.02.10	00:43:45.599	0.83153	0.83247			6
2025.02.10	00:43:46.184	0.83155	0.83250			6
2025.02.10	00:43:46.617	0.83162	0.83247			6
2025.02.10	00:43:47.067	0.83159				2
2025.02.10	00:43:47.841	0.83162				2
2025.02.10	00:43:48.296		0.83246			4
2025.02.10	00:43:49.085		0.83248			4
2025.02.10	00:43:49.442	0.83163				2
2025.02.10	00:43:50.075	0.83166	0.83247			6
2025.02.10	00:43:50.456	0.83163				2
2025.02.10	00:43:51.368	0.83161				2
2025.02.10	00:43:52.401		0.83246			4
2025.02.10	00:43:53.407		0.83248			4
2025.02.10	00:43:53.990	0.83155	0.83247			6
2025.02.10	00:43:54.299	0.83154				2
2025.02.10	00:43:54.664	0.83156	0.83248			6
2025.02.10	00:43:55.197	0.83160	0.83252			6
2025.02.10	00:43:55.501	0.83162	0.83249			6
2025.02.10	00:43:55.813	0.83163	0.83250			6
2025.02.10	00:43:57.898	0.83165				2
2025.02.10	00:43:58.564	0.83173	0.83251			6
2025.02.10	00:43:58.909	0.83165	0.83257			6
2025.02.10	00:43:59.221		0.83256			4
2025.02.10	00:43:59.801		0.83257			4
2025.02.10	00:44:00.119	0.83162	0.83256			6
2025.02.10	00:44:00.936	0.83150	0.83255			6
2025.02.10	00:44:01.298	0.83157				2
2025.02.10	00:44:02.300	0.83164	0.83249			6
2025.02.10	00:44:02.610	0.83161	0.83251			6
2025.02.10	00:44:03.001	0.83163				2
2025.02.10	00:44:05.105	0.83162	0.83252			6
2025.02.10	00:44:05.771	0.83160	0.83254			6
2025.02.10	00:44:06.845		0.83253			4
2025.02.10	00:44:07.721	0.83161				2
2025.02.10	00:44:08.054	0.83133	0.83279			6
2025.02.10	00:44:08.362	0.83136				2
2025.02.10	00:44:08.964	0.83148				2
2025.02.10	00:44:09.602	0.83150				2
2025.02.10	00:44:10.019	0.83145	0.83278			6
2025.02.10	00:44:10.371	0.83144				2
2025.02.10	00:44:10.797	0.83142	0.83277			6
2025.02.10	00:44:11.108		0.83276			4
2025.02.10	00:44:11.447	0.83131	0.83279			6
2025.02.10	00:44:12.764	0.83138				2
2025.02.10	00:44:13.066	0.83134				2
2025.02.10	00:44:13.479	0.83146				2
2025.02.10	00:44:13.797	0.83145				2
2025.02.10	00:44:14.361	0.83143				2
2025.02.10	00:44:14.696	0.83141				2
2025.02.10	00:44:15.001	0.83142				2
2025.02.10	00:44:15.601	0.83146				2
2025.02.10	00:44:16.104	0.83131				2
2025.02.10	00:44:16.430	0.83136				2
2025.02.10	00:44:17.100	0.83146				2
2025.02.10	00:44:17.416	0.83149	0.83274			6
2025.02.10	00:44:17.999	0.83151	0.83273			6
2025.02.10	00:44:18.568	0.83152	0.83272			6
2025.02.10	00:44:18.896	0.83147				2
2025.02.10	00:44:19.201	0.83148				2
2025.02.10	00:44:19.506	0.83161	0.83270			6
2025.02.10	00:44:19.861	0.83163	0.83269			6
2025.02.10	00:44:20.332	0.83156				2
2025.02.10	00:44:20.838		0.83268			4
2025.02.10	00:44:21.583	0.83163	0.83260			6
2025.02.10	00:44:22.001	0.83145	0.83274			6
2025.02.10	00:44:22.738	0.83162	0.83262			6
2025.02.10	00:44:23.053		0.83259			4
2025.02.10	00:44:23.424	0.83160				2
2025.02.10	00:44:24.051	0.83164	0.83258			6
2025.02.10	00:44:25.273	0.83169	0.83257			6
2025.02.10	00:44:26.355		0.83258			4
2025.02.10	00:44:28.435	0.83168				2
2025.02.10	00:44:30.510	0.83167	0.83262			6
2025.02.10	00:44:30.811	0.83169	0.83261			6
2025.02.10	00:44:31.203	0.83171	0.83259			6
2025.02.10	00:44:31.503	0.83157	0.83244			6
2025.02.10	00:44:32.001	0.83149	0.83242			6
2025.02.10	00:44:32.351	0.83154				2
2025.02.10	00:44:32.968	0.83156				2
2025.02.10	00:44:36.823	0.83159	0.83239			6
2025.02.10	00:44:37.179	0.83149	0.83249			6
2025.02.10	00:44:37.619	0.83157	0.83241			6
2025.02.10	00:44:37.970	0.83156				2
2025.02.10	00:44:38.335		0.83242			4
2025.02.10	00:44:39.316	0.83157	0.83241			6
2025.02.10	00:44:40.495	0.83131	0.83277			6
2025.02.10	00:44:41.820		0.83273			4
2025.02.10	00:44:42.209		0.83272			4
2025.02.10	00:44:43.199		0.83271			4
2025.02.10	00:44:43.507		0.83270			4
2025.02.10	00:44:43.897		0.83269			4
2025.02.10	00:44:44.207	0.83138	0.83255			6
2025.02.10	00:44:45.013	0.83136	0.83256			6
2025.02.10	00:44:45.601	0.83138	0.83254			6
2025.02.10	00:44:46.445	0.83139	0.83255			6
2025.02.10	00:44:47.496	0.83147	0.83247			6
2025.02.10	00:44:47.849	0.83156	0.83239			6
2025.02.10	00:44:48.897	0.83153	0.83240			6
2025.02.10	00:44:49.477	0.83155	0.83238			6
2025.02.10	00:44:50.510	0.83154	0.83239			6
2025.02.10	00:44:52.088	0.83149	0.83244			6
2025.02.10	00:44:52.503	0.83151	0.83243			6
2025.02.10	00:44:53.866	0.83152	0.83242			6
2025.02.10	00:44:55.491	0.83144	0.83251			6
2025.02.10	00:44:56.158	0.83150	0.83246			6
2025.02.10	00:44:56.469	0.83154	0.83242			6
2025.02.10	00:44:56.781	0.83156	0.83239			6
2025.02.10	00:44:57.120	0.83154	0.83242			6
2025.02.10	00:44:58.036		0.83241			4
2025.02.10	00:44:58.344	0.83149	0.83242			6
2025.02.10	00:45:00.408	0.83149				2
2025.02.10	00:45:01.174	0.83141	0.83248			6
2025.02.10	00:45:01.746	0.83150	0.83242			6
2025.02.10	00:45:02.054	0.83165	0.83249			6
2025.02.10	00:45:02.386		0.83247			4
2025.02.10	00:45:02.991	0.83164				2
2025.02.10	00:45:03.900	0.83155	0.83234			6
2025.02.10	00:45:04.293	0.83161	0.83229			6
2025.02.10	00:45:07.998	0.83172	0.83217			6
2025.02.10	00:45:09.523	0.83171	0.83218			6
2025.02.10	00:45:11.099	0.83169	0.83219			6
2025.02.10	00:45:14.096	0.83170	0.83218			6
2025.02.10	00:45:16.482	0.83176	0.83220			6
2025.02.10	00:45:16.797	0.83170	0.83218			6
2025.02.10	00:45:22.660	0.83156	0.83206			6
2025.02.10	00:45:22.978	0.83154	0.83208			6
2025.02.10	00:45:23.646		0.83205			4
2025.02.10	00:45:28.527	0.83155	0.83204			6
2025.02.10	00:45:30.636	0.83151	0.83208			6
2025.02.10	00:45:31.826	0.83154	0.83205			6
2025.02.10	00:45:32.618	0.83156	0.83203			6
2025.02.10	00:45:39.170	0.83152	0.83207			6
2025.02.10	00:45:41.368	0.83156	0.83203			6
2025.02.10	00:45:46.198	0.83155				2
2025.02.10	00:45:48.017	0.83151	0.83212			6
2025.02.10	00:45:48.547	0.83162	0.83214			6
2025.02.10	00:45:49.500		0.83215			4
2025.02.10	00:45:49.802	0.83161	0.83213			6
2025.02.10	00:45:51.498	0.83162				2
2025.02.10	00:45:52.497	0.83157	0.83212			6
2025.02.10	00:45:52.900	0.83141	0.83211			6
2025.02.10	00:45:54.640	0.83140	0.83212			6
2025.02.10	00:45:58.799		0.83209			4
2025.02.10	00:46:00.638	0.83140	0.83210			6
2025.02.10	00:46:02.101		0.83209			4
2025.02.10	00:46:05.398		0.83210			4
2025.02.10	00:46:08.047	0.83141	0.83209			6
2025.02.10	00:46:11.629	0.83140	0.83204			6
2025.02.10	00:46:12.895		0.83205			4
2025.02.10	00:46:16.500	0.83139				2
2025.02.10	00:46:18.237	0.83136	0.83215			6
2025.02.10	00:46:18.543	0.83127	0.83209			6
2025.02.10	00:46:18.899	0.83126				2
2025.02.10	00:46:19.205		0.83205			4
2025.02.10	00:46:19.797		0.83200			4
2025.02.10	00:46:21.856	0.83127	0.83199			6
2025.02.10	00:46:22.157	0.83129	0.83208			6
2025.02.10	00:46:22.473		0.83204			4
2025.02.10	00:46:23.160		0.83200			4
2025.02.10	00:46:23.517	0.83126	0.83204			6
2025.02.10	00:46:25.200		0.83206			4
2025.02.10	00:46:25.781	0.83130	0.83204			6
2025.02.10	00:46:26.527	0.83132	0.83202			6
2025.02.10	00:46:27.062	0.83136	0.83208			6
2025.02.10	00:46:27.363	0.83130	0.83206			6
2025.02.10	00:46:27.981	0.83136	0.83210			6
2025.02.10	00:46:28.357	0.83138	0.83209			6
2025.02.10	00:46:29.137		0.83207			4
2025.02.10	00:46:29.853	0.83135	0.83204			6
2025.02.10	00:46:30.162	0.83131	0.83206			6
2025.02.10	00:46:30.463	0.83133	0.83205			6
2025.02.10	00:46:30.772	0.83135	0.83201			6
2025.02.10	00:46:31.129	0.83131	0.83197			6
2025.02.10	00:46:31.464	0.83134	0.83200			6
2025.02.10	00:46:31.846	0.83135				2
2025.02.10	00:46:32.180	0.83131	0.83197			6
2025.02.10	00:46:32.495	0.83134	0.83201			6
2025.02.10	00:46:33.171	0.83131	0.83197			6
2025.02.10	00:46:33.487	0.83132	0.83199			6
2025.02.10	00:46:33.807	0.83134	0.83202			6
2025.02.10	00:46:34.143	0.83132	0.83199			6
2025.02.10	00:46:34.472	0.83134	0.83202			6
2025.02.10	00:46:35.252		0.83203			4
2025.02.10	00:46:35.637	0.83131	0.83200			6
2025.02.10	00:46:35.972	0.83133	0.83201			6
2025.02.10	00:46:36.362		0.83202			4
2025.02.10	00:46:36.682		0.83201			4
2025.02.10	00:46:37.022	0.83134	0.83203			6
2025.02.10	00:46:37.342		0.83204			4
2025.02.10	00:46:37.660	0.83133				2
2025.02.10	00:46:38.180	0.83134	0.83202			6
2025.02.10	00:46:39.031	0.83130	0.83199			6
2025.02.10	00:46:39.416		0.83197			4
2025.02.10	00:46:39.969		0.83195			4
2025.02.10	00:46:41.162	0.83128	0.83197			6
2025.02.10	00:46:42.345	0.83130	0.83195			6
2025.02.10	00:46:44.745	0.83140	0.83186			6
2025.02.10	00:46:45.061	0.83143	0.83185			6
2025.02.10	00:46:45.449	0.83126	0.83201			6
2025.02.10	00:46:45.975		0.83203			4
2025.02.10	00:46:46.351	0.83127	0.83201			6
2025.02.10	00:46:46.931	0.83125	0.83203			6
2025.02.10	00:46:49.476	0.83141	0.83189			6
2025.02.10	00:46:50.366	0.83142	0.83190			6
2025.02.10	00:46:51.903	0.83143	0.83188			6
2025.02.10	00:46:52.288	0.83142				2
2025.02.10	00:46:54.600		0.83189			4
2025.02.10	00:46:57.350		0.83190			4
2025.02.10	00:46:57.715	0.83104	0.83179			6
2025.02.10	00:46:58.022		0.83198			4
2025.02.10	00:46:58.341		0.83186			4
2025.02.10	00:46:59.040	0.83096	0.83202			6
2025.02.10	00:46:59.341		0.83184			4
2025.02.10	00:46:59.655	0.83080				2
2025.02.10	00:46:59.989		0.83185			4
2025.02.10	00:47:00.304	0.83080	0.83205			6
2025.02.10	00:47:00.608		0.83204			4
2025.02.10	00:47:00.922		0.83205			4
2025.02.10	00:47:01.223	0.83085				2
2025.02.10	00:47:01.939	0.83106	0.83214			6
2025.02.10	00:47:02.271	0.83079	0.83212			6
2025.02.10	00:47:03.785	0.83093	0.83213			6
2025.02.10	00:47:04.085	0.83080	0.83218			6
2025.02.10	00:47:04.388		0.83203			4
2025.02.10	00:47:04.702		0.83218			4
2025.02.10	00:47:05.013		0.83204			4
2025.02.10	00:47:05.622		0.83218			4
2025.02.10	00:47:05.930		0.83206			4
2025.02.10	00:47:06.543		0.83201			4
2025.02.10	00:47:06.980		0.83206			4
2025.02.10	00:47:07.283	0.83091	0.83218			6
2025.02.10	00:47:07.592	0.83085				2
2025.02.10	00:47:07.901	0.83087	0.83205			6
2025.02.10	00:47:08.286	0.83100				2
2025.02.10	00:47:08.821		0.83194			4
2025.02.10	00:47:09.544		0.83205			4
2025.02.10	00:47:10.300	0.83082	0.83206			6
2025.02.10	00:47:10.601	0.83097	0.83218			6
2025.02.10	00:47:10.932	0.83082				2
2025.02.10	00:47:11.244	0.83096	0.83206			6
2025.02.10	00:47:11.560	0.83082				2
2025.02.10	00:47:11.861	0.83088	0.83201			6
2025.02.10	00:47:12.184	0.83082				2
2025.02.10	00:47:12.831		0.83207			4
2025.02.10	00:47:13.821		0.83191			4
2025.02.10	00:47:14.903		0.83201			4
2025.02.10	00:47:15.541		0.83207			4
2025.02.10	00:47:16.303		0.83205			4
2025.02.10	00:47:16.951		0.83206			4
2025.02.10	00:47:17.629		0.83200			4
2025.02.10	00:47:18.607		0.83195			4
2025.02.10	00:47:19.072	0.83095	0.83196			6
2025.02.10	00:47:19.375		0.83210			4
2025.02.10	00:47:19.737		0.83196			4
2025.02.10	00:47:20.389		0.83211			4
2025.02.10	00:47:20.998		0.83212			4
2025.02.10	00:47:21.302	0.83120	0.83208			6
2025.02.10	00:47:21.624		0.83206			4
2025.02.10	00:47:22.125	0.83108	0.83185			6
2025.02.10	00:47:22.437		0.83190			4
2025.02.10	00:47:23.303	0.83080				2
2025.02.10	00:47:29.836		0.83189			4
2025.02.10	00:47:31.498		0.83188			4
2025.02.10	00:47:34.297		0.83189			4
2025.02.10	00:47:41.470		0.83190			4
2025.02.10	00:47:42.776		0.83186			4
2025.02.10	00:47:46.564		0.83191			4
2025.02.10	00:47:47.831		0.83193			4
2025.02.10	00:47:48.176		0.83195			4
2025.02.10	00:47:59.101		0.83177			4
2025.02.10	00:48:00.292	0.83080				2
2025.02.10	00:48:03.021		0.83178			4
2025.02.10	00:48:04.075		0.83177			4
2025.02.10	00:48:04.614		0.83176			4
2025.02.10	00:48:04.927		0.83178			4
2025.02.10	00:48:09.609		0.83180			4
2025.02.10	00:48:11.798	0.83086	0.83181			6
2025.02.10	00:48:12.101	0.83080				2
2025.02.10	00:48:15.685		0.83178			4
2025.02.10	00:48:16.193	0.83082				2
2025.02.10	00:48:17.303	0.83080				2
2025.02.10	00:48:18.780	0.83087	0.83179			6
2025.02.10	00:48:20.142		0.83176			4
2025.02.10	00:48:24.290		0.83172			4
2025.02.10	00:48:29.617	0.83092				2
2025.02.10	00:48:39.763		0.83178			4
2025.02.10	00:48:48.966		0.83171			4
2025.02.10	00:48:49.283		0.83172			4
2025.02.10	00:48:49.587		0.83173			4
2025.02.10	00:48:54.004		0.83174			4
2025.02.10	00:48:59.999		0.83173			4
2025.02.10	00:49:00.367	0.83092				2
2025.02.10	00:49:17.284	0.83095	0.83154			6
2025.02.10	00:49:34.710		0.83155			4
2025.02.10	00:49:36.283		0.83152			4
2025.02.10	00:49:37.168		0.83155			4
2025.02.10	00:49:44.023		0.83154			4
2025.02.10	00:49:52.061		0.83153			4
2025.02.10	00:50:00.298	0.83095				2
2025.02.10	00:50:01.139	0.83032				2
2025.02.10	00:50:01.894	0.83095				2
2025.02.10	00:50:03.550	0.83090				2
2025.02.10	00:50:05.776		0.83167			4
2025.02.10	00:50:06.083		0.83153			4
2025.02.10	00:50:30.148		0.83167			4
2025.02.10	00:50:30.460		0.83152			4
2025.02.10	00:50:40.502		0.83158			4
2025.02.10	00:50:57.574		0.83171			4
2025.02.10	00:50:57.900		0.83158			4
2025.02.10	00:51:01.402	0.83090				2
2025.02.10	00:51:24.304		0.83170			4
2025.02.10	00:51:53.421		0.83172			4
2025.02.10	00:52:00.300	0.83090				2
2025.02.10	00:52:03.266		0.83166			4
2025.02.10	00:52:03.855	0.83085				2
2025.02.10	00:52:05.291		0.83164			4
2025.02.10	00:52:35.392	0.83067				2
2025.02.10	00:52:45.904	0.83068				2
2025.02.10	00:52:55.496	0.83069				2
2025.02.10	00:52:56.694	0.83079	0.83171			6
2025.02.10	00:52:57.376	0.83087				2
2025.02.10	00:53:00.457	0.83087				2
2025.02.10	00:53:03.666	0.83088				2
2025.02.10	00:53:04.375	0.83089				2
2025.02.10	00:53:05.546	0.83090				2
2025.02.10	00:53:06.080	0.83092				2
2025.02.10	00:53:06.782	0.83094				2
2025.02.10	00:53:09.085	0.83095				2
2025.02.10	00:53:14.999	0.83096				2
2025.02.10	00:53:25.797	0.83097				2
2025.02.10	00:53:28.830	0.83098				2
2025.02.10	00:53:32.397	0.83099				2
2025.02.10	00:53:34.798	0.83100				2
2025.02.10	00:53:40.500	0.83101				2
2025.02.10	00:53:48.600	0.83102				2
2025.02.10	00:53:50.234	0.83103				2
2025.02.10	00:53:56.587	0.83104				2
2025.02.10	00:53:57.584		0.83171			4
2025.02.10	00:54:00.933	0.83100	0.83164			6
2025.02.10	00:54:08.400	0.83101				2
2025.02.10	00:54:11.642	0.83102				2
2025.02.10	00:54:29.596	0.83103				2
2025.02.10	00:54:32.700	0.83102				2
2025.02.10	00:54:34.497	0.83103				2
2025.02.10	00:54:43.195	0.83104				2
2025.02.10	00:54:46.309	0.83106				2
2025.02.10	00:54:51.893	0.83114	0.83184			6
2025.02.10	00:54:52.209	0.83107	0.83170			6
2025.02.10	00:54:59.997	0.83108				2
2025.02.10	00:55:00.451	0.83108				2
2025.02.10	00:55:01.800	0.83107				2
2025.02.10	00:55:03.297	0.83108				2
2025.02.10	00:55:15.900	0.83109				2
2025.02.10	00:55:22.864		0.83180			4
2025.02.10	00:55:25.795		0.83170			4
2025.02.10	00:55:28.797	0.83110				2
2025.02.10	00:55:29.101	0.83109				2
2025.02.10	00:55:31.162	0.83110				2
2025.02.10	00:55:31.498	0.83109				2
2025.02.10	00:55:32.398	0.83110				2
2025.02.10	00:55:34.168	0.83109				2
2025.02.10	00:55:34.597	0.83110				2
2025.02.10	00:55:47.397	0.83111				2
2025.02.10	00:56:00.389	0.83111				2
2025.02.10	00:56:08.699	0.83112				2
2025.02.10	00:56:16.692	0.83110				2
2025.02.10	00:56:26.080		0.83164			4
2025.02.10	00:56:28.776	0.83111				2
2025.02.10	00:56:33.356		0.83170			4
2025.02.10	00:56:50.974	0.83112				2
2025.02.10	00:57:00.303	0.83112				2
2025.02.10	00:57:17.626		0.83164			4
2025.02.10	00:57:17.959	0.83113				2
2025.02.10	00:57:28.713	0.83114				2
2025.02.10	00:57:52.152		0.83169			4
2025.02.10	00:57:55.796		0.83160			4
2025.02.10	00:57:56.746	0.83112				2
2025.02.10	00:57:57.102	0.83122				2
2025.02.10	00:57:59.293	0.83095				2
2025.02.10	00:57:59.789	0.83098				2
2025.02.10	00:58:00.097	0.83100				2
2025.02.10	00:58:02.615	0.83101				2
2025.02.10	00:58:03.098	0.83105				2
2025.02.10	00:58:03.410	0.83109				2
2025.02.10	00:58:04.069	0.83110				2
2025.02.10	00:58:07.701	0.83118				2
2025.02.10	00:58:12.102		0.83171			4
2025.02.10	00:58:15.038	0.83117	0.83170			6
2025.02.10	00:58:16.033		0.83163			4
2025.02.10	00:58:17.997		0.83160			4
2025.02.10	00:58:23.097	0.83116				2
2025.02.10	00:58:26.999	0.83117				2
2025.02.10	00:58:31.498	0.83116				2
2025.02.10	00:58:37.021	0.83119				2
2025.02.10	00:58:38.697	0.83120				2
2025.02.10	00:58:42.683	0.83119				2
2025.02.10	00:58:45.295		0.83166			4
2025.02.10	00:58:46.225	0.83117	0.83165			6
2025.02.10	00:58:54.004	0.83118	0.83159			6
2025.02.10	00:58:54.433		0.83158			4
2025.02.10	00:58:55.973	0.83117				2
2025.02.10	00:59:00.113	0.83108				2
2025.02.10	00:59:00.632	0.83106	0.83153			6
2025.02.10	00:59:04.332	0.83104				2
2025.02.10	00:59:04.773	0.83098	0.83148			6
2025.02.10	00:59:08.036		0.83151			4
2025.02.10	00:59:08.969		0.83148			4
2025.02.10	00:59:10.990	0.83095				2
2025.02.10	00:59:13.017	0.83092	0.83145			6
2025.02.10	00:59:14.115	0.83096				2
2025.02.10	00:59:16.375	0.83092	0.83144			6
2025.02.10	00:59:16.687	0.83091	0.83134			6
2025.02.10	00:59:17.068		0.83133			4
2025.02.10	00:59:28.382	0.83095	0.83120			6
2025.02.10	00:59:28.724		0.83123			4
2025.02.10	00:59:29.334	0.83091	0.83120			6
2025.02.10	00:59:29.995		0.83123			4
2025.02.10	00:59:30.348		0.83124			4
2025.02.10	00:59:31.122		0.83125			4
2025.02.10	00:59:31.954		0.83135			4
2025.02.10	00:59:32.274	0.83096				2
2025.02.10	00:59:36.360		0.83137			4
2025.02.10	00:59:56.634		0.83140			4
2025.02.10	00:59:57.222		0.83137			4
2025.02.10	00:59:59.401		0.83147			4
2025.02.10	01:00:00.313	0.83127				2
2025.02.10	01:00:01.553		0.83167			4
2025.02.10	01:00:01.857	0.83129	0.83168			6
2025.02.10	01:00:02.798	0.83128	0.83173			6
2025.02.10	01:00:03.103	0.83136	0.83146			6
2025.02.10	01:00:03.711	0.83137	0.83147			6
2025.02.10	01:00:04.012	0.83145	0.83191			6
2025.02.10	01:00:04.315	0.83140	0.83147			6
2025.02.10	01:00:04.920	0.83129	0.83176			6
2025.02.10	01:00:05.225	0.83130	0.83179			6
2025.02.10	01:00:05.545		0.83177			4
2025.02.10	01:00:05.872	0.83128	0.83176			6
2025.02.10	01:00:06.214		0.83177			4
2025.02.10	01:00:06.537		0.83178			4
2025.02.10	01:00:07.194		0.83184			4
2025.02.10	01:00:09.073	0.83130				2
2025.02.10	01:00:10.097	0.83128				2
2025.02.10	01:00:10.783	0.83135	0.83181			6
2025.02.10	01:00:11.487	0.83128	0.83184			6
2025.02.10	01:00:13.134	0.83136	0.83178			6
2025.02.10	01:00:13.443	0.83122	0.83196			6
2025.02.10	01:00:13.747	0.83129				2
2025.02.10	01:00:14.860	0.83138	0.83180			6
2025.02.10	01:00:15.173	0.83137	0.83182			6
2025.02.10	01:00:15.573		0.83180			4
2025.02.10	01:00:16.185	0.83122	0.83193			6
2025.02.10	01:00:16.507	0.83128	0.83186			6
2025.02.10	01:00:16.820	0.83134	0.83168			6
2025.02.10	01:00:17.126	0.83135	0.83167			6
2025.02.10	01:00:17.897		0.83168			4
2025.02.10	01:00:18.225		0.83167			4
2025.02.10	01:00:18.526	0.83122	0.83186			6
2025.02.10	01:00:18.970		0.83187			4
2025.02.10	01:00:19.282		0.83186			4
2025.02.10	01:00:20.301	0.83129	0.83190			6
2025.02.10	01:00:20.697		0.83196			4
2025.02.10	01:00:21.223		0.83190			4
2025.02.10	01:00:21.623	0.83122	0.83192			6
2025.02.10	01:00:21.924		0.83187			4
2025.02.10	01:00:22.242		0.83176			4
2025.02.10	01:00:22.892		0.83174			4
2025.02.10	01:00:23.568	0.83119	0.83173			6
2025.02.10	01:00:23.873		0.83169			4
2025.02.10	01:00:24.600	0.83120	0.83175			6
2025.02.10	01:00:24.925		0.83171			4
2025.02.10	01:00:25.554		0.83169			4
2025.02.10	01:00:26.212		0.83173			4
2025.02.10	01:00:26.516		0.83171			4
2025.02.10	01:00:27.615		0.83177			4
2025.02.10	01:00:27.925		0.83179			4
2025.02.10	01:00:28.243	0.83119	0.83176			6
2025.02.10	01:00:28.898		0.83174			4
2025.02.10	01:00:29.204		0.83176			4
2025.02.10	01:00:29.968		0.83171			4
2025.02.10	01:00:30.277		0.83170			4
2025.02.10	01:00:30.887		0.83187			4
2025.02.10	01:00:31.229		0.83184			4
2025.02.10	01:00:31.543	0.83122	0.83192			6
2025.02.10	01:00:31.857	0.83119	0.83193			6
2025.02.10	01:00:32.825		0.83195			4
2025.02.10	01:00:33.133		0.83199			4
2025.02.10	01:00:33.786		0.83198			4
2025.02.10	01:00:34.100		0.83199			4
2025.02.10	01:00:34.448		0.83191			4
2025.02.10	01:00:34.764		0.83192			4
2025.02.10	01:00:35.069		0.83194			4
2025.02.10	01:00:35.398		0.83195			4
2025.02.10	01:00:35.713		0.83196			4
2025.02.10	01:00:36.095		0.83199			4
2025.02.10	01:00:36.402	0.83121				2
2025.02.10	01:00:36.705	0.83149				2
2025.02.10	01:00:37.025	0.83153	0.83196			6
2025.02.10	01:00:37.352	0.83147	0.83199			6
2025.02.10	01:00:37.689	0.83146				2
2025.02.10	01:00:38.325	0.83147				2
2025.02.10	01:00:38.698	0.83154	0.83196			6
2025.02.10	01:00:39.026	0.83156				2
2025.02.10	01:00:39.458		0.83184			4
2025.02.10	01:00:39.844	0.83153				2
2025.02.10	01:00:40.169	0.83158				2
2025.02.10	01:00:40.636	0.83159				2
2025.02.10	01:00:41.310	0.83151				2
2025.02.10	01:00:41.768	0.83148				2
2025.02.10	01:00:42.083	0.83154				2
2025.02.10	01:00:42.387	0.83128				2
2025.02.10	01:00:43.010	0.83129				2
2025.02.10	01:00:43.315	0.83131				2
2025.02.10	01:00:43.671	0.83129				2
2025.02.10	01:00:43.983	0.83128	0.83189			6
2025.02.10	01:00:44.605	0.83123	0.83196			6
2025.02.10	01:00:45.251	0.83124	0.83197			6
2025.02.10	01:00:45.564	0.83125	0.83195			6
2025.02.10	01:00:45.931	0.83128	0.83202			6
2025.02.10	01:00:46.263	0.83134	0.83188			6
2025.02.10	01:00:46.567	0.83125	0.83198			6
2025.02.10	01:00:46.890	0.83128	0.83208			6
2025.02.10	01:00:47.229	0.83153	0.83197			6
2025.02.10	01:00:47.534	0.83134	0.83207			6
2025.02.10	01:00:47.855	0.83137	0.83194			6
2025.02.10	01:00:48.163	0.83134	0.83198			6
2025.02.10	01:00:48.466	0.83135	0.83197			6
2025.02.10	01:00:48.794	0.83134				2
2025.02.10	01:00:49.097	0.83135				2
2025.02.10	01:00:49.402	0.83142	0.83201			6
2025.02.10	01:00:49.802	0.83143				2
2025.02.10	01:00:50.497		0.83202			4
2025.02.10	01:00:50.999	0.83144				2
2025.02.10	01:00:51.400	0.83150	0.83203			6
2025.02.10	01:00:51.771	0.83152	0.83202			6
2025.02.10	01:00:52.152		0.83203			4
2025.02.10	01:00:52.757	0.83149	0.83206			6
2025.02.10	01:00:53.152	0.83147	0.83208			6
2025.02.10	01:00:53.642	0.83149				2
2025.02.10	01:00:54.847	0.83140				2
2025.02.10	01:00:55.178	0.83141				2
2025.02.10	01:00:55.483	0.83140				2
2025.02.10	01:00:55.808	0.83137				2
2025.02.10	01:00:56.185	0.83138				2
2025.02.10	01:00:56.912	0.83136				2
2025.02.10	01:00:57.226	0.83137	0.83206			6
2025.02.10	01:00:57.571		0.83205			4
2025.02.10	01:00:58.467		0.83207			4
2025.02.10	01:00:58.785	0.83139				2
2025.02.10	01:00:59.326		0.83200			4
2025.02.10	01:00:59.710	0.83141				2
2025.02.10	01:01:00.038	0.83144				2
2025.02.10	01:01:00.374	0.83147	0.83194			6
2025.02.10	01:01:00.681	0.83151				2
2025.02.10	01:01:01.135	0.83156				2
2025.02.10	01:01:01.452	0.83162				2
2025.02.10	01:01:01.849	0.83161				2
2025.02.10	01:01:02.238	0.83163				2
2025.02.10	01:01:02.544	0.83156	0.83206			6
2025.02.10	01:01:02.845	0.83159	0.83205			6
2025.02.10	01:01:03.177	0.83157	0.83206			6
2025.02.10	01:01:04.260	0.83154				2
2025.02.10	01:01:05.183	0.83157				2
2025.02.10	01:01:06.071	0.83159				2
2025.02.10	01:01:06.431	0.83152				2
2025.02.10	01:01:06.790	0.83160				2
2025.02.10	01:01:07.094	0.83163				2
2025.02.10	01:01:07.896	0.83164				2
2025.02.10	01:01:08.204	0.83163				2
2025.02.10	01:01:08.515	0.83170				2
2025.02.10	01:01:08.832	0.83164				2
2025.02.10	01:01:09.178	0.83167				2
2025.02.10	01:01:09.535	0.83174				2
2025.02.10	01:01:10.930	0.83173				2
2025.02.10	01:01:11.294	0.83174				2
2025.02.10	01:01:11.596	0.83175	0.83201			6
2025.02.10	01:01:11.900	0.83174				2
2025.02.10	01:01:12.717	0.83168				2
2025.02.10	01:01:13.061		0.83194			4
2025.02.10	01:01:13.394	0.83170				2
2025.02.10	01:01:13.764	0.83169				2
2025.02.10	01:01:14.258	0.83168				2
2025.02.10	01:01:14.589	0.83167				2
2025.02.10	01:01:14.895	0.83168				2
2025.02.10	01:01:15.199	0.83167				2
2025.02.10	01:01:15.565	0.83163	0.83195			6
2025.02.10	01:01:15.868	0.83167				2
2025.02.10	01:01:16.388	0.83166	0.83205			6
2025.02.10	01:01:16.701	0.83168				2
2025.02.10	01:01:17.079	0.83167				2
2025.02.10	01:01:17.436	0.83174	0.83206			6
2025.02.10	01:01:17.750	0.83168				2
2025.02.10	01:01:18.063	0.83169				2
2025.02.10	01:01:18.384	0.83172				2
2025.02.10	01:01:18.689	0.83167				2
2025.02.10	01:01:19.316	0.83175				2
2025.02.10	01:01:19.686	0.83176	0.83205			6
2025.02.10	01:01:20.325	0.83174	0.83206			6
2025.02.10	01:01:20.636		0.83205			4
2025.02.10	01:01:21.372	0.83173	0.83206			6
2025.02.10	01:01:21.686	0.83171	0.83210			6
2025.02.10	01:01:22.041	0.83172				2
2025.02.10	01:01:22.381	0.83170				2
2025.02.10	01:01:23.141	0.83174				2
2025.02.10	01:01:23.442	0.83170				2
2025.02.10	01:01:23.776	0.83171				2
2025.02.10	01:01:24.084	0.83169				2
2025.02.10	01:01:24.387	0.83171				2
2025.02.10	01:01:24.729	0.83170				2
2025.02.10	01:01:25.065	0.83173				2
2025.02.10	01:01:25.906	0.83171	0.83209			6
2025.02.10	01:01:26.206	0.83168	0.83210			6
2025.02.10	01:01:26.534	0.83174	0.83209			6
2025.02.10	01:01:26.883		0.83210			4
2025.02.10	01:01:27.184	0.83173				2
2025.02.10	01:01:28.563		0.83209			4
2025.02.10	01:01:29.287	0.83172				2
2025.02.10	01:01:29.594	0.83173				2
2025.02.10	01:01:29.912	0.83167	0.83210			6
2025.02.10	01:01:30.232	0.83175	0.83209			6
2025.02.10	01:01:30.535	0.83176				2
2025.02.10	01:01:30.842		0.83210			4
2025.02.10	01:01:31.144	0.83175				2
2025.02.10	01:01:31.759	0.83174	0.83209			6
2025.02.10	01:01:32.183	0.83175				2
2025.02.10	01:01:32.592	0.83179	0.83211			6
2025.02.10	01:01:32.902	0.83177				2
2025.02.10	01:01:33.301	0.83178				2
2025.02.10	01:01:34.500	0.83177				2
2025.02.10	01:01:34.837	0.83195	0.83218			6
2025.02.10	01:01:38.561		0.83217			4
2025.02.10	01:01:39.563		0.83218			4
2025.02.10	01:01:41.585	0.83193				2
2025.02.10	01:01:41.908	0.83195				2
2025.02.10	01:01:43.911		0.83219			4
2025.02.10	01:01:45.069	0.83198	0.83221			6
2025.02.10	01:01:45.398	0.83199	0.83225			6
2025.02.10	01:01:45.714		0.83224			4
2025.02.10	01:01:46.085		0.83225			4
2025.02.10	01:01:48.061		0.83224			4
2025.02.10	01:01:50.107		0.83225			4
2025.02.10	01:01:50.469		0.83224			4
2025.02.10	01:01:51.413		0.83225			4
2025.02.10	01:01:53.721	0.83201				2
2025.02.10	01:01:54.159	0.83199				2
2025.02.10	01:01:55.809	0.83197	0.83220			6
2025.02.10	01:01:59.715	0.83198				2
2025.02.10	01:02:00.145	0.83198				2
2025.02.10	01:02:01.514	0.83200				2
2025.02.10	01:02:01.996	0.83205				2
2025.02.10	01:02:02.304	0.83206				2
2025.02.10	01:02:03.744	0.83203				2
2025.02.10	01:02:04.802	0.83193				2
2025.02.10	01:02:05.885	0.83198				2
2025.02.10	01:02:06.810	0.83205				2
2025.02.10	01:02:11.704	0.83199				2
2025.02.10	01:02:14.482	0.83201				2
2025.02.10	01:02:16.751	0.83205				2
2025.02.10	01:02:18.584	0.83197				2
2025.02.10	01:02:21.141	0.83194				2
2025.02.10	01:02:23.379	0.83197				2
2025.02.10	01:02:27.240	0.83196				2
2025.02.10	01:02:29.012	0.83187	0.83206			6
2025.02.10	01:02:33.683	0.83189	0.83210			6
2025.02.10	01:02:34.004	0.83190				2
2025.02.10	01:02:34.401	0.83187				2
2025.02.10	01:02:36.469		0.83205			4
2025.02.10	01:02:51.710	0.83188				2
2025.02.10	01:02:53.098		0.83204			4
2025.02.10	01:02:53.425		0.83210			4
2025.02.10	01:02:53.867		0.83204			4
2025.02.10	01:02:58.330	0.83194	0.83210			6
2025.02.10	01:02:58.951	0.83184	0.83205			6
2025.02.10	01:02:59.264	0.83188	0.83209			6
2025.02.10	01:02:59.572	0.83186				2
2025.02.10	01:03:00.259	0.83191				2
2025.02.10	01:03:00.895	0.83192				2
2025.02.10	01:03:01.201		0.83213			4
2025.02.10	01:03:01.525	0.83191				2
2025.02.10	01:03:02.187	0.83190				2
2025.02.10	01:03:02.502	0.83191				2
2025.02.10	01:03:03.372	0.83192				2
2025.02.10	01:03:03.772	0.83197	0.83218			6
2025.02.10	01:03:04.082	0.83189	0.83216			6
2025.02.10	01:03:05.002	0.83197				2
2025.02.10	01:03:05.370	0.83196				2
2025.02.10	01:03:06.735	0.83197				2
2025.02.10	01:03:07.371	0.83196				2
2025.02.10	01:03:08.001	0.83195				2
2025.02.10	01:03:08.732	0.83197				2
2025.02.10	01:03:09.050	0.83196				2
2025.02.10	01:03:10.340	0.83197				2
2025.02.10	01:03:11.004	0.83198	0.83219			6
2025.02.10	01:03:12.013	0.83197				2
2025.02.10	01:03:12.362	0.83198	0.83215			6
2025.02.10	01:03:12.834	0.83197				2
2025.02.10	01:03:13.826	0.83198				2
2025.02.10	01:03:15.891	0.83197				2
2025.02.10	01:03:16.260	0.83198				2
2025.02.10	01:03:17.820	0.83200				2
2025.02.10	01:03:18.123	0.83195				2
2025.02.10	01:03:19.537	0.83196				2
2025.02.10	01:03:20.965	0.83197				2
2025.02.10	01:03:21.813	0.83200	0.83228			6
2025.02.10	01:03:22.123	0.83206				2
2025.02.10	01:03:22.426	0.83202	0.83225			6
2025.02.10	01:03:23.238	0.83200	0.83223			6
2025.02.10	01:03:23.542	0.83201	0.83222			6
2025.02.10	01:03:24.017	0.83199				2
2025.02.10	01:03:24.380	0.83201				2
2025.02.10	01:03:24.752	0.83200				2
2025.02.10	01:03:25.185	0.83199	0.83220			6
2025.02.10	01:03:25.533		0.83219			4
2025.02.10	01:03:26.563		0.83221			4
2025.02.10	01:03:26.886		0.83222			4
2025.02.10	01:03:28.102	0.83200				2
2025.02.10	01:03:28.717	0.83201				2
2025.02.10	01:03:29.402	0.83197	0.83208			6
2025.02.10	01:03:29.708	0.83190				2
2025.02.10	01:03:30.013	0.83193				2
2025.02.10	01:03:31.318		0.83210			4
2025.02.10	01:03:32.569	0.83196	0.83213			6
2025.02.10	01:03:33.506	0.83189	0.83207			6
2025.02.10	01:03:34.172		0.83208			4
2025.02.10	01:03:35.282	0.83188				2
2025.02.10	01:03:36.264	0.83189				2
2025.02.10	01:03:36.579	0.83187				2
2025.02.10	01:03:39.501	0.83189				2
2025.02.10	01:03:40.197	0.83190				2
2025.02.10	01:03:40.550	0.83191				2
2025.02.10	01:03:40.852	0.83189	0.83206			6
2025.02.10	01:03:41.189	0.83192	0.83212			6
2025.02.10	01:03:41.506	0.83191	0.83208			6
2025.02.10	01:03:41.835	0.83192				2
2025.02.10	01:03:42.144	0.83190				2
2025.02.10	01:03:42.449	0.83189				2
2025.02.10	01:03:43.308	0.83188				2
2025.02.10	01:03:46.400	0.83193				2
2025.02.10	01:03:46.824	0.83199	0.83213			6
2025.02.10	01:03:47.442	0.83200				2
2025.02.10	01:03:48.364	0.83199				2
2025.02.10	01:03:48.682	0.83202	0.83219			6
2025.02.10	01:03:49.123	0.83203				2
2025.02.10	01:03:50.151		0.83220			4
2025.02.10	01:03:50.546	0.83199	0.83218			6
2025.02.10	01:03:51.056	0.83201	0.83219			6
2025.02.10	01:03:51.766		0.83218			4
2025.02.10	01:03:52.089		0.83216			4
2025.02.10	01:03:52.464	0.83200	0.83214			6
2025.02.10	01:03:53.211	0.83199	0.83216			6
2025.02.10	01:03:53.521		0.83215			4
2025.02.10	01:03:54.719	0.83201	0.83217			6
2025.02.10	01:03:55.043	0.83200				2
2025.02.10	01:03:55.404	0.83201				2
2025.02.10	01:03:56.710	0.83202				2
2025.02.10	01:03:57.043	0.83198	0.83213			6
2025.02.10	01:03:57.344	0.83199				2
2025.02.10	01:03:59.049	0.83203	0.83216			6
2025.02.10	01:03:59.363		0.83221			4
2025.02.10	01:03:59.681	0.83202	0.83220			6
2025.02.10	01:03:59.993	0.83203				2
2025.02.10	01:04:00.425	0.83202	0.83218			6
2025.02.10	01:04:00.738	0.83200	0.83217			6
2025.02.10	01:04:01.101	0.83199				2
2025.02.10	01:04:01.416	0.83201	0.83218			6
2025.02.10	01:04:02.093	0.83200				2
2025.02.10	01:04:02.741	0.83202				2
2025.02.10	01:04:03.364	0.83201				2
2025.02.10	01:04:06.684	0.83200				2
2025.02.10	01:04:07.005	0.83198				2
2025.02.10	01:04:07.308	0.83199				2
2025.02.10	01:04:07.939	0.83198				2
2025.02.10	01:04:08.267	0.83199				2
2025.02.10	01:04:08.985	0.83200				2
2025.02.10	01:04:09.301	0.83199				2
2025.02.10	01:04:10.504	0.83198				2
2025.02.10	01:04:12.867	0.83199				2
2025.02.10	01:04:13.409	0.83198				2
2025.02.10	01:04:13.817	0.83197				2
2025.02.10	01:04:14.121	0.83198				2
2025.02.10	01:04:14.784	0.83199				2
2025.02.10	01:04:15.602	0.83196				2
2025.02.10	01:04:15.925	0.83199				2
2025.02.10	01:04:16.267	0.83200				2
2025.02.10	01:04:17.059	0.83199				2
2025.02.10	01:04:17.373	0.83200				2
2025.02.10	01:04:17.686		0.83220			4
2025.02.10	01:04:18.366	0.83197	0.83219			6
2025.02.10	01:04:18.751	0.83200				2
2025.02.10	01:04:19.085		0.83225			4
2025.02.10	01:04:19.423	0.83202	0.83220			6
2025.02.10	01:04:19.751	0.83200				2
2025.02.10	01:04:20.076	0.83202				2
2025.02.10	01:04:20.396	0.83200				2
2025.02.10	01:04:21.411	0.83201				2
2025.02.10	01:04:21.859	0.83202	0.83219			6
2025.02.10	01:04:22.177	0.83201				2
2025.02.10	01:04:22.577	0.83199				2
2025.02.10	01:04:22.890	0.83200				2
2025.02.10	01:04:23.265	0.83198				2
2025.02.10	01:04:23.688	0.83200	0.83221			6
2025.02.10	01:04:24.005	0.83203	0.83222			6
2025.02.10	01:04:24.328	0.83198				2
2025.02.10	01:04:24.644	0.83200				2
2025.02.10	01:04:25.004	0.83201				2
2025.02.10	01:04:26.195	0.83199	0.83220			6
2025.02.10	01:04:26.505	0.83197	0.83222			6
2025.02.10	01:04:26.826	0.83198				2
2025.02.10	01:04:27.501	0.83197				2
2025.02.10	01:04:27.806	0.83202				2
2025.02.10	01:04:28.185	0.83188	0.83211			6
2025.02.10	01:04:28.505		0.83209			4
2025.02.10	01:04:28.819	0.83187	0.83208			6
2025.02.10	01:04:29.123	0.83191	0.83211			6
2025.02.10	01:04:29.901	0.83193				2
2025.02.10	01:04:30.410	0.83194				2
2025.02.10	01:04:30.964	0.83193				2
2025.02.10	01:04:31.781	0.83191				2
2025.02.10	01:04:33.332	0.83187	0.83206			6
2025.02.10	01:04:34.001	0.83186				2
2025.02.10	01:04:36.560	0.83187				2
2025.02.10	01:04:38.662	0.83191	0.83210			6
2025.02.10	01:04:40.198	0.83192	0.83211			6
2025.02.10	01:04:40.520	0.83197	0.83216			6
2025.02.10	01:04:40.821	0.83198				2
2025.02.10	01:04:42.557	0.83200				2
2025.02.10	01:04:44.351	0.83199	0.83218			6
2025.02.10	01:04:44.708		0.83217			4
2025.02.10	01:04:46.101		0.83218			4
2025.02.10	01:04:47.400		0.83217			4
2025.02.10	01:04:47.704		0.83218			4
2025.02.10	01:04:48.011		0.83217			4
2025.02.10	01:04:50.199	0.83202	0.83219			6
2025.02.10	01:04:50.599	0.83200	0.83218			6
2025.02.10	01:04:52.290	0.83199				2
2025.02.10	01:04:53.998		0.83217			4
2025.02.10	01:04:58.551	0.83212	0.83214			6
2025.02.10	01:04:59.785	0.83213	0.83215			6
2025.02.10	01:05:00.089	0.83213				2
2025.02.10	01:05:00.391	0.83205	0.83222			6
2025.02.10	01:05:02.579	0.83206				2
2025.02.10	01:05:03.196	0.83204				2
2025.02.10	01:05:04.181	0.83208	0.83223			6
2025.02.10	01:05:04.483		0.83225			4
2025.02.10	01:05:04.958	0.83207				2
2025.02.10	01:05:05.274	0.83205	0.83223			6
2025.02.10	01:05:06.432	0.83206	0.83222			6
2025.02.10	01:05:08.371	0.83204	0.83220			6
2025.02.10	01:05:09.369	0.83203	0.83219			6
2025.02.10	01:05:12.481	0.83204	0.83220			6
2025.02.10	01:05:14.343	0.83206				2
2025.02.10	01:05:14.673		0.83222			4
2025.02.10	01:05:15.293	0.83204				2
2025.02.10	01:05:15.602		0.83221			4
2025.02.10	01:05:18.928	0.83203				2
2025.02.10	01:05:20.803		0.83220			4
2025.02.10	01:05:25.374	0.83202				2
2025.02.10	01:05:31.611	0.83203	0.83219			6
2025.02.10	01:05:31.924	0.83200	0.83217			6
2025.02.10	01:05:32.268		0.83216			4
2025.02.10	01:05:33.598	0.83201				2
2025.02.10	01:05:34.522	0.83203	0.83219			6
2025.02.10	01:05:35.482	0.83202	0.83217			6
2025.02.10	01:05:35.783	0.83201				2
2025.02.10	01:05:38.258	0.83198	0.83213			6
2025.02.10	01:05:39.369	0.83197				2
2025.02.10	01:05:39.961	0.83198				2
2025.02.10	01:05:40.370	0.83197	0.83212			6
2025.02.10	01:05:42.388	0.83195				2
2025.02.10	01:05:49.278	0.83194				2
2025.02.10	01:05:49.666		0.83211			4
2025.02.10	01:05:49.983		0.83210			4
2025.02.10	01:05:50.947	0.83192	0.83208			6
2025.02.10	01:05:58.175	0.83193				2
2025.02.10	01:06:00.353	0.83193				2
2025.02.10	01:06:01.666	0.83194	0.83209			6
2025.02.10	01:06:02.027	0.83193				2
2025.02.10	01:06:04.799	0.83194	0.83210			6
2025.02.10	01:06:05.106	0.83198	0.83213			6
2025.02.10	01:06:06.491	0.83197				2
2025.02.10	01:06:13.007	0.83198				2
2025.02.10	01:06:17.099		0.83214			4
2025.02.10	01:06:19.582	0.83199				2
2025.02.10	01:06:20.374	0.83197	0.83212			6
2025.02.10	01:06:20.701	0.83201	0.83215			6
2025.02.10	01:06:21.456	0.83200				2
2025.02.10	01:06:24.244	0.83201				2
2025.02.10	01:06:24.897		0.83216			4
2025.02.10	01:06:27.411	0.83199				2
2025.02.10	01:06:28.092	0.83201				2
2025.02.10	01:06:28.493	0.83200				2
2025.02.10	01:06:28.870	0.83204	0.83218			6
2025.02.10	01:06:33.222	0.83202				2
2025.02.10	01:06:34.047	0.83204				2
2025.02.10	01:06:38.164	0.83210	0.83212			6
2025.02.10	01:06:39.983	0.83204	0.83218			6
2025.02.10	01:06:40.498	0.83198	0.83213			6
2025.02.10	01:06:41.618		0.83212			4
2025.02.10	01:06:43.152	0.83191	0.83205			6
2025.02.10	01:06:45.406	0.83193	0.83208			6
2025.02.10	01:06:46.108	0.83194				2
2025.02.10	01:06:48.448	0.83195				2
2025.02.10	01:06:48.766	0.83196	0.83210			6
2025.02.10	01:07:00.748	0.83196	0.83205			6
2025.02.10	01:07:10.335	0.83200				2
2025.02.10	01:07:15.623	0.83203	0.83208			6
2025.02.10	01:07:16.184	0.83204	0.83209			6
2025.02.10	01:07:17.370	0.83203	0.83208			6
2025.02.10	01:07:17.876	0.83204	0.83209			6
2025.02.10	01:07:21.302	0.83202	0.83207			6
2025.02.10	01:07:21.635	0.83203	0.83208			6
2025.02.10	01:07:22.258	0.83202	0.83207			6
2025.02.10	01:07:22.575	0.83203	0.83208			6
2025.02.10	01:07:23.404	0.83204	0.83209			6
2025.02.10	01:07:24.942	0.83206	0.83211			6
2025.02.10	01:07:26.200	0.83205	0.83210			6
2025.02.10	01:07:26.507	0.83206	0.83211			6
2025.02.10	01:07:26.909	0.83198	0.83203			6
2025.02.10	01:07:29.957	0.83199	0.83204			6
2025.02.10	01:07:33.760	0.83198	0.83203			6
2025.02.10	01:07:47.728	0.83206	0.83211			6
2025.02.10	01:07:51.450	0.83208	0.83213			6
2025.02.10	01:08:00.596	0.83208				2
2025.02.10	01:08:03.816	0.83205	0.83210			6
2025.02.10	01:08:05.296	0.83210	0.83215			6
2025.02.10	01:08:05.601	0.83211	0.83217			6
2025.02.10	01:08:06.320	0.83210	0.83216			6
2025.02.10	01:08:34.281	0.83214	0.83220			6
2025.02.10	01:08:34.766	0.83207	0.83213			6
2025.02.10	01:08:35.447		0.83212			4
2025.02.10	01:08:35.875		0.83213			4
2025.02.10	01:08:36.177		0.83212			4
2025.02.10	01:08:38.821	0.83206	0.83211			6
2025.02.10	01:08:41.512	0.83208	0.83216			6
2025.02.10	01:08:43.497		0.83217			4
2025.02.10	01:08:48.257		0.83214			4
2025.02.10	01:08:54.439	0.83207	0.83213			6
2025.02.10	01:08:56.804	0.83208	0.83214			6
2025.02.10	01:09:00.355	0.83208				2
2025.02.10	01:09:05.175	0.83210	0.83216			6
2025.02.10	01:09:08.611		0.83214			4
2025.02.10	01:09:10.913	0.83205	0.83211			6
2025.02.10	01:09:16.959	0.83209	0.83214			6
2025.02.10	01:09:18.124	0.83207	0.83213			6
2025.02.10	01:09:18.715	0.83208	0.83214			6
2025.02.10	01:09:19.409	0.83207	0.83213			6
2025.02.10	01:09:20.347	0.83208	0.83214			6
2025.02.10	01:09:32.353	0.83206	0.83212			6
2025.02.10	01:09:33.598	0.83207	0.83211			6
2025.02.10	01:09:34.898	0.83208	0.83212			6
2025.02.10	01:09:35.899	0.83207	0.83211			6
2025.02.10	01:09:38.022	0.83208	0.83212			6
2025.02.10	01:09:38.354	0.83207	0.83211			6
2025.02.10	01:09:41.645	0.83208	0.83212			6
2025.02.10	01:09:42.057	0.83207	0.83211			6
2025.02.10	01:09:52.585	0.83203	0.83207			6
2025.02.10	01:09:52.904	0.83206	0.83210			6
2025.02.10	01:10:00.360	0.83206				2
2025.02.10	01:10:05.330	0.83201	0.83205			6
2025.02.10	01:10:05.997	0.83199	0.83203			6
2025.02.10	01:10:06.304	0.83198	0.83202			6
2025.02.10	01:10:06.651	0.83199	0.83203			6
2025.02.10	01:10:07.798	0.83198	0.83202			6
2025.02.10	01:10:10.064	0.83199	0.83203			6
2025.02.10	01:10:10.527	0.83201	0.83205			6
2025.02.10	01:10:11.164	0.83199	0.83203			6
2025.02.10	01:10:11.906	0.83198	0.83202			6
2025.02.10	01:10:12.221	0.83197	0.83201			6
2025.02.10	01:10:18.348	0.83196	0.83200			6
2025.02.10	01:10:24.028	0.83197	0.83201			6
2025.02.10	01:10:24.704	0.83198	0.83202			6
2025.02.10	01:10:25.414	0.83197	0.83201			6
2025.02.10	01:10:25.817	0.83198	0.83202			6
2025.02.10	01:10:35.421	0.83199	0.83203			6
2025.02.10	01:10:35.723	0.83202	0.83206			6
2025.02.10	01:10:36.080	0.83201	0.83205			6
2025.02.10	01:10:38.613	0.83195	0.83199			6
2025.02.10	01:10:46.125	0.83196	0.83200			6
2025.02.10	01:10:46.444	0.83195	0.83199			6
2025.02.10	01:10:48.552	0.83198	0.83202			6
2025.02.10	01:10:52.840	0.83199	0.83203			6
2025.02.10	01:10:57.009	0.83198	0.83202			6
2025.02.10	01:10:57.954	0.83199	0.83203			6
2025.02.10	01:10:59.034	0.83201	0.83205			6
2025.02.10	01:10:59.345	0.83200	0.83204			6
2025.02.10	01:10:59.650	0.83199	0.83203			6
2025.02.10	01:11:00.341	0.83198	0.83202			6
2025.02.10	01:11:03.602	0.83197	0.83201			6
2025.02.10	01:11:04.839	0.83196	0.83200			6
2025.02.10	01:11:05.177	0.83197	0.83201			6
2025.02.10	01:11:06.299	0.83192	0.83199			6
2025.02.10	01:11:07.182	0.83193				2
2025.02.10	01:11:08.371	0.83192				2
2025.02.10	01:11:08.984	0.83193	0.83200			6
2025.02.10	01:11:09.287		0.83202			4
2025.02.10	01:11:14.457	0.83194	0.83204			6
2025.02.10	01:11:16.801	0.83195				2
2025.02.10	01:11:17.571		0.83203			4
2025.02.10	01:11:18.004	0.83194	0.83204			6
2025.02.10	01:11:22.043	0.83193	0.83203			6
2025.02.10	01:11:23.142		0.83200			4
2025.02.10	01:11:23.816		0.83199			4
2025.02.10	01:11:24.648		0.83201			4
2025.02.10	01:11:27.604		0.83199			4
2025.02.10	01:11:27.941	0.83192				2
2025.02.10	01:11:28.712	0.83193				2
2025.02.10	01:11:30.510		0.83198			4
2025.02.10	01:11:31.380		0.83199			4
2025.02.10	01:11:42.757	0.83188	0.83195			6
2025.02.10	01:11:43.370		0.83193			4
2025.02.10	01:11:43.795		0.83194			4
2025.02.10	01:11:48.146	0.83190	0.83196			6
2025.02.10	01:11:48.904	0.83189				2
2025.02.10	01:11:52.547	0.83187	0.83193			6
2025.02.10	01:11:54.062	0.83189				2
2025.02.10	01:11:54.365	0.83185	0.83191			6
2025.02.10	01:11:56.344	0.83184				2
2025.02.10	01:11:56.938	0.83185	0.83192			6
2025.02.10	01:11:59.521	0.83189	0.83193			6
2025.02.10	01:11:59.826	0.83187	0.83190			6
2025.02.10	01:12:00.361	0.83186	0.83189			6
2025.02.10	01:12:01.675	0.83188	0.83192			6
2025.02.10	01:12:03.230		0.83193			4
2025.02.10	01:12:03.571	0.83185	0.83190			6
2025.02.10	01:12:04.544		0.83189			4
2025.02.10	01:12:05.216	0.83188	0.83192			6
2025.02.10	01:12:05.524	0.83191	0.83194			6
2025.02.10	01:12:05.841	0.83189				2
2025.02.10	01:12:06.162	0.83187				2
2025.02.10	01:12:07.118		0.83193			4
2025.02.10	01:12:09.573		0.83194			4
2025.02.10	01:12:11.809	0.83188				2
2025.02.10	01:12:16.719		0.83193			4
2025.02.10	01:12:17.099		0.83195			4
2025.02.10	01:12:18.705	0.83189				2
2025.02.10	01:12:19.315	0.83188				2
2025.02.10	01:12:20.818		0.83196			4
2025.02.10	01:12:22.097	0.83189				2
2025.02.10	01:12:22.532	0.83188				2
2025.02.10	01:12:27.103	0.83189				2
2025.02.10	01:12:27.898	0.83190				2
2025.02.10	01:12:28.883	0.83192	0.83198			6
2025.02.10	01:12:29.644		0.83199			4
2025.02.10	01:12:32.004	0.83191	0.83198			6
2025.02.10	01:12:35.665	0.83192	0.83199			6
2025.02.10	01:12:40.951		0.83200			4
2025.02.10	01:12:43.461		0.83199			4
2025.02.10	01:12:45.431		0.83200			4
2025.02.10	01:12:46.313	0.83194				2
2025.02.10	01:12:47.995	0.83193				2
2025.02.10	01:12:48.361	0.83192				2
2025.02.10	01:12:48.666		0.83199			4
2025.02.10	01:12:49.873	0.83194	0.83200			6
2025.02.10	01:12:50.826		0.83201			4
2025.02.10	01:12:51.173	0.83196	0.83202			6
2025.02.10	01:12:51.552	0.83195	0.83201			6
2025.02.10	01:12:54.806	0.83196				2
2025.02.10	01:12:55.124		0.83203			4
2025.02.10	01:12:55.816	0.83194				2
2025.02.10	01:12:56.122	0.83193	0.83202			6
2025.02.10	01:12:59.546	0.83194				2
2025.02.10	01:12:59.869	0.83197	0.83203			6
2025.02.10	01:13:00.218	0.83192	0.83200			6
2025.02.10	01:13:00.529		0.83199			4
2025.02.10	01:13:01.817	0.83195	0.83201			6
2025.02.10	01:13:02.134	0.83196	0.83202			6
2025.02.10	01:13:03.948		0.83203			4
2025.02.10	01:13:05.277	0.83194	0.83201			6
2025.02.10	01:13:05.582		0.83199			4
2025.02.10	01:13:06.301		0.83198			4
2025.02.10	01:13:10.632	0.83191	0.83196			6
2025.02.10	01:13:10.947	0.83189	0.83197			6
2025.02.10	01:13:14.988	0.83188	0.83196			6
2025.02.10	01:13:16.126	0.83190				2
2025.02.10	01:13:17.399		0.83194			4
2025.02.10	01:13:18.000		0.83195			4
2025.02.10	01:13:19.886		0.83198			4
2025.02.10	01:13:20.636		0.83194			4
2025.02.10	01:13:25.374		0.83195			4
2025.02.10	01:13:28.656	0.83188				2
2025.02.10	01:13:38.038	0.83193	0.83200			6
2025.02.10	01:13:38.412	0.83195	0.83201			6
2025.02.10	01:13:39.006		0.83200			4
2025.02.10	01:13:42.301	0.83194				2
2025.02.10	01:13:42.705	0.83193				2
2025.02.10	01:13:43.624		0.83199			4
2025.02.10	01:13:44.043	0.83192	0.83198			6
2025.02.10	01:13:45.447	0.83193				2
2025.02.10	01:13:45.761	0.83192	0.83197			6
2025.02.10	01:13:46.172		0.83198			4
2025.02.10	01:13:56.172	0.83193				2
2025.02.10	01:14:00.580	0.83193	0.83199			6
2025.02.10	01:14:03.265	0.83192				2
2025.02.10	01:14:03.572	0.83193				2
2025.02.10	01:14:04.523	0.83192				2
2025.02.10	01:14:04.841	0.83193				2
2025.02.10	01:14:05.535		0.83198			4
2025.02.10	01:14:06.492		0.83197			4
2025.02.10	01:14:08.337	0.83185	0.83190			6
2025.02.10	01:14:08.643	0.83183	0.83188			6
2025.02.10	01:14:08.978	0.83184	0.83189			6
2025.02.10	01:14:11.101	0.83187	0.83192			6
2025.02.10	01:14:12.640	0.83185				2
2025.02.10	01:14:13.625		0.83190			4
2025.02.10	01:14:13.949	0.83189	0.83192			6
2025.02.10	01:14:14.266	0.83190	0.83196			6
2025.02.10	01:14:15.158	0.83191				2
2025.02.10	01:14:16.174	0.83192				2
2025.02.10	01:14:17.699		0.83195			4
2025.02.10	01:14:18.004	0.83189				2
2025.02.10	01:14:18.324	0.83188	0.83196			6
2025.02.10	01:14:19.085	0.83189	0.83197			6
2025.02.10	01:14:19.461	0.83190				2
2025.02.10	01:14:19.763	0.83189				2
2025.02.10	01:14:20.967	0.83190	0.83198			6
2025.02.10	01:14:22.011	0.83191				2
2025.02.10	01:14:26.137	0.83190	0.83195			6
2025.02.10	01:14:27.091	0.83191	0.83198			6
2025.02.10	01:14:28.054	0.83192				2
2025.02.10	01:14:28.698	0.83193	0.83200			6
2025.02.10	01:14:29.581	0.83192				2
2025.02.10	01:14:29.884	0.83194	0.83202			6
2025.02.10	01:14:31.106	0.83195	0.83201			6
2025.02.10	01:14:31.426	0.83193				2
2025.02.10	01:14:33.875	0.83195	0.83202			6
2025.02.10	01:14:36.112		0.83203			4
2025.02.10	01:14:37.935	0.83197	0.83204			6
2025.02.10	01:14:41.097	0.83196	0.83203			6
2025.02.10	01:14:41.401		0.83204			4
2025.02.10	01:14:42.901	0.83195				2
2025.02.10	01:14:43.641		0.83203			4
2025.02.10	01:14:47.118	0.83194				2
2025.02.10	01:14:53.728		0.83202			4
2025.02.10	01:14:58.283	0.83193				2
2025.02.10	01:15:00.317	0.83193				2
2025.02.10	01:15:01.669	0.83194	0.83201			6
2025.02.10	01:15:02.703		0.83203			4
2025.02.10	01:15:05.016	0.83195				2
2025.02.10	01:15:05.322		0.83202			4
2025.02.10	01:15:06.019	0.83194	0.83203			6
2025.02.10	01:15:08.536	0.83195	0.83204			6
2025.02.10	01:15:13.336	0.83200	0.83206			6
2025.02.10	01:15:13.807		0.83207			4
2025.02.10	01:15:17.177	0.83201	0.83208			6
2025.02.10	01:15:17.877	0.83200	0.83207			6
2025.02.10	01:15:18.584	0.83201	0.83208			6
2025.02.10	01:15:18.889	0.83200				2
2025.02.10	01:15:21.270		0.83207			4
2025.02.10	01:15:26.858	0.83198	0.83206			6
2025.02.10	01:15:27.161		0.83205			4
2025.02.10	01:15:27.679		0.83206			4
2025.02.10	01:15:28.227	0.83197				2
2025.02.10	01:15:28.683	0.83198				2
2025.02.10	01:15:30.051	0.83199				2
2025.02.10	01:15:30.738	0.83200				2
2025.02.10	01:15:31.736	0.83201	0.83207			6
2025.02.10	01:15:34.774	0.83200				2
2025.02.10	01:15:35.085	0.83205	0.83210			6
2025.02.10	01:15:35.795		0.83211			4
2025.02.10	01:15:37.240	0.83203	0.83210			6
2025.02.10	01:15:45.241	0.83201	0.83209			6
2025.02.10	01:15:45.618	0.83205	0.83210			6
2025.02.10	01:15:45.923	0.83207	0.83213			6
2025.02.10	01:15:46.462	0.83208				2
2025.02.10	01:15:46.784	0.83209	0.83215			6
2025.02.10	01:15:47.093	0.83208	0.83214			6
2025.02.10	01:15:49.599		0.83215			4
2025.02.10	01:15:49.904	0.83209				2
2025.02.10	01:15:52.237	0.83207	0.83212			6
2025.02.10	01:15:52.664	0.83206				2
2025.02.10	01:15:53.445	0.83202	0.83209			6
2025.02.10	01:15:53.788	0.83204				2
2025.02.10	01:15:54.102		0.83210			4
2025.02.10	01:15:55.018	0.83205	0.83211			6
2025.02.10	01:15:55.326	0.83203	0.83210			6
2025.02.10	01:16:00.533	0.83203	0.83211			6
2025.02.10	01:16:00.977		0.83210			4
2025.02.10	01:16:01.292		0.83211			4
2025.02.10	01:16:06.215		0.83210			4
2025.02.10	01:16:11.297	0.83201	0.83206			6
2025.02.10	01:16:11.605	0.83199	0.83205			6
2025.02.10	01:16:13.715		0.83206			4
2025.02.10	01:16:14.023	0.83200	0.83205			6
2025.02.10	01:16:17.098		0.83207			4
2025.02.10	01:16:22.345		0.83205			4
2025.02.10	01:16:22.654		0.83206			4
2025.02.10	01:16:26.684	0.83199				2
2025.02.10	01:16:27.110		0.83205			4
2025.02.10	01:16:27.426		0.83204			4
2025.02.10	01:16:29.166	0.83200				2
2025.02.10	01:16:37.100	0.83198	0.83203			6
2025.02.10	01:16:37.403		0.83204			4
2025.02.10	01:16:38.901		0.83205			4
2025.02.10	01:16:39.698		0.83204			4
2025.02.10	01:16:40.054	0.83199	0.83205			6
2025.02.10	01:16:40.734	0.83200	0.83207			6
2025.02.10	01:16:41.801	0.83201	0.83206			6
2025.02.10	01:16:42.157	0.83200	0.83205			6
2025.02.10	01:16:48.656	0.83203	0.83208			6
2025.02.10	01:16:50.357	0.83204				2
2025.02.10	01:16:58.356		0.83209			4
2025.02.10	01:17:00.598	0.83204				2
2025.02.10	01:17:14.754	0.83205				2
2025.02.10	01:17:15.958	0.83204				2
2025.02.10	01:17:18.538	0.83205				2
2025.02.10	01:17:20.397	0.83204				2
2025.02.10	01:17:21.902	0.83205				2
2025.02.10	01:17:23.097	0.83204				2
2025.02.10	01:17:24.932	0.83205				2
2025.02.10	01:17:26.102	0.83204				2
2025.02.10	01:17:32.141	0.83205	0.83211			6
2025.02.10	01:17:32.452	0.83206				2
2025.02.10	01:17:32.830	0.83204	0.83208			6
2025.02.10	01:17:40.613	0.83202	0.83207			6
2025.02.10	01:17:41.603	0.83201				2
2025.02.10	01:17:41.958		0.83206			4
2025.02.10	01:17:42.277		0.83205			4
2025.02.10	01:17:42.598		0.83206			4
2025.02.10	01:17:42.904		0.83207			4
2025.02.10	01:17:43.621		0.83206			4
2025.02.10	01:17:44.019		0.83207			4
2025.02.10	01:17:51.077		0.83206			4
2025.02.10	01:17:51.398	0.83200				2
2025.02.10	01:17:51.755	0.83201				2
2025.02.10	01:17:56.126	0.83200				2
2025.02.10	01:18:00.352	0.83200				2
2025.02.10	01:18:02.943	0.83201				2
2025.02.10	01:18:04.403	0.83200	0.83205			6
2025.02.10	01:18:04.802		0.83206			4
2025.02.10	01:18:05.727		0.83205			4
2025.02.10	01:18:06.341	0.83199				2
2025.02.10	01:18:06.977		0.83206			4
2025.02.10	01:18:07.452	0.83201				2
2025.02.10	01:18:07.937	0.83200	0.83205			6
2025.02.10	01:18:08.247		0.83206			4
2025.02.10	01:18:08.998	0.83201				2
2025.02.10	01:18:10.197	0.83200	0.83205			6
2025.02.10	01:18:10.516	0.83201				2
2025.02.10	01:18:10.844	0.83200				2
2025.02.10	01:18:14.344	0.83198	0.83203			6
2025.02.10	01:18:14.703		0.83204			4
2025.02.10	01:18:15.041		0.83203			4
2025.02.10	01:18:15.764	0.83199				2
2025.02.10	01:18:16.673		0.83202			4
2025.02.10	01:18:17.234		0.83204			4
2025.02.10	01:18:18.349	0.83200				2
2025.02.10	01:18:20.500	0.83202	0.83205			6
2025.02.10	01:18:20.821		0.83206			4
2025.02.10	01:18:21.217	0.83200	0.83205			6
2025.02.10	01:18:28.188	0.83201				2
2025.02.10	01:18:28.666		0.83206			4
2025.02.10	01:18:29.751	0.83200				2
2025.02.10	01:18:30.073	0.83201	0.83207			6
2025.02.10	01:18:32.191	0.83202				2
2025.02.10	01:18:33.300	0.83201				2
2025.02.10	01:18:41.168	0.83198	0.83203			6
2025.02.10	01:18:42.372	0.83197	0.83204			6
2025.02.10	01:18:42.673		0.83202			4
2025.02.10	01:18:42.983	0.83196				2
2025.02.10	01:18:43.826	0.83199	0.83205			6
2025.02.10	01:18:44.535		0.83204			4
2025.02.10	01:18:44.868		0.83205			4
2025.02.10	01:18:48.477	0.83198				2
2025.02.10	01:18:49.355		0.83204			4
2025.02.10	01:18:50.259		0.83205			4
2025.02.10	01:18:51.247		0.83204			4
2025.02.10	01:18:53.459	0.83199				2
2025.02.10	01:18:54.803	0.83198				2
2025.02.10	01:18:57.121	0.83199				2
2025.02.10	01:18:57.811		0.83205			4
2025.02.10	01:18:58.351	0.83198				2
2025.02.10	01:18:59.008	0.83199	0.83204			6
2025.02.10	01:19:00.037	0.83198	0.83203			6
2025.02.10	01:19:00.985		0.83204			4
2025.02.10	01:19:13.608		0.83203			4
2025.02.10	01:19:14.148		0.83205			4
2025.02.10	01:19:14.466	0.83196	0.83202			6
2025.02.10	01:19:15.770	0.83195				2
2025.02.10	01:19:16.348		0.83201			4
2025.02.10	01:19:17.288	0.83196	0.83202			6
2025.02.10	01:19:33.234	0.83195	0.83201			6
2025.02.10	01:19:40.108		0.83202			4
2025.02.10	01:19:43.095		0.83201			4
2025.02.10	01:19:49.679	0.83196				2
2025.02.10	01:19:52.144	0.83195	0.83199			6
2025.02.10	01:19:52.447	0.83194	0.83201			6
2025.02.10	01:19:55.863	0.83195				2
2025.02.10	01:20:00.260	0.83195	0.83202			6
2025.02.10	01:20:02.173	0.83196				2
2025.02.10	01:20:03.181	0.83195				2
2025.02.10	01:20:03.489		0.83201			4
2025.02.10	01:20:06.599	0.83194				2
2025.02.10	01:20:09.014	0.83193				2
2025.02.10	01:20:10.068		0.83200			4
2025.02.10	01:20:11.307		0.83201			4
2025.02.10	01:20:11.655		0.83200			4
2025.02.10	01:20:13.773	0.83194				2
2025.02.10	01:20:14.317		0.83201			4
2025.02.10	01:20:29.093	0.83195				2
2025.02.10	01:20:29.404	0.83197	0.83203			6
2025.02.10	01:20:29.712		0.83204			4
2025.02.10	01:20:31.597		0.83201			4
2025.02.10	01:20:31.905	0.83196	0.83202			6
2025.02.10	01:20:34.312	0.83197	0.83204			6
2025.02.10	01:20:36.272	0.83196	0.83202			6
2025.02.10	01:20:40.789		0.83201			4
2025.02.10	01:20:42.299		0.83202			4
2025.02.10	01:20:43.502	0.83195				2
2025.02.10	01:20:46.621	0.83196				2
2025.02.10	01:20:47.140	0.83197	0.83204			6
2025.02.10	01:20:49.328	0.83196				2
2025.02.10	01:20:52.691	0.83195	0.83200			6
2025.02.10	01:20:55.498	0.83196				2
2025.02.10	01:20:57.062	0.83195				2
2025.02.10	01:20:59.797	0.83196				2
2025.02.10	01:21:00.509	0.83196				2
2025.02.10	01:21:01.217	0.83194	0.83198			6
2025.02.10	01:21:01.525	0.83192	0.83199			6
2025.02.10	01:21:02.149	0.83187	0.83194			6
2025.02.10	01:21:02.462	0.83189	0.83197			6
2025.02.10	01:21:02.778	0.83191	0.83198			6
2025.02.10	01:21:04.439	0.83192				2
2025.02.10	01:21:05.289		0.83197			4
2025.02.10	01:21:05.637	0.83191				2
2025.02.10	01:21:09.155	0.83192				2
2025.02.10	01:21:10.545	0.83191				2
2025.02.10	01:21:14.987	0.83192				2
2025.02.10	01:21:16.279	0.83191				2
2025.02.10	01:21:23.631	0.83192				2
2025.02.10	01:21:28.286	0.83191	0.83196			6
2025.02.10	01:21:31.198	0.83190	0.83197			6
2025.02.10	01:21:32.981		0.83196			4
2025.02.10	01:21:42.590	0.83191	0.83197			6
2025.02.10	01:21:43.547		0.83198			4
2025.02.10	01:21:46.248		0.83197			4
2025.02.10	01:21:52.516	0.83190	0.83198			6
2025.02.10	01:21:54.495		0.83196			4
2025.02.10	01:21:55.029		0.83197			4
2025.02.10	01:21:56.950	0.83194	0.83200			6
2025.02.10	01:21:58.046	0.83192	0.83199			6
2025.02.10	01:21:58.497	0.83193				2
2025.02.10	01:22:00.146	0.83193				2
2025.02.10	01:22:02.700	0.83194				2
2025.02.10	01:22:12.406	0.83193				2
2025.02.10	01:22:14.400	0.83194				2
2025.02.10	01:22:16.529	0.83193				2
2025.02.10	01:22:17.548	0.83194				2
2025.02.10	01:22:21.598		0.83200			4
2025.02.10	01:22:28.990	0.83195				2
2025.02.10	01:22:30.683	0.83194				2
2025.02.10	01:22:33.448	0.83195				2
2025.02.10	01:22:40.349	0.83194				2
2025.02.10	01:22:41.783	0.83195				2
2025.02.10	01:22:43.502	0.83194				2
2025.02.10	01:22:44.195	0.83195	0.83201			6
2025.02.10	01:22:44.549	0.83196				2
2025.02.10	01:22:45.297	0.83195				2
2025.02.10	01:22:49.272		0.83202			4
2025.02.10	01:22:50.179	0.83196	0.83201			6
2025.02.10	01:22:50.512		0.83200			4
2025.02.10	01:22:51.298	0.83195	0.83201			6
2025.02.10	01:22:52.212		0.83200			4
2025.02.10	01:22:54.434		0.83201			4
2025.02.10	01:22:55.477		0.83200			4
2025.02.10	01:22:56.453		0.83202			4
2025.02.10	01:22:56.762	0.83196	0.83203			6
2025.02.10	01:22:57.897	0.83195				2
2025.02.10	01:22:58.345	0.83196				2
2025.02.10	01:23:00.260	0.83196				2
2025.02.10	01:23:01.956		0.83202			4
2025.02.10	01:23:06.004	0.83197				2
2025.02.10	01:23:07.744	0.83196				2
2025.02.10	01:23:09.841		0.83203			4
2025.02.10	01:23:23.495	0.83198				2
2025.02.10	01:23:24.049	0.83197	0.83204			6
2025.02.10	01:23:24.886	0.83196	0.83202			6
2025.02.10	01:23:27.332	0.83195				2
2025.02.10	01:23:28.080		0.83201			4
2025.02.10	01:23:30.967	0.83196	0.83202			6
2025.02.10	01:23:33.516	0.83194	0.83201			6
2025.02.10	01:23:33.822		0.83200			4
2025.02.10	01:23:34.129	0.83192	0.83198			6
2025.02.10	01:23:34.454	0.83193				2
2025.02.10	01:23:35.891	0.83194				2
2025.02.10	01:23:39.995	0.83193				2
2025.02.10	01:23:42.998	0.83194				2
2025.02.10	01:23:44.362	0.83193				2
2025.02.10	01:23:44.678	0.83194				2
2025.02.10	01:23:46.902	0.83193				2
2025.02.10	01:23:53.697	0.83191				2
2025.02.10	01:23:54.003		0.83197			4
2025.02.10	01:23:54.743	0.83189	0.83195			6
2025.02.10	01:23:55.295		0.83194			4
2025.02.10	01:23:57.086	0.83190	0.83196			6
2025.02.10	01:24:00.297	0.83190				2
2025.02.10	01:24:19.023	0.83194	0.83200			6
2025.02.10	01:24:19.414	0.83195				2
2025.02.10	01:24:19.770		0.83201			4
2025.02.10	01:24:20.963	0.83194	0.83200			6
2025.02.10	01:24:23.497	0.83195	0.83201			6
2025.02.10	01:24:24.625	0.83196				2
2025.02.10	01:24:26.120		0.83202			4
2025.02.10	01:24:27.657	0.83197				2
2025.02.10	01:24:28.611		0.83203			4
2025.02.10	01:24:30.851	0.83196	0.83201			6
2025.02.10	01:24:32.820	0.83195	0.83202			6
2025.02.10	01:24:34.617	0.83196				2
2025.02.10	01:24:35.063	0.83193	0.83200			6
2025.02.10	01:24:35.545	0.83194				2
2025.02.10	01:24:36.353		0.83199			4
2025.02.10	01:24:38.952		0.83200			4
2025.02.10	01:24:39.320		0.83199			4
2025.02.10	01:24:40.585	0.83193				2
2025.02.10	01:24:41.664	0.83192				2
2025.02.10	01:24:42.815	0.83193				2
2025.02.10	01:24:43.222	0.83192				2
2025.02.10	01:24:44.680		0.83198			4
2025.02.10	01:24:45.984		0.83199			4
2025.02.10	01:24:46.490		0.83198			4
2025.02.10	01:24:46.957		0.83199			4
2025.02.10	01:24:49.390		0.83198			4
2025.02.10	01:24:49.694		0.83199			4
2025.02.10	01:24:50.031	0.83191				2
2025.02.10	01:24:50.415	0.83192	0.83198			6
2025.02.10	01:24:51.459		0.83199			4
2025.02.10	01:24:52.863	0.83193	0.83198			6
2025.02.10	01:24:53.164		0.83199			4
2025.02.10	01:24:53.555		0.83198			4
2025.02.10	01:24:54.298		0.83199			4
2025.02.10	01:24:56.118	0.83192	0.83198			6
2025.02.10	01:24:56.655		0.83199			4
2025.02.10	01:24:58.176	0.83193	0.83198			6
2025.02.10	01:24:58.514		0.83199			4
2025.02.10	01:25:00.303	0.83192				2
2025.02.10	01:25:00.659	0.83193				2
2025.02.10	01:25:01.956	0.83192				2
2025.02.10	01:25:02.768	0.83193				2
2025.02.10	01:25:03.072		0.83198			4
2025.02.10	01:25:04.107	0.83192				2
2025.02.10	01:25:04.870	0.83193				2
2025.02.10	01:25:06.593	0.83192				2
2025.02.10	01:25:08.194	0.83193				2
2025.02.10	01:25:11.742		0.83199			4
2025.02.10	01:25:19.903	0.83192				2
2025.02.10	01:25:20.817	0.83194	0.83200			6
2025.02.10	01:25:21.153		0.83199			4
2025.02.10	01:25:22.203	0.83195	0.83200			6
2025.02.10	01:25:28.975	0.83193	0.83198			6
2025.02.10	01:25:31.527	0.83192				2
2025.02.10	01:25:34.095	0.83193				2
2025.02.10	01:25:34.770	0.83192				2
2025.02.10	01:25:35.097	0.83193				2
2025.02.10	01:25:35.453	0.83191	0.83199			6
2025.02.10	01:25:37.369	0.83192	0.83198			6
2025.02.10	01:25:47.078	0.83193				2
2025.02.10	01:25:49.797	0.83192				2
2025.02.10	01:26:00.359	0.83192				2
2025.02.10	01:26:01.532	0.83193				2
2025.02.10	01:26:06.042	0.83192				2
2025.02.10	01:26:14.701	0.83191				2
2025.02.10	01:26:16.236	0.83192				2
2025.02.10	01:26:16.612	0.83193				2
2025.02.10	01:26:18.626	0.83192				2
2025.02.10	01:26:24.319	0.83193				2
2025.02.10	01:26:25.349	0.83192				2
2025.02.10	01:26:25.910	0.83196	0.83200			6
2025.02.10	01:26:26.249		0.83201			4
2025.02.10	01:26:29.374		0.83202			4
2025.02.10	01:26:37.331		0.83201			4
2025.02.10	01:26:37.651		0.83200			4
2025.02.10	01:26:38.879	0.83194				2
2025.02.10	01:26:39.188	0.83192	0.83198			6
2025.02.10	01:26:42.018	0.83191	0.83197			6
2025.02.10	01:26:42.551		0.83198			4
2025.02.10	01:26:43.376	0.83192				2
2025.02.10	01:26:47.700	0.83191				2
2025.02.10	01:26:50.478	0.83192				2
2025.02.10	01:26:51.201	0.83191	0.83199			6
2025.02.10	01:26:52.487	0.83192				2
2025.02.10	01:26:54.062	0.83191	0.83198			6
2025.02.10	01:26:54.732	0.83192				2
2025.02.10	01:26:56.698	0.83193	0.83199			6
2025.02.10	01:27:00.557	0.83193				2
2025.02.10	01:27:01.196		0.83198			4
2025.02.10	01:27:03.277	0.83192				2
2025.02.10	01:27:04.499	0.83193				2
2025.02.10	01:27:08.736	0.83192				2
2025.02.10	01:27:09.870	0.83193	0.83200			6
2025.02.10	01:27:10.184	0.83195				2
2025.02.10	01:27:23.430		0.83199			4
2025.02.10	01:27:23.997		0.83200			4
2025.02.10	01:27:24.391		0.83199			4
2025.02.10	01:27:26.588	0.83194				2
2025.02.10	01:27:32.904	0.83193				2
2025.02.10	01:27:34.072	0.83194				2
2025.02.10	01:27:36.957	0.83193				2
2025.02.10	01:27:40.071	0.83191	0.83198			6
2025.02.10	01:27:40.692	0.83190	0.83195			6
2025.02.10	01:27:43.371	0.83192	0.83198			6
2025.02.10	01:27:46.390	0.83193				2
2025.02.10	01:27:47.651		0.83199			4
2025.02.10	01:27:48.952		0.83200			4
2025.02.10	01:27:49.256	0.83195	0.83201			6
2025.02.10	01:27:49.700	0.83196				2
2025.02.10	01:27:50.091	0.83195	0.83200			6
2025.02.10	01:27:50.439	0.83196				2
2025.02.10	01:27:50.743	0.83194				2
2025.02.10	01:27:52.009	0.83195				2
2025.02.10	01:27:52.742	0.83194				2
2025.02.10	01:27:54.722		0.83201			4
2025.02.10	01:27:55.026	0.83195	0.83200			6
2025.02.10	01:27:59.370		0.83201			4
2025.02.10	01:27:59.874		0.83200			4
2025.02.10	01:28:00.184	0.83192				2
2025.02.10	01:28:00.487	0.83194				2
2025.02.10	01:28:00.904	0.83192	0.83199			6
2025.02.10	01:28:01.222	0.83193				2
2025.02.10	01:28:08.679	0.83194				2
2025.02.10	01:28:09.395	0.83193				2
2025.02.10	01:28:11.080		0.83198			4
2025.02.10	01:28:11.663	0.83192				2
2025.02.10	01:28:12.058	0.83193	0.83199			6
2025.02.10	01:28:14.555	0.83194				2
2025.02.10	01:28:29.520	0.83191	0.83197			6
2025.02.10	01:28:29.858	0.83189	0.83195			6
2025.02.10	01:28:33.981	0.83190				2
2025.02.10	01:28:56.088	0.83189	0.83194			6
2025.02.10	01:29:00.350	0.83189				2
2025.02.10	01:29:15.354	0.83193	0.83196			6
2025.02.10	01:29:16.332	0.83192				2
2025.02.10	01:29:16.666	0.83191				2
2025.02.10	01:29:26.271	0.83192	0.83195			6
2025.02.10	01:29:34.710	0.83191				2
2025.02.10	01:29:41.531	0.83192				2
2025.02.10	01:29:55.930	0.83191				2
2025.02.10	01:29:57.077	0.83192				2
2025.02.10	01:29:58.763	0.83190				2
2025.02.10	01:30:00.123	0.83192				2
2025.02.10	01:30:00.975	0.83193				2
2025.02.10	01:30:01.893	0.83194	0.83196			6
2025.02.10	01:30:03.715	0.83193	0.83195			6
2025.02.10	01:30:04.021	0.83191	0.83194			6
2025.02.10	01:30:05.241	0.83194	0.83196			6
2025.02.10	01:30:05.647		0.83195			4
2025.02.10	01:30:06.787		0.83196			4
2025.02.10	01:30:07.282		0.83197			4
2025.02.10	01:30:07.736	0.83191				2
2025.02.10	01:30:08.400	0.83192				2
2025.02.10	01:30:08.787	0.83193				2
2025.02.10	01:30:09.982	0.83194	0.83199			6
2025.02.10	01:30:10.286	0.83193	0.83198			6
2025.02.10	01:30:11.313	0.83195	0.83197			6
2025.02.10	01:30:11.623		0.83196			4
2025.02.10	01:30:12.211	0.83194	0.83195			6
2025.02.10	01:30:12.720	0.83195	0.83197			6
2025.02.10	01:30:22.735	0.83194	0.83196			6
2025.02.10	01:30:23.714	0.83196	0.83198			6
2025.02.10	01:30:24.197	0.83195				2
2025.02.10	01:30:25.571	0.83196				2
2025.02.10	01:30:29.135	0.83197	0.83199			6
2025.02.10	01:30:33.009	0.83196	0.83200			6
2025.02.10	01:30:39.977	0.83198				2
2025.02.10	01:30:42.244	0.83199	0.83201			6
2025.02.10	01:30:42.965		0.83200			4
2025.02.10	01:30:50.364	0.83198				2
2025.02.10	01:30:53.893		0.83201			4
2025.02.10	01:30:54.937		0.83202			4
2025.02.10	01:30:59.591	0.83200				2
2025.02.10	01:31:00.215	0.83199				2
2025.02.10	01:31:04.973		0.83203			4
2025.02.10	01:31:05.756	0.83202				2
2025.02.10	01:31:06.065	0.83199				2
2025.02.10	01:31:06.428	0.83197				2
2025.02.10	01:31:09.907	0.83199				2
2025.02.10	01:31:10.432	0.83198	0.83202			6
2025.02.10	01:31:10.772	0.83196				2
2025.02.10	01:31:11.256		0.83201			4
2025.02.10	01:31:15.216	0.83199	0.83203			6
2025.02.10	01:31:15.518	0.83196	0.83202			6
2025.02.10	01:31:16.722		0.83201			4
2025.02.10	01:31:17.022	0.83197	0.83202			6
2025.02.10	01:31:20.816	0.83198	0.83203			6
2025.02.10	01:31:22.118	0.83197				2
2025.02.10	01:31:23.403	0.83196				2
2025.02.10	01:31:26.702	0.83199	0.83204			6
2025.02.10	01:31:28.566		0.83205			4
2025.02.10	01:31:29.441	0.83196	0.83202			6
2025.02.10	01:31:31.082	0.83197	0.83201			6
2025.02.10	01:31:31.403		0.83202			4
2025.02.10	01:31:34.184	0.83199				2
2025.02.10	01:31:39.733	0.83198	0.83203			6
2025.02.10	01:31:40.375	0.83197	0.83202			6
2025.02.10	01:31:47.199		0.83201			4
2025.02.10	01:31:48.422		0.83202			4
2025.02.10	01:31:50.246	0.83198				2
2025.02.10	01:31:51.564		0.83201			4
2025.02.10	01:31:55.259		0.83202			4
2025.02.10	01:31:57.858		0.83201			4
2025.02.10	01:31:59.079		0.83202			4
2025.02.10	01:31:59.936	0.83197	0.83201			6
2025.02.10	01:32:01.486	0.83197				2
2025.02.10	01:32:17.337	0.83199	0.83202			6
2025.02.10	01:32:17.974		0.83204			4
2025.02.10	01:32:18.283	0.83198	0.83202			6
2025.02.10	01:32:18.842		0.83201			4
2025.02.10	01:32:19.303		0.83203			4
2025.02.10	01:32:19.625	0.83197	0.83202			6
2025.02.10	01:32:19.981		0.83201			4
2025.02.10	01:32:32.553	0.83196				2
2025.02.10	01:32:34.823	0.83197				2
2025.02.10	01:32:35.884	0.83198				2
2025.02.10	01:32:36.204		0.83202			4
2025.02.10	01:32:36.553		0.83201			4
2025.02.10	01:32:37.631	0.83195	0.83200			6
2025.02.10	01:32:38.303	0.83197				2
2025.02.10	01:32:38.622	0.83198	0.83201			6
2025.02.10	01:32:42.598	0.83200	0.83203			6
2025.02.10	01:32:43.497	0.83201				2
2025.02.10	01:32:49.358	0.83200				2
2025.02.10	01:32:54.118		0.83202			4
2025.02.10	01:33:00.523	0.83200				2
2025.02.10	01:33:00.847		0.83201			4
2025.02.10	01:33:02.497		0.83202			4
2025.02.10	01:33:06.754	0.83199	0.83201			6
2025.02.10	01:33:07.079	0.83198				2
2025.02.10	01:33:07.382	0.83197	0.83200			6
2025.02.10	01:33:21.209	0.83199				2
2025.02.10	01:33:22.311		0.83201			4
2025.02.10	01:33:23.357	0.83200				2
2025.02.10	01:33:23.725	0.83199				2
2025.02.10	01:33:25.665	0.83200	0.83202			6
2025.02.10	01:33:30.438	0.83199	0.83201			6
2025.02.10	01:33:33.154	0.83197				2
2025.02.10	01:33:34.976	0.83199	0.83202			6
2025.02.10	01:33:36.980	0.83201	0.83204			6
2025.02.10	01:33:37.283	0.83202				2
2025.02.10	01:33:42.171	0.83201				2
2025.02.10	01:33:50.576	0.83200	0.83202			6
2025.02.10	01:33:56.707	0.83202	0.83203			6
2025.02.10	01:34:00.489	0.83200				2
2025.02.10	01:34:00.794		0.83202			4
2025.02.10	01:34:01.501	0.83202	0.83204			6
2025.02.10	01:34:06.635	0.83200	0.83203			6
2025.02.10	01:34:07.222		0.83202			4
2025.02.10	01:34:08.288	0.83203	0.83204			6
2025.02.10	01:34:13.493	0.83200	0.83203			6
2025.02.10	01:34:13.844	0.83202	0.83206			6
2025.02.10	01:34:18.591	0.83204	0.83207			6
2025.02.10	01:34:20.086	0.83203				2
2025.02.10	01:34:20.914	0.83204				2
2025.02.10	01:34:24.567		0.83206			4
2025.02.10	01:34:25.182	0.83200				2
2025.02.10	01:34:28.592	0.83203	0.83207			6
2025.02.10	01:34:30.185	0.83201	0.83205			6
2025.02.10	01:34:31.275		0.83207			4
2025.02.10	01:34:33.244	0.83202				2
2025.02.10	01:34:36.865	0.83199	0.83206			6
2025.02.10	01:34:37.185	0.83202				2
2025.02.10	01:34:38.272	0.83200	0.83207			6
2025.02.10	01:34:38.975		0.83206			4
2025.02.10	01:34:40.413	0.83201				2
2025.02.10	01:34:40.781	0.83200				2
2025.02.10	01:34:42.977	0.83201				2
2025.02.10	01:34:43.301	0.83200				2
2025.02.10	01:34:46.345	0.83201				2
2025.02.10	01:34:48.542	0.83202				2
2025.02.10	01:34:49.102		0.83207			4
2025.02.10	01:34:50.721		0.83206			4
2025.02.10	01:34:51.580		0.83207			4
2025.02.10	01:34:54.383	0.83201	0.83206			6
2025.02.10	01:35:00.289	0.83201				2
2025.02.10	01:35:04.556	0.83200	0.83205			6
2025.02.10	01:35:07.174	0.83201	0.83206			6
2025.02.10	01:35:10.021	0.83203				2
2025.02.10	01:35:10.694	0.83204	0.83209			6
2025.02.10	01:35:12.201	0.83202	0.83207			6
2025.02.10	01:35:12.508	0.83205	0.83208			6
2025.02.10	01:35:17.375		0.83209			4
2025.02.10	01:35:17.785		0.83208			4
2025.02.10	01:35:26.633	0.83203	0.83207			6
2025.02.10	01:35:31.575	0.83204				2
2025.02.10	01:35:33.370	0.83203				2
2025.02.10	01:35:38.471		0.83206			4
2025.02.10	01:35:40.533		0.83205			4
2025.02.10	01:35:41.885	0.83202	0.83206			6
2025.02.10	01:35:44.766		0.83205			4
2025.02.10	01:35:45.297	0.83201				2
2025.02.10	01:35:50.810	0.83203	0.83206			6
2025.02.10	01:35:51.494	0.83202				2
2025.02.10	01:35:53.067	0.83203	0.83207			6
2025.02.10	01:35:58.239		0.83206			4
2025.02.10	01:35:58.587		0.83207			4
2025.02.10	01:36:00.348	0.83203	0.83206			6
2025.02.10	01:36:01.649	0.83201				2
2025.02.10	01:36:02.024		0.83205			4
2025.02.10	01:36:12.302	0.83203				2
2025.02.10	01:36:12.609		0.83206			4
2025.02.10	01:36:14.996	0.83202				2
2025.02.10	01:36:15.296	0.83205	0.83207			6
2025.02.10	01:36:16.663	0.83203				2
2025.02.10	01:36:17.441	0.83204				2
2025.02.10	01:36:17.803		0.83206			4
2025.02.10	01:36:18.541		0.83207			4
2025.02.10	01:36:18.845	0.83205				2
2025.02.10	01:36:19.673		0.83206			4
2025.02.10	01:36:20.348		0.83207			4
2025.02.10	01:36:21.341		0.83206			4
2025.02.10	01:36:28.313	0.83204	0.83207			6
2025.02.10	01:36:28.635		0.83206			4
2025.02.10	01:36:33.180	0.83201				2
2025.02.10	01:36:34.457		0.83205			4
2025.02.10	01:36:38.018	0.83203	0.83206			6
2025.02.10	01:36:38.320	0.83204	0.83207			6
2025.02.10	01:36:38.622		0.83206			4
2025.02.10	01:36:39.070	0.83203				2
2025.02.10	01:36:40.978	0.83202				2
2025.02.10	01:36:42.934	0.83201	0.83205			6
2025.02.10	01:36:43.337	0.83203	0.83206			6
2025.02.10	01:36:44.789	0.83201	0.83204			6
2025.02.10	01:36:47.453	0.83203	0.83205			6
2025.02.10	01:36:48.516	0.83201				2
2025.02.10	01:36:48.992	0.83203				2
2025.02.10	01:36:49.858	0.83201				2
2025.02.10	01:36:50.762	0.83202				2
2025.02.10	01:36:52.115	0.83201				2
2025.02.10	01:36:56.026	0.83200	0.83206			6
2025.02.10	01:36:58.225		0.83205			4
2025.02.10	01:36:58.745	0.83201	0.83206			6
2025.02.10	01:37:00.252	0.83202				2
2025.02.10	01:37:00.589	0.83199	0.83204			6
2025.02.10	01:37:00.964	0.83201	0.83205			6
2025.02.10	01:37:01.267	0.83202	0.83206			6
2025.02.10	01:37:02.273	0.83203	0.83208			6
2025.02.10	01:37:02.582	0.83202	0.83207			6
2025.02.10	01:37:06.347	0.83201				2
2025.02.10	01:37:21.329	0.83202				2
2025.02.10	01:37:22.581	0.83203				2
2025.02.10	01:37:24.995	0.83202				2
2025.02.10	01:37:27.213	0.83201				2
2025.02.10	01:37:28.395	0.83202				2
2025.02.10	01:37:37.054	0.83203				2
2025.02.10	01:37:46.285	0.83200				2
2025.02.10	01:37:46.946	0.83202				2
