<DATE>	<TIME>	<BID>	<ASK>	<LAST>	<VOLUME>	<FLAGS>
2025.03.21	00:00:00.185	0.83659	0.83726			6
2025.03.21	00:00:00.559	0.83568	0.83772			6
2025.03.21	00:00:00.913	0.83616	0.83767			6
2025.03.21	00:00:04.553		0.83766			4
2025.03.21	00:00:12.740		0.83767			4
2025.03.21	00:00:30.340	0.83617	0.83790			6
2025.03.21	00:00:36.659		0.83776			4
2025.03.21	00:01:01.869	0.83617				2
2025.03.21	00:01:31.643		0.83778			4
2025.03.21	00:02:11.877	0.83617				2
2025.03.21	00:02:51.872		0.83778			4
2025.03.21	00:02:55.236		0.83765			4
2025.03.21	00:03:21.475	0.83617				2
2025.03.21	00:03:50.241		0.83764			4
2025.03.21	00:04:11.475	0.83617				2
2025.03.21	00:04:40.902	0.83633	0.83780			6
2025.03.21	00:05:00.477	0.83668	0.83781			6
2025.03.21	00:05:05.965		0.83752			4
2025.03.21	00:05:07.363		0.83750			4
2025.03.21	00:05:10.584		0.83749			4
2025.03.21	00:05:12.360		0.83746			4
2025.03.21	00:05:13.019		0.83745			4
2025.03.21	00:05:15.366		0.83746			4
2025.03.21	00:05:20.857		0.83747			4
2025.03.21	00:05:26.256		0.83746			4
2025.03.21	00:05:29.014		0.83745			4
2025.03.21	00:05:31.003		0.83743			4
2025.03.21	00:05:31.478		0.83744			4
2025.03.21	00:05:35.171		0.83745			4
2025.03.21	00:05:35.743		0.83743			4
2025.03.21	00:05:41.395		0.83744			4
2025.03.21	00:05:45.911		0.83746			4
2025.03.21	00:05:50.358		0.83747			4
2025.03.21	00:05:51.157		0.83745			4
2025.03.21	00:05:56.508		0.83748			4
2025.03.21	00:06:00.504	0.83668				2
2025.03.21	00:06:01.576		0.83746			4
2025.03.21	00:06:07.722		0.83743			4
2025.03.21	00:06:10.610		0.83744			4
2025.03.21	00:06:38.359		0.83743			4
2025.03.21	00:07:00.512	0.83668				2
2025.03.21	00:07:01.097		0.83742			4
2025.03.21	00:07:05.776		0.83744			4
2025.03.21	00:07:11.183		0.83741			4
2025.03.21	00:07:21.363		0.83743			4
2025.03.21	00:07:26.667		0.83742			4
2025.03.21	00:07:31.360		0.83744			4
2025.03.21	00:07:36.576		0.83742			4
2025.03.21	00:07:41.488		0.83744			4
2025.03.21	00:07:45.916		0.83745			4
2025.03.21	00:07:46.567		0.83744			4
2025.03.21	00:07:51.459		0.83745			4
2025.03.21	00:08:00.508	0.83668				2
2025.03.21	00:08:02.000		0.83744			4
2025.03.21	00:08:15.013		0.83743			4
2025.03.21	00:08:30.168		0.83741			4
2025.03.21	00:08:34.723		0.83743			4
2025.03.21	00:08:41.110		0.83746			4
2025.03.21	00:08:50.158		0.83745			4
2025.03.21	00:08:55.082		0.83747			4
2025.03.21	00:08:59.713		0.83746			4
2025.03.21	00:09:00.509	0.83668				2
2025.03.21	00:09:08.409		0.83747			4
2025.03.21	00:09:09.636		0.83746			4
2025.03.21	00:09:11.029		0.83743			4
2025.03.21	00:09:15.068		0.83742			4
2025.03.21	00:09:20.020		0.83744			4
2025.03.21	00:09:25.275		0.83743			4
2025.03.21	00:09:41.107		0.83744			4
2025.03.21	00:09:44.412		0.83743			4
2025.03.21	00:09:51.473	0.83669				2
2025.03.21	00:10:00.348	0.83669	0.83734			6
2025.03.21	00:10:11.736	0.83673	0.83733			6
2025.03.21	00:10:13.301	0.83671	0.83731			6
2025.03.21	00:10:22.144	0.83673	0.83733			6
2025.03.21	00:10:32.143	0.83674	0.83734			6
2025.03.21	00:10:34.872	0.83672	0.83732			6
2025.03.21	00:10:36.691	0.83670	0.83730			6
2025.03.21	00:10:37.605	0.83671	0.83731			6
2025.03.21	00:10:37.909	0.83673	0.83733			6
2025.03.21	00:10:42.455	0.83671	0.83731			6
2025.03.21	00:10:45.183	0.83674	0.83734			6
2025.03.21	00:10:45.485	0.83672	0.83732			6
2025.03.21	00:10:46.093	0.83673	0.83733			6
2025.03.21	00:10:46.397	0.83672	0.83732			6
2025.03.21	00:10:46.697	0.83670	0.83730			6
2025.03.21	00:10:47.611	0.83669	0.83729			6
2025.03.21	00:10:48.217	0.83670	0.83730			6
2025.03.21	00:11:00.047	0.83670				2
2025.03.21	00:11:05.802	0.83668	0.83738			6
2025.03.21	00:11:06.778	0.83669	0.83734			6
2025.03.21	00:11:07.479	0.83672	0.83732			6
2025.03.21	00:11:08.122	0.83669	0.83734			6
2025.03.21	00:11:14.301	0.83672	0.83732			6
2025.03.21	00:11:14.941	0.83669	0.83734			6
2025.03.21	00:11:20.872	0.83672	0.83732			6
2025.03.21	00:11:21.504	0.83669	0.83734			6
2025.03.21	00:11:27.514	0.83671	0.83731			6
2025.03.21	00:11:28.120	0.83669	0.83734			6
2025.03.21	00:11:34.176	0.83673	0.83733			6
2025.03.21	00:11:34.789	0.83669	0.83734			6
2025.03.21	00:11:49.779		0.83733			4
2025.03.21	00:12:00.770	0.83669				2
2025.03.21	00:12:51.173	0.83683	0.83736			6
2025.03.21	00:12:53.798		0.83742			4
2025.03.21	00:13:01.475	0.83683				2
2025.03.21	00:13:35.974		0.83741			4
2025.03.21	00:13:46.051	0.83657	0.83725			6
2025.03.21	00:13:47.262		0.83728			4
2025.03.21	00:13:50.326		0.83727			4
2025.03.21	00:13:50.913		0.83730			4
2025.03.21	00:13:51.228		0.83725			4
2025.03.21	00:14:00.367	0.83657				2
2025.03.21	00:14:28.773		0.83724			4
2025.03.21	00:14:33.407		0.83719			4
2025.03.21	00:14:36.685		0.83716			4
2025.03.21	00:14:44.037	0.83645	0.83708			6
2025.03.21	00:14:46.467		0.83725			4
2025.03.21	00:14:51.701		0.83719			4
2025.03.21	00:15:00.303	0.83645	0.83720			6
2025.03.21	00:15:01.844		0.83717			4
2025.03.21	00:15:06.479		0.83706			4
2025.03.21	00:15:08.291		0.83720			4
2025.03.21	00:15:33.444	0.83656	0.83721			6
2025.03.21	00:15:36.276		0.83720			4
2025.03.21	00:15:53.943		0.83724			4
2025.03.21	00:16:04.352	0.83656				2
2025.03.21	00:16:08.237		0.83725			4
2025.03.21	00:16:26.044	0.83658				2
2025.03.21	00:16:55.423	0.83655				2
2025.03.21	00:16:55.957		0.83724			4
2025.03.21	00:16:59.402	0.83658				2
2025.03.21	00:16:59.936	0.83654				2
2025.03.21	00:17:00.243	0.83654				2
2025.03.21	00:17:00.985		0.83725			4
2025.03.21	00:17:17.323		0.83726			4
2025.03.21	00:17:22.474		0.83725			4
2025.03.21	00:17:26.735	0.83655				2
2025.03.21	00:18:00.386	0.83655				2
2025.03.21	00:18:29.376		0.83725			4
2025.03.21	00:18:33.448		0.83726			4
2025.03.21	00:18:40.424		0.83725			4
2025.03.21	00:18:41.115	0.83654				2
2025.03.21	00:18:42.572		0.83724			4
2025.03.21	00:18:47.973	0.83645				2
2025.03.21	00:18:50.555		0.83725			4
2025.03.21	00:18:57.875		0.83724			4
2025.03.21	00:19:00.368	0.83645				2
2025.03.21	00:19:06.036	0.83655	0.83725			6
2025.03.21	00:19:19.933		0.83726			4
2025.03.21	00:19:23.976		0.83725			4
2025.03.21	00:19:32.336		0.83722			4
2025.03.21	00:19:38.760		0.83721			4
2025.03.21	00:19:43.744		0.83722			4
2025.03.21	00:19:47.719		0.83726			4
2025.03.21	00:19:50.975		0.83727			4
2025.03.21	00:20:03.419	0.83655				2
2025.03.21	00:20:20.844		0.83724			4
2025.03.21	00:20:42.800		0.83721			4
2025.03.21	00:20:44.525		0.83716			4
2025.03.21	00:20:47.751	0.83657				2
2025.03.21	00:21:01.481	0.83657				2
2025.03.21	00:21:12.392	0.83652				2
2025.03.21	00:21:14.072		0.83715			4
2025.03.21	00:21:15.560		0.83714			4
2025.03.21	00:21:30.197		0.83717			4
2025.03.21	00:21:33.624		0.83719			4
2025.03.21	00:21:35.077		0.83720			4
2025.03.21	00:21:41.430	0.83668	0.83724			6
2025.03.21	00:22:00.871	0.83668				2
2025.03.21	00:22:17.066	0.83673	0.83730			6
2025.03.21	00:22:23.671		0.83732			4
2025.03.21	00:22:32.358		0.83734			4
2025.03.21	00:22:38.230		0.83731			4
2025.03.21	00:22:49.428	0.83678				2
2025.03.21	00:22:50.020		0.83732			4
2025.03.21	00:22:55.195		0.83733			4
2025.03.21	00:22:57.130		0.83735			4
2025.03.21	00:23:00.274	0.83678				2
2025.03.21	00:23:03.616	0.83682				2
2025.03.21	00:23:06.084	0.83695	0.83748			6
2025.03.21	00:23:08.397		0.83751			4
2025.03.21	00:23:09.572		0.83746			4
2025.03.21	00:23:10.322		0.83755			4
2025.03.21	00:23:10.624		0.83746			4
2025.03.21	00:23:13.717		0.83752			4
2025.03.21	00:23:14.384		0.83749			4
2025.03.21	00:23:14.988		0.83750			4
2025.03.21	00:23:15.339		0.83753			4
2025.03.21	00:23:15.722	0.83702	0.83756			6
2025.03.21	00:23:17.676		0.83750			4
2025.03.21	00:23:22.739		0.83751			4
2025.03.21	00:23:26.926		0.83754			4
2025.03.21	00:23:28.519	0.83710	0.83757			6
2025.03.21	00:23:28.886	0.83706				2
2025.03.21	00:23:33.578	0.83709				2
2025.03.21	00:23:33.891	0.83705	0.83756			6
2025.03.21	00:23:37.396	0.83689				2
2025.03.21	00:23:38.072	0.83690				2
2025.03.21	00:23:38.392	0.83691				2
2025.03.21	00:23:41.971	0.83690				2
2025.03.21	00:23:56.073	0.83691				2
2025.03.21	00:24:01.481	0.83691				2
2025.03.21	00:24:03.951		0.83754			4
2025.03.21	00:24:15.679	0.83686				2
2025.03.21	00:24:23.813		0.83751			4
2025.03.21	00:24:27.416	0.83680				2
2025.03.21	00:24:30.252	0.83673	0.83743			6
2025.03.21	00:24:31.472		0.83742			4
2025.03.21	00:24:32.219		0.83743			4
2025.03.21	00:24:33.916		0.83742			4
2025.03.21	00:24:35.071		0.83743			4
2025.03.21	00:24:38.909		0.83741			4
2025.03.21	00:24:39.361		0.83740			4
2025.03.21	00:24:47.158		0.83739			4
2025.03.21	00:24:51.574		0.83738			4
2025.03.21	00:24:53.197		0.83735			4
2025.03.21	00:24:59.741	0.83661				2
2025.03.21	00:25:00.076	0.83661				2
2025.03.21	00:25:05.716		0.83733			4
2025.03.21	00:25:14.290	0.83659	0.83729			6
2025.03.21	00:25:21.572		0.83730			4
2025.03.21	00:25:22.488		0.83727			4
2025.03.21	00:25:32.356		0.83718			4
2025.03.21	00:25:32.665		0.83717			4
2025.03.21	00:25:33.585	0.83654	0.83718			6
2025.03.21	00:25:37.011	0.83657	0.83726			6
2025.03.21	00:26:00.326	0.83657				2
2025.03.21	00:26:20.675		0.83725			4
2025.03.21	00:26:36.254	0.83650	0.83726			6
2025.03.21	00:26:40.606	0.83673	0.83727			6
2025.03.21	00:26:59.448		0.83728			4
2025.03.21	00:27:01.572	0.83673				2
2025.03.21	00:27:06.586		0.83721			4
2025.03.21	00:27:08.869		0.83720			4
2025.03.21	00:27:13.983	0.83671	0.83724			6
2025.03.21	00:27:14.915		0.83727			4
2025.03.21	00:27:18.444		0.83725			4
2025.03.21	00:27:24.192		0.83731			4
2025.03.21	00:27:25.237		0.83728			4
2025.03.21	00:27:30.316		0.83727			4
2025.03.21	00:27:39.061		0.83728			4
2025.03.21	00:27:55.323		0.83727			4
2025.03.21	00:27:56.320		0.83726			4
2025.03.21	00:28:00.370	0.83671				2
2025.03.21	00:28:02.372	0.83666	0.83727			6
2025.03.21	00:28:04.172		0.83728			4
2025.03.21	00:28:07.790		0.83727			4
2025.03.21	00:28:22.309		0.83728			4
2025.03.21	00:28:37.562	0.83671	0.83733			6
2025.03.21	00:28:43.223		0.83732			4
2025.03.21	00:29:01.472	0.83671				2
2025.03.21	00:29:11.375		0.83731			4
2025.03.21	00:29:21.877		0.83732			4
2025.03.21	00:30:01.191	0.83671				2
2025.03.21	00:30:04.773		0.83731			4
2025.03.21	00:31:01.485	0.83671				2
2025.03.21	00:31:03.808		0.83730			4
2025.03.21	00:31:13.642	0.83680	0.83737			6
2025.03.21	00:31:53.621		0.83727			4
2025.03.21	00:32:01.442	0.83680				2
2025.03.21	00:32:58.009		0.83727			4
2025.03.21	00:33:01.478	0.83680				2
2025.03.21	00:33:11.477	0.83681				2
2025.03.21	00:33:26.385		0.83734			4
2025.03.21	00:33:57.942		0.83735			4
2025.03.21	00:34:00.394	0.83681				2
2025.03.21	00:34:03.224		0.83737			4
2025.03.21	00:34:13.476		0.83736			4
2025.03.21	00:34:44.066		0.83737			4
2025.03.21	00:34:45.573		0.83736			4
2025.03.21	00:34:47.772		0.83733			4
2025.03.21	00:34:48.409		0.83727			4
2025.03.21	00:34:51.308		0.83732			4
2025.03.21	00:34:52.389		0.83736			4
2025.03.21	00:35:00.806	0.83681				2
2025.03.21	00:35:12.472	0.83676	0.83735			6
2025.03.21	00:35:37.301		0.83731			4
2025.03.21	00:35:40.743		0.83734			4
2025.03.21	00:36:01.870	0.83676				2
2025.03.21	00:36:28.775		0.83735			4
2025.03.21	00:36:37.990		0.83734			4
2025.03.21	00:37:01.474	0.83676				2
2025.03.21	00:37:26.974		0.83735			4
2025.03.21	00:37:59.973		0.83734			4
2025.03.21	00:38:02.084	0.83676				2
2025.03.21	00:38:11.674		0.83735			4
2025.03.21	00:38:19.418		0.83734			4
2025.03.21	00:38:23.073		0.83735			4
2025.03.21	00:38:57.377		0.83734			4
2025.03.21	00:39:00.458	0.83676	0.83732			6
2025.03.21	00:39:19.717		0.83734			4
2025.03.21	00:39:37.719		0.83735			4
2025.03.21	00:39:47.813		0.83734			4
2025.03.21	00:40:02.376	0.83676				2
2025.03.21	00:40:14.152		0.83732			4
2025.03.21	00:40:24.675		0.83731			4
2025.03.21	00:40:45.415		0.83730			4
2025.03.21	00:40:46.994		0.83731			4
2025.03.21	00:40:59.730		0.83730			4
2025.03.21	00:41:00.365	0.83676				2
2025.03.21	00:41:07.494		0.83725			4
2025.03.21	00:41:11.218		0.83723			4
2025.03.21	00:41:27.212		0.83724			4
2025.03.21	00:41:37.253		0.83723			4
2025.03.21	00:41:38.566		0.83724			4
2025.03.21	00:41:46.087		0.83723			4
2025.03.21	00:41:59.088		0.83724			4
2025.03.21	00:42:01.475	0.83676				2
2025.03.21	00:42:02.186	0.83665				2
2025.03.21	00:42:19.258		0.83723			4
2025.03.21	00:42:23.728	0.83670	0.83718			6
2025.03.21	00:42:25.949		0.83719			4
2025.03.21	00:42:40.771		0.83718			4
2025.03.21	00:42:44.178	0.83676	0.83721			6
2025.03.21	00:42:44.701		0.83722			4
2025.03.21	00:42:45.414		0.83720			4
2025.03.21	00:42:46.473		0.83722			4
2025.03.21	00:42:47.523		0.83723			4
2025.03.21	00:42:53.488		0.83722			4
2025.03.21	00:42:54.849		0.83723			4
2025.03.21	00:42:58.751		0.83722			4
2025.03.21	00:43:01.250	0.83676				2
2025.03.21	00:43:02.012		0.83723			4
2025.03.21	00:43:14.404		0.83722			4
2025.03.21	00:43:32.679		0.83723			4
2025.03.21	00:43:33.570		0.83724			4
2025.03.21	00:43:34.716		0.83722			4
2025.03.21	00:43:36.242	0.83667	0.83721			6
2025.03.21	00:43:45.679		0.83722			4
2025.03.21	00:43:59.091		0.83723			4
2025.03.21	00:43:59.524		0.83722			4
2025.03.21	00:44:00.364	0.83667				2
2025.03.21	00:44:01.647		0.83723			4
2025.03.21	00:44:02.346		0.83721			4
2025.03.21	00:44:09.828		0.83724			4
2025.03.21	00:44:14.373		0.83725			4
2025.03.21	00:44:17.072		0.83724			4
2025.03.21	00:44:19.777		0.83725			4
2025.03.21	00:44:20.921		0.83724			4
2025.03.21	00:44:31.213		0.83723			4
2025.03.21	00:44:46.387		0.83724			4
2025.03.21	00:44:49.426		0.83725			4
2025.03.21	00:44:52.473		0.83724			4
2025.03.21	00:44:53.254		0.83725			4
2025.03.21	00:44:55.363		0.83724			4
2025.03.21	00:44:59.975		0.83725			4
2025.03.21	00:45:00.430	0.83667				2
2025.03.21	00:45:01.665		0.83724			4
2025.03.21	00:45:02.075	0.83662	0.83722			6
2025.03.21	00:45:02.403	0.83663	0.83723			6
2025.03.21	00:45:02.705	0.83662	0.83722			6
2025.03.21	00:45:03.919	0.83661	0.83721			6
2025.03.21	00:45:04.221	0.83667	0.83723			6
2025.03.21	00:45:09.320	0.83679	0.83709			6
2025.03.21	00:45:11.080		0.83710			4
2025.03.21	00:45:13.391		0.83708			4
2025.03.21	00:45:31.311		0.83709			4
2025.03.21	00:45:33.214		0.83708			4
2025.03.21	00:45:34.191		0.83707			4
2025.03.21	00:45:35.252		0.83708			4
2025.03.21	00:45:35.813		0.83707			4
2025.03.21	00:45:38.376		0.83708			4
2025.03.21	00:45:56.376		0.83707			4
2025.03.21	00:46:01.557	0.83679				2
2025.03.21	00:46:11.975		0.83708			4
2025.03.21	00:46:16.077		0.83707			4
2025.03.21	00:46:25.177		0.83712			4
2025.03.21	00:46:25.507		0.83713			4
2025.03.21	00:46:30.563		0.83710			4
2025.03.21	00:46:36.877		0.83709			4
2025.03.21	00:47:02.116	0.83672	0.83708			6
2025.03.21	00:47:04.262	0.83671	0.83709			6
2025.03.21	00:47:06.719		0.83708			4
2025.03.21	00:47:56.965		0.83707			4
2025.03.21	00:48:01.251	0.83671				2
2025.03.21	00:48:09.378		0.83711			4
2025.03.21	00:48:10.232		0.83713			4
2025.03.21	00:48:23.904		0.83712			4
2025.03.21	00:48:24.645		0.83713			4
2025.03.21	00:48:25.682	0.83669				2
2025.03.21	00:48:26.372		0.83714			4
2025.03.21	00:48:35.233	0.83668	0.83709			6
2025.03.21	00:48:38.673		0.83708			4
2025.03.21	00:49:01.475	0.83668				2
2025.03.21	00:49:23.931		0.83707			4
2025.03.21	00:49:25.473		0.83706			4
2025.03.21	00:49:30.040		0.83707			4
2025.03.21	00:49:52.842		0.83708			4
2025.03.21	00:50:00.581	0.83668				2
2025.03.21	00:50:11.972		0.83707			4
2025.03.21	00:50:14.389		0.83713			4
2025.03.21	00:51:06.270	0.83668				2
2025.03.21	00:51:08.392		0.83706			4
2025.03.21	00:51:12.579		0.83705			4
2025.03.21	00:51:37.882		0.83708			4
2025.03.21	00:51:54.708		0.83710			4
2025.03.21	00:51:57.577		0.83711			4
2025.03.21	00:52:01.473	0.83668				2
2025.03.21	00:52:59.978		0.83711			4
2025.03.21	00:53:01.869	0.83668				2
2025.03.21	00:53:34.389		0.83708			4
2025.03.21	00:53:38.117		0.83706			4
2025.03.21	00:53:38.700		0.83710			4
2025.03.21	00:53:39.275		0.83711			4
2025.03.21	00:53:50.984		0.83710			4
2025.03.21	00:54:01.869	0.83668				2
2025.03.21	00:54:16.367		0.83709			4
2025.03.21	00:55:00.790	0.83668				2
2025.03.21	00:55:03.453	0.83670	0.83711			6
2025.03.21	00:55:21.282		0.83710			4
2025.03.21	00:55:29.122	0.83691	0.83716			6
2025.03.21	00:55:30.326		0.83717			4
2025.03.21	00:55:31.346		0.83724			4
2025.03.21	00:55:36.399		0.83725			4
2025.03.21	00:55:38.383	0.83698	0.83731			6
2025.03.21	00:55:44.553	0.83715	0.83737			6
2025.03.21	00:55:44.885	0.83711				2
2025.03.21	00:56:00.322	0.83711				2
2025.03.21	00:56:03.574	0.83725	0.83746			6
2025.03.21	00:56:34.062		0.83741			4
2025.03.21	00:56:37.021	0.83708				2
2025.03.21	00:56:38.600		0.83745			4
2025.03.21	00:56:39.233		0.83742			4
2025.03.21	00:56:40.200	0.83705	0.83740			6
2025.03.21	00:56:46.365	0.83693	0.83741			6
2025.03.21	00:56:48.944	0.83697	0.83745			6
2025.03.21	00:56:52.002	0.83683	0.83728			6
2025.03.21	00:56:53.067		0.83726			4
2025.03.21	00:56:53.625		0.83724			4
2025.03.21	00:56:54.970		0.83723			4
2025.03.21	00:56:55.973		0.83725			4
2025.03.21	00:56:57.217		0.83723			4
2025.03.21	00:56:58.328		0.83722			4
2025.03.21	00:57:00.325	0.83683	0.83721			6
2025.03.21	00:57:02.352		0.83719			4
2025.03.21	00:57:04.474		0.83718			4
2025.03.21	00:57:05.929		0.83722			4
2025.03.21	00:57:06.386		0.83725			4
2025.03.21	00:57:07.559		0.83724			4
2025.03.21	00:57:12.011		0.83721			4
2025.03.21	00:57:14.376		0.83720			4
2025.03.21	00:57:16.533		0.83721			4
2025.03.21	00:57:19.086		0.83731			4
2025.03.21	00:57:23.676		0.83730			4
2025.03.21	00:57:25.861		0.83733			4
2025.03.21	00:57:28.507		0.83721			4
2025.03.21	00:57:29.501	0.83678	0.83720			6
2025.03.21	00:57:29.885		0.83722			4
2025.03.21	00:57:31.057		0.83723			4
2025.03.21	00:57:31.564	0.83673				2
2025.03.21	00:57:32.526		0.83724			4
2025.03.21	00:57:33.034		0.83725			4
2025.03.21	00:57:38.946		0.83724			4
2025.03.21	00:57:39.287		0.83725			4
2025.03.21	00:57:40.361		0.83724			4
2025.03.21	00:57:42.849		0.83725			4
2025.03.21	00:57:50.943		0.83724			4
2025.03.21	00:57:53.075		0.83725			4
2025.03.21	00:57:54.839		0.83720			4
2025.03.21	00:57:55.263		0.83717			4
2025.03.21	00:57:55.568		0.83719			4
2025.03.21	00:57:57.081		0.83717			4
2025.03.21	00:57:57.437		0.83718			4
2025.03.21	00:57:58.542		0.83719			4
2025.03.21	00:58:00.427	0.83673	0.83720			6
2025.03.21	00:58:02.085		0.83718			4
2025.03.21	00:58:04.998		0.83719			4
2025.03.21	00:58:05.573		0.83720			4
2025.03.21	00:58:07.267		0.83721			4
2025.03.21	00:58:14.358		0.83720			4
2025.03.21	00:58:25.086		0.83719			4
2025.03.21	00:58:27.874		0.83720			4
2025.03.21	00:58:39.846		0.83719			4
2025.03.21	00:58:40.706		0.83718			4
2025.03.21	00:58:45.265		0.83714			4
2025.03.21	00:58:49.627		0.83715			4
2025.03.21	00:58:55.744		0.83714			4
2025.03.21	00:59:00.700	0.83673				2
2025.03.21	00:59:04.971		0.83713			4
2025.03.21	00:59:05.785		0.83712			4
2025.03.21	00:59:07.473		0.83713			4
2025.03.21	00:59:15.989		0.83715			4
2025.03.21	00:59:17.871		0.83716			4
2025.03.21	01:00:00.315	0.83700	0.83724			6
2025.03.21	01:00:01.116		0.83729			4
2025.03.21	01:00:02.098	0.83681				2
2025.03.21	01:00:02.451	0.83684	0.83719			6
2025.03.21	01:00:02.793		0.83717			4
2025.03.21	01:00:03.100	0.83685	0.83718			6
2025.03.21	01:00:03.402	0.83684	0.83719			6
2025.03.21	01:00:04.118		0.83720			4
2025.03.21	01:00:04.766	0.83700	0.83728			6
2025.03.21	01:00:05.443		0.83707			4
2025.03.21	01:00:05.840		0.83708			4
2025.03.21	01:00:06.888		0.83728			4
2025.03.21	01:00:07.217		0.83706			4
2025.03.21	01:00:07.576		0.83730			4
2025.03.21	01:00:08.356		0.83731			4
2025.03.21	01:00:10.786		0.83730			4
2025.03.21	01:00:11.178		0.83727			4
2025.03.21	01:00:12.411		0.83731			4
2025.03.21	01:00:13.895		0.83733			4
2025.03.21	01:00:14.675		0.83731			4
2025.03.21	01:00:16.042		0.83734			4
2025.03.21	01:00:17.377		0.83732			4
2025.03.21	01:00:17.791		0.83738			4
2025.03.21	01:00:18.875		0.83735			4
2025.03.21	01:00:19.200		0.83737			4
2025.03.21	01:00:19.582		0.83736			4
2025.03.21	01:00:20.216		0.83735			4
2025.03.21	01:00:21.032		0.83734			4
2025.03.21	01:00:22.976		0.83733			4
2025.03.21	01:00:23.729		0.83715			4
2025.03.21	01:00:24.952		0.83733			4
2025.03.21	01:00:26.439	0.83701	0.83714			6
2025.03.21	01:00:27.525		0.83733			4
2025.03.21	01:00:28.775		0.83732			4
2025.03.21	01:00:29.204		0.83716			4
2025.03.21	01:00:30.127		0.83732			4
2025.03.21	01:00:37.956		0.83731			4
2025.03.21	01:00:38.455		0.83730			4
2025.03.21	01:00:39.287		0.83729			4
2025.03.21	01:00:40.022		0.83730			4
2025.03.21	01:00:41.418		0.83733			4
2025.03.21	01:00:41.950	0.83700	0.83731			6
2025.03.21	01:00:42.461		0.83732			4
2025.03.21	01:00:42.875		0.83729			4
2025.03.21	01:00:43.624		0.83717			4
2025.03.21	01:00:43.927		0.83730			4
2025.03.21	01:00:45.876		0.83729			4
2025.03.21	01:00:47.130		0.83716			4
2025.03.21	01:00:47.534		0.83719			4
2025.03.21	01:00:47.865	0.83702	0.83722			6
2025.03.21	01:00:48.219	0.83701	0.83723			6
2025.03.21	01:00:48.534	0.83705				2
2025.03.21	01:00:48.848	0.83698	0.83718			6
2025.03.21	01:00:49.351	0.83691	0.83735			6
2025.03.21	01:00:49.935		0.83734			4
2025.03.21	01:00:50.245	0.83690	0.83735			6
2025.03.21	01:00:51.017	0.83707	0.83728			6
2025.03.21	01:00:51.330	0.83705	0.83727			6
2025.03.21	01:00:52.852	0.83703	0.83725			6
2025.03.21	01:00:54.920	0.83705	0.83727			6
2025.03.21	01:00:55.221	0.83706				2
2025.03.21	01:00:55.681	0.83707	0.83728			6
2025.03.21	01:00:57.118		0.83727			4
2025.03.21	01:00:58.363	0.83708	0.83729			6
2025.03.21	01:00:59.483		0.83728			4
2025.03.21	01:00:59.786	0.83705	0.83727			6
2025.03.21	01:01:00.272	0.83705	0.83728			6
2025.03.21	01:01:00.806		0.83725			4
2025.03.21	01:01:01.414		0.83727			4
2025.03.21	01:01:01.919		0.83728			4
2025.03.21	01:01:03.276		0.83726			4
2025.03.21	01:01:04.276		0.83727			4
2025.03.21	01:01:05.305		0.83726			4
2025.03.21	01:01:06.374		0.83725			4
2025.03.21	01:01:06.718	0.83707	0.83727			6
2025.03.21	01:01:07.892	0.83719	0.83734			6
2025.03.21	01:01:08.206	0.83709				2
2025.03.21	01:01:09.295		0.83732			4
2025.03.21	01:01:09.639	0.83706	0.83733			6
2025.03.21	01:01:10.023		0.83731			4
2025.03.21	01:01:10.359		0.83732			4
2025.03.21	01:01:17.878	0.83711	0.83729			6
2025.03.21	01:01:18.272		0.83726			4
2025.03.21	01:01:19.774		0.83732			4
2025.03.21	01:01:20.159		0.83726			4
2025.03.21	01:01:20.529		0.83724			4
2025.03.21	01:01:22.394		0.83725			4
2025.03.21	01:01:24.808		0.83727			4
2025.03.21	01:01:25.474		0.83729			4
2025.03.21	01:01:29.513		0.83725			4
2025.03.21	01:01:29.831		0.83726			4
2025.03.21	01:01:30.151		0.83727			4
2025.03.21	01:01:30.773		0.83726			4
2025.03.21	01:01:31.393		0.83727			4
2025.03.21	01:01:34.441		0.83728			4
2025.03.21	01:01:34.745		0.83726			4
2025.03.21	01:01:36.422	0.83709				2
2025.03.21	01:01:36.838	0.83711				2
2025.03.21	01:01:37.376	0.83709				2
2025.03.21	01:01:39.373	0.83713				2
2025.03.21	01:01:40.721		0.83727			4
2025.03.21	01:01:42.272		0.83726			4
2025.03.21	01:01:44.705		0.83727			4
2025.03.21	01:01:49.857		0.83728			4
2025.03.21	01:01:50.421		0.83729			4
2025.03.21	01:01:53.204	0.83714				2
2025.03.21	01:01:53.701		0.83728			4
2025.03.21	01:01:54.871		0.83727			4
2025.03.21	01:01:55.430		0.83726			4
2025.03.21	01:01:58.412	0.83713	0.83727			6
2025.03.21	01:01:58.733		0.83726			4
2025.03.21	01:01:59.316		0.83727			4
2025.03.21	01:02:00.358	0.83713				2
2025.03.21	01:02:03.823	0.83710	0.83725			6
2025.03.21	01:02:05.843		0.83724			4
2025.03.21	01:02:09.379		0.83725			4
2025.03.21	01:02:17.144		0.83724			4
2025.03.21	01:02:17.534	0.83713				2
2025.03.21	01:02:22.589		0.83725			4
2025.03.21	01:02:26.436		0.83724			4
2025.03.21	01:02:27.215		0.83723			4
2025.03.21	01:02:28.206	0.83708	0.83724			6
2025.03.21	01:02:30.960		0.83723			4
2025.03.21	01:02:37.378		0.83725			4
2025.03.21	01:02:37.692		0.83733			4
2025.03.21	01:02:41.072		0.83724			4
2025.03.21	01:02:42.201		0.83725			4
2025.03.21	01:02:42.573		0.83724			4
2025.03.21	01:02:48.693		0.83722			4
2025.03.21	01:02:50.418		0.83725			4
2025.03.21	01:02:51.416		0.83724			4
2025.03.21	01:02:51.874		0.83722			4
2025.03.21	01:02:53.680	0.83709				2
2025.03.21	01:02:54.677		0.83724			4
2025.03.21	01:02:55.426		0.83722			4
2025.03.21	01:02:57.935		0.83724			4
2025.03.21	01:03:00.035	0.83709	0.83725			6
2025.03.21	01:03:00.444	0.83713	0.83726			6
2025.03.21	01:03:02.013		0.83727			4
2025.03.21	01:03:02.370		0.83726			4
2025.03.21	01:03:10.474		0.83725			4
2025.03.21	01:03:12.421		0.83727			4
2025.03.21	01:03:13.415		0.83725			4
2025.03.21	01:03:14.748		0.83726			4
2025.03.21	01:03:17.758		0.83725			4
2025.03.21	01:03:18.363		0.83726			4
2025.03.21	01:03:20.045		0.83727			4
2025.03.21	01:03:25.005		0.83726			4
2025.03.21	01:03:25.313		0.83727			4
2025.03.21	01:03:26.353		0.83726			4
2025.03.21	01:03:33.273		0.83728			4
2025.03.21	01:03:36.842		0.83734			4
2025.03.21	01:03:41.154	0.83714				2
2025.03.21	01:03:46.046	0.83713				2
2025.03.21	01:04:00.791	0.83713	0.83729			6
2025.03.21	01:04:14.764		0.83727			4
2025.03.21	01:04:20.752	0.83712				2
2025.03.21	01:04:25.370	0.83713				2
2025.03.21	01:04:25.688	0.83715				2
2025.03.21	01:04:34.262	0.83712				2
2025.03.21	01:04:38.186	0.83715				2
2025.03.21	01:04:48.223		0.83732			4
2025.03.21	01:04:48.676	0.83717	0.83733			6
2025.03.21	01:04:49.769		0.83724			4
2025.03.21	01:04:52.355	0.83718	0.83722			6
2025.03.21	01:05:00.386	0.83718				2
2025.03.21	01:05:01.626	0.83717	0.83724			6
2025.03.21	01:05:01.982	0.83720	0.83726			6
2025.03.21	01:05:02.374	0.83723				2
2025.03.21	01:05:06.689	0.83720				2
2025.03.21	01:05:07.288	0.83723				2
2025.03.21	01:05:09.072		0.83728			4
2025.03.21	01:05:34.501	0.83719	0.83726			6
2025.03.21	01:05:34.805	0.83718	0.83725			6
2025.03.21	01:05:41.315	0.83719	0.83726			6
2025.03.21	01:05:49.446		0.83725			4
2025.03.21	01:05:49.763	0.83718				2
2025.03.21	01:06:00.464	0.83721	0.83728			6
2025.03.21	01:06:10.706	0.83723	0.83730			6
2025.03.21	01:06:11.341	0.83724				2
2025.03.21	01:06:22.700	0.83721	0.83728			6
2025.03.21	01:06:48.219	0.83723	0.83730			6
2025.03.21	01:07:00.639	0.83723				2
2025.03.21	01:07:26.347	0.83724	0.83731			6
2025.03.21	01:07:32.355	0.83725				2
2025.03.21	01:07:32.852	0.83724				2
2025.03.21	01:07:34.046	0.83725	0.83732			6
2025.03.21	01:07:36.416	0.83726	0.83733			6
2025.03.21	01:08:01.477	0.83732	0.83735			6
2025.03.21	01:08:01.785	0.83726	0.83733			6
2025.03.21	01:08:02.098	0.83728				2
2025.03.21	01:08:02.406	0.83727				2
2025.03.21	01:08:02.710	0.83726				2
2025.03.21	01:08:14.940	0.83730	0.83737			6
2025.03.21	01:08:15.261	0.83729	0.83736			6
2025.03.21	01:08:18.318	0.83727	0.83734			6
2025.03.21	01:08:21.301	0.83725	0.83732			6
2025.03.21	01:08:27.227	0.83727	0.83734			6
2025.03.21	01:08:37.372	0.83723	0.83730			6
2025.03.21	01:08:37.686	0.83725	0.83732			6
2025.03.21	01:08:47.833	0.83723	0.83730			6
2025.03.21	01:08:51.542	0.83727	0.83732			6
2025.03.21	01:08:51.847	0.83726	0.83733			6
2025.03.21	01:08:55.200	0.83722	0.83729			6
2025.03.21	01:08:55.507	0.83724	0.83731			6
2025.03.21	01:09:00.411	0.83724				2
2025.03.21	01:09:15.152	0.83723	0.83730			6
2025.03.21	01:09:16.086	0.83722	0.83729			6
2025.03.21	01:09:16.858	0.83720	0.83727			6
2025.03.21	01:09:24.955	0.83722	0.83729			6
2025.03.21	01:09:30.045	0.83720	0.83727			6
2025.03.21	01:09:31.350	0.83723	0.83730			6
2025.03.21	01:09:56.997	0.83724	0.83731			6
2025.03.21	01:10:00.380	0.83724				2
2025.03.21	01:10:01.501	0.83725	0.83732			6
2025.03.21	01:10:20.608	0.83726	0.83733			6
2025.03.21	01:11:00.161	0.83726	0.83732			6
2025.03.21	01:11:00.466	0.83728	0.83735			6
2025.03.21	01:11:01.206	0.83726	0.83733			6
2025.03.21	01:11:20.415	0.83728	0.83732			6
2025.03.21	01:11:40.362	0.83727				2
2025.03.21	01:11:42.100		0.83734			4
2025.03.21	01:11:42.832	0.83724	0.83731			6
2025.03.21	01:11:47.377		0.83729			4
2025.03.21	01:11:48.022	0.83722				2
2025.03.21	01:12:01.005	0.83722				2
2025.03.21	01:12:31.307	0.83724	0.83731			6
2025.03.21	01:12:32.354		0.83730			4
2025.03.21	01:12:33.219	0.83722	0.83729			6
2025.03.21	01:12:58.365	0.83721	0.83728			6
2025.03.21	01:13:00.574	0.83721				2
2025.03.21	01:13:12.163	0.83726	0.83731			6
2025.03.21	01:13:12.465	0.83728				2
2025.03.21	01:13:15.223		0.83735			4
2025.03.21	01:13:15.972		0.83731			4
2025.03.21	01:13:19.885		0.83733			4
2025.03.21	01:13:40.526		0.83734			4
2025.03.21	01:13:41.126		0.83733			4
2025.03.21	01:13:47.485	0.83730				2
2025.03.21	01:14:00.873	0.83730				2
2025.03.21	01:14:05.053	0.83729				2
2025.03.21	01:14:06.137	0.83730				2
2025.03.21	01:14:06.481	0.83729				2
2025.03.21	01:14:08.454	0.83726				2
2025.03.21	01:14:08.759		0.83732			4
2025.03.21	01:14:12.290		0.83736			4
2025.03.21	01:14:13.040		0.83732			4
2025.03.21	01:14:24.415		0.83733			4
2025.03.21	01:14:41.475	0.83727				2
2025.03.21	01:14:55.852	0.83726				2
2025.03.21	01:15:00.396	0.83726				2
2025.03.21	01:15:24.330	0.83723	0.83730			6
2025.03.21	01:15:52.199	0.83722	0.83728			6
2025.03.21	01:16:00.246	0.83722				2
2025.03.21	01:16:00.614	0.83723	0.83726			6
2025.03.21	01:16:00.970		0.83728			4
2025.03.21	01:16:01.278		0.83726			4
2025.03.21	01:16:01.586		0.83728			4
2025.03.21	01:16:02.659	0.83724				2
2025.03.21	01:16:14.123		0.83726			4
2025.03.21	01:16:14.469		0.83728			4
2025.03.21	01:16:16.756		0.83726			4
2025.03.21	01:16:26.593		0.83728			4
2025.03.21	01:16:30.212		0.83726			4
2025.03.21	01:16:32.373		0.83728			4
2025.03.21	01:16:32.744		0.83726			4
2025.03.21	01:16:35.182		0.83728			4
2025.03.21	01:16:35.690		0.83726			4
2025.03.21	01:16:36.924		0.83728			4
2025.03.21	01:16:44.126		0.83726			4
2025.03.21	01:16:48.039		0.83728			4
2025.03.21	01:16:48.344		0.83726			4
2025.03.21	01:17:00.336	0.83724				2
2025.03.21	01:17:17.071		0.83730			4
2025.03.21	01:17:36.923		0.83729			4
2025.03.21	01:17:38.298		0.83730			4
2025.03.21	01:17:44.200		0.83729			4
2025.03.21	01:17:45.246		0.83730			4
2025.03.21	01:18:00.303	0.83724				2
2025.03.21	01:18:18.387		0.83731			4
2025.03.21	01:18:19.274	0.83725				2
2025.03.21	01:18:20.191	0.83724				2
2025.03.21	01:18:25.641		0.83730			4
2025.03.21	01:18:27.663		0.83729			4
2025.03.21	01:18:33.375		0.83730			4
2025.03.21	01:18:35.673		0.83729			4
2025.03.21	01:18:42.341	0.83722				2
2025.03.21	01:18:42.718	0.83724	0.83727			6
2025.03.21	01:19:02.973	0.83724				2
2025.03.21	01:19:43.037		0.83727			4
2025.03.21	01:20:00.870	0.83724				2
2025.03.21	01:20:28.778	0.83722	0.83725			6
2025.03.21	01:20:37.471	0.83723				2
2025.03.21	01:20:38.571	0.83722				2
2025.03.21	01:20:42.791	0.83725	0.83727			6
2025.03.21	01:20:49.715	0.83724				2
2025.03.21	01:21:00.479	0.83724				2
2025.03.21	01:21:03.080	0.83725				2
2025.03.21	01:21:07.437	0.83724				2
2025.03.21	01:21:11.923	0.83725				2
2025.03.21	01:21:42.834		0.83727			4
2025.03.21	01:22:00.365	0.83725				2
2025.03.21	01:22:23.363	0.83724				2
2025.03.21	01:22:26.124	0.83725				2
2025.03.21	01:22:43.265		0.83731			4
2025.03.21	01:22:54.309	0.83724	0.83730			6
2025.03.21	01:22:54.698		0.83729			4
2025.03.21	01:22:56.149	0.83725	0.83728			6
2025.03.21	01:23:00.228	0.83725				2
2025.03.21	01:23:02.338	0.83726				2
2025.03.21	01:23:06.126	0.83725				2
2025.03.21	01:23:12.100	0.83729	0.83731			6
2025.03.21	01:23:12.435		0.83730			4
2025.03.21	01:23:12.787		0.83731			4
2025.03.21	01:23:13.111		0.83730			4
2025.03.21	01:23:13.653	0.83728				2
2025.03.21	01:23:42.928		0.83731			4
2025.03.21	01:23:54.645	0.83729				2
2025.03.21	01:24:02.374	0.83729				2
2025.03.21	01:24:03.329	0.83730				2
2025.03.21	01:24:07.485	0.83729				2
2025.03.21	01:24:12.814	0.83730				2
2025.03.21	01:24:13.191	0.83731	0.83732			6
2025.03.21	01:24:25.276		0.83733			4
2025.03.21	01:24:25.608		0.83732			4
2025.03.21	01:24:27.539		0.83733			4
2025.03.21	01:24:27.873		0.83732			4
2025.03.21	01:25:01.230	0.83731				2
2025.03.21	01:25:14.297	0.83729	0.83730			6
2025.03.21	01:25:14.608		0.83731			4
2025.03.21	01:25:17.652	0.83730				2
2025.03.21	01:25:28.130	0.83728				2
2025.03.21	01:25:40.473	0.83729				2
2025.03.21	01:25:40.794	0.83730				2
2025.03.21	01:26:00.020	0.83730				2
2025.03.21	01:26:04.694	0.83729				2
2025.03.21	01:26:05.692	0.83728				2
2025.03.21	01:26:06.753	0.83729				2
2025.03.21	01:26:13.753	0.83730				2
2025.03.21	01:26:14.637		0.83731			4
2025.03.21	01:26:54.568	0.83729				2
2025.03.21	01:26:54.869		0.83730			4
2025.03.21	01:27:01.250	0.83729				2
2025.03.21	01:27:06.484	0.83728				2
2025.03.21	01:27:22.379		0.83731			4
2025.03.21	01:27:24.704		0.83730			4
2025.03.21	01:27:25.008		0.83731			4
2025.03.21	01:27:25.638		0.83730			4
2025.03.21	01:28:00.735	0.83728				2
2025.03.21	01:28:10.872	0.83729	0.83731			6
2025.03.21	01:28:14.978		0.83730			4
2025.03.21	01:28:15.290	0.83732	0.83734			6
2025.03.21	01:28:19.415	0.83733				2
2025.03.21	01:28:23.560		0.83736			4
2025.03.21	01:29:00.456	0.83733				2
2025.03.21	01:29:23.592		0.83736			4
2025.03.21	01:29:38.635	0.83732	0.83735			6
2025.03.21	01:30:00.310	0.83732				2
2025.03.21	01:30:01.973	0.83737	0.83738			6
2025.03.21	01:30:02.291	0.83734	0.83740			6
2025.03.21	01:30:04.413	0.83735	0.83736			6
2025.03.21	01:30:12.406	0.83734				2
2025.03.21	01:30:18.277	0.83736	0.83737			6
2025.03.21	01:30:20.461	0.83737	0.83738			6
2025.03.21	01:30:21.449	0.83735	0.83736			6
2025.03.21	01:30:22.543	0.83734	0.83735			6
2025.03.21	01:30:23.335	0.83735	0.83736			6
2025.03.21	01:30:34.001	0.83736	0.83737			6
2025.03.21	01:30:39.222	0.83735	0.83736			6
2025.03.21	01:30:48.179	0.83733	0.83735			6
2025.03.21	01:30:53.375	0.83734				2
2025.03.21	01:31:00.481	0.83734				2
2025.03.21	01:31:01.474	0.83733				2
2025.03.21	01:31:16.177	0.83734				2
2025.03.21	01:31:20.706	0.83733				2
2025.03.21	01:31:50.672		0.83735			4
2025.03.21	01:32:02.372	0.83733				2
2025.03.21	01:32:48.317		0.83737			4
2025.03.21	01:33:05.326	0.83733				2
2025.03.21	01:33:36.414	0.83734				2
2025.03.21	01:33:48.879		0.83737			4
2025.03.21	01:34:00.355	0.83734				2
2025.03.21	01:34:00.830	0.83733				2
2025.03.21	01:34:01.707	0.83734				2
2025.03.21	01:34:17.477	0.83733				2
2025.03.21	01:34:43.776	0.83732	0.83734			6
2025.03.21	01:35:02.675	0.83732				2
2025.03.21	01:35:09.232		0.83735			4
2025.03.21	01:36:01.527	0.83732				2
2025.03.21	01:36:09.279		0.83735			4
2025.03.21	01:37:00.357	0.83732				2
2025.03.21	01:37:04.429	0.83733				2
2025.03.21	01:37:09.683		0.83737			4
2025.03.21	01:37:16.380	0.83734				2
2025.03.21	01:37:26.217	0.83735	0.83736			6
2025.03.21	01:37:31.122	0.83734	0.83735			6
2025.03.21	01:37:44.560		0.83736			4
2025.03.21	01:37:56.519	0.83733	0.83735			6
2025.03.21	01:38:00.230	0.83733				2
2025.03.21	01:38:26.155	0.83735	0.83736			6
2025.03.21	01:38:35.210	0.83734	0.83735			6
2025.03.21	01:38:56.516		0.83736			4
2025.03.21	01:39:01.870	0.83734				2
2025.03.21	01:39:15.599	0.83733				2
2025.03.21	01:39:19.321		0.83735			4
2025.03.21	01:39:31.837		0.83736			4
2025.03.21	01:39:36.306		0.83735			4
2025.03.21	01:39:36.898		0.83736			4
2025.03.21	01:39:43.310	0.83734				2
2025.03.21	01:40:02.204	0.83734				2
2025.03.21	01:40:05.473	0.83735				2
2025.03.21	01:40:26.223	0.83734	0.83735			6
2025.03.21	01:40:47.583	0.83735	0.83736			6
2025.03.21	01:40:49.856	0.83739	0.83740			6
2025.03.21	01:41:00.007	0.83739				2
2025.03.21	01:41:01.342	0.83736	0.83737			6
2025.03.21	01:41:01.819	0.83731	0.83732			6
2025.03.21	01:41:02.469	0.83726	0.83728			6
2025.03.21	01:41:15.444	0.83725				2
2025.03.21	01:41:15.764		0.83727			4
2025.03.21	01:41:22.728	0.83727	0.83728			6
2025.03.21	01:41:23.046	0.83729	0.83731			6
2025.03.21	01:41:23.356		0.83730			4
2025.03.21	01:41:39.703	0.83727	0.83728			6
2025.03.21	01:41:56.473	0.83731	0.83732			6
2025.03.21	01:42:00.375	0.83731				2
2025.03.21	01:42:02.501	0.83730	0.83731			6
2025.03.21	01:42:30.461	0.83732	0.83734			6
2025.03.21	01:42:34.116	0.83734	0.83735			6
2025.03.21	01:43:00.129	0.83734				2
2025.03.21	01:43:00.822	0.83732	0.83734			6
2025.03.21	01:43:10.372		0.83733			4
2025.03.21	01:43:53.884		0.83734			4
2025.03.21	01:43:54.866	0.83731				2
2025.03.21	01:44:00.321	0.83731				2
2025.03.21	01:44:04.258		0.83732			4
2025.03.21	01:44:07.550		0.83733			4
2025.03.21	01:44:49.777		0.83732			4
2025.03.21	01:44:59.195	0.83732	0.83733			6
2025.03.21	01:45:00.390	0.83732	0.83734			6
2025.03.21	01:45:02.768		0.83733			4
2025.03.21	01:45:03.476		0.83734			4
2025.03.21	01:45:07.785	0.83731				2
2025.03.21	01:45:10.357		0.83733			4
2025.03.21	01:45:13.460		0.83734			4
2025.03.21	01:45:13.862		0.83733			4
2025.03.21	01:45:19.426		0.83734			4
2025.03.21	01:45:20.012		0.83733			4
2025.03.21	01:45:24.791		0.83734			4
2025.03.21	01:45:25.794		0.83733			4
2025.03.21	01:46:00.362	0.83731				2
2025.03.21	01:46:01.444	0.83730				2
2025.03.21	01:46:05.474	0.83731				2
2025.03.21	01:46:07.460	0.83732				2
2025.03.21	01:46:18.040	0.83731				2
2025.03.21	01:46:25.985		0.83733			4
2025.03.21	01:47:08.370	0.83731				2
2025.03.21	01:47:21.885		0.83734			4
2025.03.21	01:47:33.543		0.83733			4
2025.03.21	01:47:33.862	0.83730				2
2025.03.21	01:48:00.108	0.83730				2
2025.03.21	01:48:05.474	0.83731				2
2025.03.21	01:48:33.005	0.83732	0.83734			6
2025.03.21	01:48:34.197	0.83733				2
2025.03.21	01:49:01.924	0.83733				2
2025.03.21	01:49:29.197		0.83736			4
2025.03.21	01:49:54.483	0.83734				2
2025.03.21	01:49:59.951	0.83739	0.83740			6
2025.03.21	01:50:00.269	0.83738	0.83739			6
2025.03.21	01:50:16.885	0.83736	0.83738			6
2025.03.21	01:51:00.424	0.83736				2
2025.03.21	01:51:17.014		0.83738			4
2025.03.21	01:51:22.842	0.83735				2
2025.03.21	01:51:23.985	0.83738	0.83742			6
2025.03.21	01:51:29.824	0.83737	0.83741			6
2025.03.21	01:51:41.954	0.83739	0.83742			6
2025.03.21	01:51:42.718		0.83741			4
2025.03.21	01:51:43.595	0.83741	0.83742			6
2025.03.21	01:52:02.357	0.83741				2
2025.03.21	01:52:30.856	0.83740	0.83741			6
2025.03.21	01:53:00.678	0.83740				2
2025.03.21	01:53:33.622		0.83741			4
2025.03.21	01:53:58.010		0.83742			4
2025.03.21	01:53:58.327		0.83741			4
2025.03.21	01:53:58.696		0.83742			4
2025.03.21	01:54:00.326	0.83740				2
2025.03.21	01:54:28.933		0.83741			4
2025.03.21	01:55:02.228	0.83740				2
2025.03.21	01:55:29.712		0.83741			4
2025.03.21	01:55:33.653	0.83737	0.83740			6
2025.03.21	01:55:34.378		0.83739			4
2025.03.21	01:55:40.573	0.83740	0.83741			6
2025.03.21	01:55:43.241	0.83739	0.83740			6
2025.03.21	01:55:43.960	0.83738				2
2025.03.21	01:55:49.078	0.83736	0.83739			6
2025.03.21	01:55:55.708	0.83738	0.83740			6
2025.03.21	01:56:00.364	0.83738				2
2025.03.21	01:56:04.910		0.83739			4
2025.03.21	01:56:05.481		0.83740			4
2025.03.21	01:56:12.640		0.83739			4
2025.03.21	01:57:00.323	0.83738				2
2025.03.21	01:57:13.696		0.83739			4
2025.03.21	01:57:13.997		0.83740			4
2025.03.21	01:57:14.727		0.83739			4
2025.03.21	01:57:55.979	0.83735				2
2025.03.21	01:57:56.803	0.83734				2
2025.03.21	01:58:01.377	0.83734				2
2025.03.21	01:58:13.820	0.83738				2
2025.03.21	01:58:15.695		0.83740			4
2025.03.21	01:58:16.361		0.83739			4
2025.03.21	01:58:20.369	0.83736	0.83740			6
2025.03.21	01:58:23.006	0.83739	0.83741			6
2025.03.21	01:59:00.324	0.83739				2
2025.03.21	01:59:02.368	0.83736	0.83739			6
2025.03.21	01:59:02.686	0.83734	0.83738			6
2025.03.21	01:59:03.208	0.83735				2
2025.03.21	01:59:10.951	0.83733	0.83737			6
2025.03.21	01:59:20.522		0.83736			4
2025.03.21	01:59:23.810	0.83734				2
2025.03.21	01:59:27.288	0.83732	0.83735			6
2025.03.21	01:59:27.713	0.83731				2
2025.03.21	01:59:39.184	0.83732	0.83734			6
2025.03.21	01:59:41.494	0.83731				2
2025.03.21	01:59:46.752	0.83732				2
2025.03.21	01:59:49.243	0.83734	0.83736			6
2025.03.21	01:59:50.308		0.83735			4
2025.03.21	01:59:56.306	0.83733	0.83734			6
2025.03.21	01:59:56.611	0.83734	0.83735			6
2025.03.21	02:00:00.274	0.83733	0.83736			6
2025.03.21	02:00:00.592	0.83734				2
2025.03.21	02:00:01.027		0.83737			4
2025.03.21	02:00:01.646		0.83736			4
2025.03.21	02:00:02.092		0.83737			4
2025.03.21	02:00:02.435	0.83735	0.83739			6
2025.03.21	02:00:02.777	0.83734	0.83738			6
2025.03.21	02:00:07.206	0.83735				2
2025.03.21	02:00:11.273	0.83733	0.83737			6
2025.03.21	02:00:12.393		0.83735			4
2025.03.21	02:00:15.088		0.83736			4
2025.03.21	02:00:44.228		0.83735			4
2025.03.21	02:00:47.779		0.83736			4
2025.03.21	02:01:00.179	0.83733				2
2025.03.21	02:01:09.486		0.83735			4
2025.03.21	02:01:20.841		0.83736			4
2025.03.21	02:01:25.201		0.83735			4
2025.03.21	02:01:34.844		0.83736			4
2025.03.21	02:01:54.470		0.83735			4
2025.03.21	02:02:01.473	0.83733				2
2025.03.21	02:02:09.785	0.83734	0.83737			6
2025.03.21	02:02:10.316		0.83736			4
2025.03.21	02:02:17.380		0.83737			4
2025.03.21	02:02:18.091		0.83738			4
2025.03.21	02:02:22.694	0.83735				2
2025.03.21	02:02:25.695	0.83736	0.83739			6
2025.03.21	02:02:34.394	0.83735	0.83738			6
2025.03.21	02:02:42.702	0.83734				2
2025.03.21	02:02:53.158	0.83735				2
2025.03.21	02:02:55.587		0.83739			4
2025.03.21	02:03:00.036	0.83735				2
2025.03.21	02:03:00.447		0.83738			4
2025.03.21	02:03:02.050	0.83736				2
2025.03.21	02:03:11.516	0.83735	0.83739			6
2025.03.21	02:04:02.939	0.83735				2
2025.03.21	02:04:12.117		0.83739			4
2025.03.21	02:04:17.850	0.83737	0.83738			6
2025.03.21	02:04:19.996		0.83740			4
2025.03.21	02:04:41.792		0.83738			4
2025.03.21	02:04:43.921		0.83740			4
2025.03.21	02:05:00.331	0.83737				2
2025.03.21	02:05:06.417	0.83735	0.83739			6
2025.03.21	02:05:06.718	0.83736	0.83740			6
2025.03.21	02:05:07.024	0.83735	0.83739			6
2025.03.21	02:05:08.843	0.83737	0.83740			6
2025.03.21	02:05:34.619	0.83734	0.83738			6
2025.03.21	02:05:35.346	0.83735				2
2025.03.21	02:05:36.345	0.83733	0.83737			6
2025.03.21	02:05:40.205	0.83732	0.83736			6
2025.03.21	02:05:40.756		0.83735			4
2025.03.21	02:05:43.332		0.83736			4
2025.03.21	02:06:00.879	0.83733				2
2025.03.21	02:06:01.244	0.83732				2
2025.03.21	02:06:01.552	0.83733				2
2025.03.21	02:06:01.876	0.83732				2
2025.03.21	02:06:02.532	0.83733				2
2025.03.21	02:06:07.111		0.83737			4
2025.03.21	02:06:07.757		0.83736			4
2025.03.21	02:06:41.871	0.83735	0.83738			6
2025.03.21	02:06:49.079		0.83737			4
2025.03.21	02:06:50.348	0.83734				2
2025.03.21	02:07:00.509	0.83734	0.83738			6
2025.03.21	02:07:02.200		0.83737			4
2025.03.21	02:07:33.316	0.83736	0.83739			6
2025.03.21	02:07:34.202		0.83740			4
2025.03.21	02:07:50.180	0.83737				2
2025.03.21	02:07:52.650		0.83739			4
2025.03.21	02:08:00.359	0.83737				2
2025.03.21	02:08:02.943		0.83740			4
2025.03.21	02:08:30.959	0.83738				2
2025.03.21	02:08:40.264		0.83739			4
2025.03.21	02:08:57.985		0.83740			4
2025.03.21	02:09:01.748	0.83738				2
2025.03.21	02:09:24.715		0.83741			4
2025.03.21	02:09:56.723		0.83740			4
2025.03.21	02:10:00.525	0.83738				2
2025.03.21	02:10:31.635		0.83741			4
2025.03.21	02:10:43.642		0.83740			4
2025.03.21	02:10:49.108		0.83741			4
2025.03.21	02:10:58.735	0.83737				2
2025.03.21	02:11:00.316	0.83737				2
2025.03.21	02:11:11.475		0.83740			4
2025.03.21	02:11:27.573	0.83736				2
2025.03.21	02:11:27.883	0.83738				2
2025.03.21	02:11:49.561	0.83737				2
2025.03.21	02:11:50.615	0.83738				2
2025.03.21	02:11:53.557	0.83737				2
2025.03.21	02:12:00.424	0.83737				2
2025.03.21	02:12:12.349		0.83740			4
2025.03.21	02:12:16.985	0.83739				2
2025.03.21	02:12:17.737	0.83738				2
2025.03.21	02:12:18.347	0.83737				2
2025.03.21	02:12:20.655	0.83738				2
2025.03.21	02:12:21.098	0.83737				2
2025.03.21	02:12:24.154	0.83738				2
2025.03.21	02:13:00.729	0.83738				2
2025.03.21	02:13:12.426		0.83740			4
2025.03.21	02:13:41.109	0.83739				2
2025.03.21	02:13:41.432		0.83741			4
2025.03.21	02:14:00.332	0.83739				2
2025.03.21	02:14:13.082	0.83738				2
2025.03.21	02:14:20.262	0.83740	0.83743			6
2025.03.21	02:14:21.347	0.83739				2
2025.03.21	02:14:21.922	0.83740				2
2025.03.21	02:14:31.587	0.83741	0.83744			6
2025.03.21	02:14:43.937		0.83743			4
2025.03.21	02:14:44.457		0.83744			4
2025.03.21	02:14:46.134		0.83743			4
2025.03.21	02:15:06.028	0.83741				2
2025.03.21	02:15:07.538		0.83744			4
2025.03.21	02:15:08.226	0.83739	0.83743			6
2025.03.21	02:15:09.477		0.83742			4
2025.03.21	02:15:18.877	0.83738	0.83740			6
2025.03.21	02:15:35.786		0.83739			4
2025.03.21	02:15:46.021		0.83740			4
2025.03.21	02:15:50.598		0.83739			4
2025.03.21	02:16:00.825	0.83738				2
2025.03.21	02:16:52.577		0.83739			4
2025.03.21	02:17:02.024	0.83738				2
2025.03.21	02:17:18.991	0.83736				2
2025.03.21	02:17:36.267		0.83740			4
2025.03.21	02:17:42.930	0.83737				2
2025.03.21	02:17:47.387	0.83738				2
2025.03.21	02:18:00.076	0.83738				2
2025.03.21	02:18:01.425		0.83741			4
2025.03.21	02:18:40.352		0.83742			4
2025.03.21	02:18:54.253	0.83742	0.83745			6
2025.03.21	02:19:00.333	0.83743				2
2025.03.21	02:19:30.189	0.83741				2
2025.03.21	02:19:38.230	0.83743	0.83744			6
2025.03.21	02:19:42.553	0.83741				2
2025.03.21	02:19:45.559		0.83745			4
2025.03.21	02:20:00.322	0.83741				2
2025.03.21	02:20:12.153		0.83744			4
2025.03.21	02:20:26.056		0.83743			4
2025.03.21	02:20:38.275		0.83744			4
2025.03.21	02:21:01.475	0.83741				2
2025.03.21	02:21:02.354	0.83742				2
2025.03.21	02:21:06.244	0.83741				2
2025.03.21	02:21:41.665		0.83744			4
2025.03.21	02:22:01.766	0.83741				2
2025.03.21	02:22:05.970	0.83742				2
2025.03.21	02:22:06.324	0.83741				2
2025.03.21	02:22:21.260		0.83743			4
2025.03.21	02:22:23.177		0.83744			4
2025.03.21	02:22:37.898	0.83744	0.83745			6
2025.03.21	02:22:45.989	0.83743	0.83744			6
2025.03.21	02:22:46.349		0.83745			4
2025.03.21	02:22:48.519		0.83744			4
2025.03.21	02:22:51.386		0.83745			4
2025.03.21	02:22:55.185	0.83744				2
2025.03.21	02:22:56.288	0.83743	0.83744			6
2025.03.21	02:22:56.618	0.83744	0.83745			6
2025.03.21	02:22:57.327	0.83743	0.83744			6
2025.03.21	02:23:00.077	0.83743				2
2025.03.21	02:23:49.185	0.83741				2
2025.03.21	02:23:53.290	0.83743				2
2025.03.21	02:24:00.319	0.83743	0.83744			6
2025.03.21	02:24:32.621	0.83742				2
2025.03.21	02:24:33.366	0.83743				2
2025.03.21	02:24:43.486	0.83742				2
2025.03.21	02:24:45.324	0.83741				2
2025.03.21	02:24:52.778	0.83740	0.83742			6
2025.03.21	02:25:00.351	0.83740				2
2025.03.21	02:25:00.756	0.83739	0.83741			6
2025.03.21	02:25:01.201	0.83738	0.83740			6
2025.03.21	02:25:01.827	0.83740	0.83742			6
2025.03.21	02:25:15.016	0.83739	0.83741			6
2025.03.21	02:25:16.419	0.83740				2
2025.03.21	02:25:16.790	0.83739				2
2025.03.21	02:25:17.093	0.83738	0.83740			6
2025.03.21	02:25:22.558	0.83739	0.83741			6
2025.03.21	02:25:27.771	0.83738	0.83740			6
2025.03.21	02:25:30.544	0.83739	0.83741			6
2025.03.21	02:25:37.021	0.83738	0.83740			6
2025.03.21	02:25:40.908	0.83739	0.83741			6
2025.03.21	02:25:59.356	0.83738				2
2025.03.21	02:26:00.128	0.83738				2
2025.03.21	02:26:01.460		0.83742			4
2025.03.21	02:26:03.484		0.83740			4
2025.03.21	02:27:01.374	0.83738				2
2025.03.21	02:27:03.762		0.83740			4
2025.03.21	02:28:00.379	0.83738				2
2025.03.21	02:28:03.118		0.83739			4
2025.03.21	02:29:02.650	0.83738				2
2025.03.21	02:29:03.177		0.83739			4
2025.03.21	02:29:26.332		0.83740			4
2025.03.21	02:29:45.897	0.83737	0.83739			6
2025.03.21	02:29:54.588		0.83740			4
2025.03.21	02:29:58.149	0.83738				2
2025.03.21	02:29:58.830	0.83737				2
2025.03.21	02:30:00.273	0.83737				2
2025.03.21	02:30:01.279	0.83740	0.83744			6
2025.03.21	02:30:05.800		0.83742			4
2025.03.21	02:30:06.111		0.83743			4
2025.03.21	02:30:10.290	0.83742	0.83744			6
2025.03.21	02:30:10.958		0.83745			4
2025.03.21	02:30:11.357		0.83744			4
2025.03.21	02:30:12.482	0.83741				2
2025.03.21	02:30:14.825	0.83742				2
2025.03.21	02:30:40.419	0.83741				2
2025.03.21	02:30:52.384		0.83745			4
2025.03.21	02:31:02.727	0.83741				2
2025.03.21	02:31:10.103		0.83742			4
2025.03.21	02:31:15.624	0.83740	0.83741			6
2025.03.21	02:31:20.627	0.83739				2
2025.03.21	02:31:21.880	0.83740				2
2025.03.21	02:31:23.048	0.83739				2
2025.03.21	02:31:27.485		0.83740			4
2025.03.21	02:31:34.103	0.83740	0.83741			6
2025.03.21	02:31:34.414	0.83739	0.83740			6
2025.03.21	02:31:40.316	0.83738	0.83741			6
2025.03.21	02:31:42.840		0.83742			4
2025.03.21	02:31:45.356		0.83740			4
2025.03.21	02:31:51.336	0.83737	0.83738			6
2025.03.21	02:31:52.406		0.83739			4
2025.03.21	02:32:00.547	0.83737				2
2025.03.21	02:32:03.894	0.83736	0.83738			6
2025.03.21	02:32:22.210	0.83735	0.83737			6
2025.03.21	02:32:22.516	0.83734	0.83736			6
2025.03.21	02:32:30.870	0.83733	0.83735			6
2025.03.21	02:32:37.400		0.83734			4
2025.03.21	02:33:00.589	0.83733				2
2025.03.21	02:33:01.417	0.83732				2
2025.03.21	02:33:02.558	0.83733				2
2025.03.21	02:33:03.532	0.83732				2
2025.03.21	02:33:04.516	0.83733				2
2025.03.21	02:33:06.031		0.83736			4
2025.03.21	02:33:06.458		0.83735			4
2025.03.21	02:33:13.462		0.83736			4
2025.03.21	02:33:14.151		0.83735			4
2025.03.21	02:33:29.893	0.83732	0.83734			6
2025.03.21	02:33:40.015		0.83735			4
2025.03.21	02:33:43.362		0.83734			4
2025.03.21	02:33:49.362		0.83735			4
2025.03.21	02:33:55.475	0.83733				2
2025.03.21	02:34:00.323	0.83733				2
2025.03.21	02:34:11.341	0.83734	0.83736			6
2025.03.21	02:34:13.278	0.83735	0.83737			6
2025.03.21	02:34:14.572	0.83736				2
2025.03.21	02:34:17.877	0.83737	0.83739			6
2025.03.21	02:34:18.423	0.83734	0.83736			6
2025.03.21	02:34:19.337	0.83735	0.83737			6
2025.03.21	02:34:21.361	0.83737	0.83738			6
2025.03.21	02:34:23.301		0.83739			4
2025.03.21	02:34:30.292	0.83736				2
2025.03.21	02:34:31.373	0.83737				2
2025.03.21	02:34:32.697	0.83735				2
2025.03.21	02:34:34.349	0.83736	0.83738			6
2025.03.21	02:34:56.684		0.83739			4
2025.03.21	02:34:59.103		0.83738			4
2025.03.21	02:35:00.718	0.83736	0.83739			6
2025.03.21	02:35:01.083		0.83738			4
2025.03.21	02:35:03.081	0.83735	0.83736			6
2025.03.21	02:35:03.403		0.83737			4
2025.03.21	02:35:10.365	0.83734				2
2025.03.21	02:35:15.184		0.83736			4
2025.03.21	02:35:28.575	0.83729	0.83733			6
2025.03.21	02:35:28.886	0.83728	0.83731			6
2025.03.21	02:35:29.223	0.83727				2
2025.03.21	02:35:29.765	0.83730	0.83732			6
2025.03.21	02:35:30.067	0.83728	0.83731			6
2025.03.21	02:35:30.491	0.83727				2
2025.03.21	02:35:34.507	0.83728				2
2025.03.21	02:35:35.397	0.83727				2
2025.03.21	02:35:35.716	0.83728				2
2025.03.21	02:35:36.383	0.83727				2
2025.03.21	02:35:42.126	0.83728				2
2025.03.21	02:35:42.763	0.83727				2
2025.03.21	02:35:44.389	0.83728				2
2025.03.21	02:35:51.782	0.83729				2
2025.03.21	02:35:53.021	0.83728				2
2025.03.21	02:35:57.878	0.83729				2
2025.03.21	02:35:58.460	0.83728				2
2025.03.21	02:36:00.360	0.83729				2
2025.03.21	02:36:00.815	0.83728				2
2025.03.21	02:36:01.606	0.83729	0.83732			6
2025.03.21	02:36:02.003	0.83728				2
2025.03.21	02:36:03.171	0.83730				2
2025.03.21	02:36:07.587		0.83731			4
2025.03.21	02:36:10.602	0.83729				2
2025.03.21	02:36:14.231	0.83728				2
2025.03.21	02:36:16.381	0.83729				2
2025.03.21	02:36:17.184	0.83728				2
2025.03.21	02:36:20.374	0.83729				2
2025.03.21	02:36:21.004	0.83728				2
2025.03.21	02:36:33.627	0.83729				2
2025.03.21	02:36:49.484	0.83727				2
2025.03.21	02:36:57.386	0.83728	0.83730			6
2025.03.21	02:36:58.046	0.83727				2
2025.03.21	02:37:00.385	0.83727				2
2025.03.21	02:37:02.193		0.83728			4
2025.03.21	02:37:03.149	0.83726				2
2025.03.21	02:37:04.707	0.83727				2
2025.03.21	02:37:14.439	0.83726				2
2025.03.21	02:37:16.422		0.83730			4
2025.03.21	02:37:19.671		0.83728			4
2025.03.21	02:37:26.990	0.83727	0.83730			6
2025.03.21	02:37:27.321	0.83726				2
2025.03.21	02:37:35.261	0.83727				2
2025.03.21	02:37:37.673		0.83728			4
2025.03.21	02:37:42.205		0.83730			4
2025.03.21	02:37:44.046	0.83726				2
2025.03.21	02:37:49.800	0.83727				2
2025.03.21	02:37:51.751	0.83726				2
2025.03.21	02:37:52.387	0.83727				2
2025.03.21	02:37:52.922	0.83726				2
2025.03.21	02:37:57.410		0.83728			4
2025.03.21	02:38:00.479	0.83726				2
2025.03.21	02:38:04.814	0.83727				2
2025.03.21	02:38:27.079		0.83730			4
2025.03.21	02:38:28.080	0.83728	0.83731			6
2025.03.21	02:38:28.600	0.83727				2
2025.03.21	02:38:49.936		0.83730			4
2025.03.21	02:38:55.174		0.83731			4
2025.03.21	02:38:56.095		0.83730			4
2025.03.21	02:39:00.018	0.83727	0.83731			6
2025.03.21	02:39:04.299		0.83730			4
2025.03.21	02:39:05.596		0.83731			4
2025.03.21	02:39:06.356		0.83730			4
2025.03.21	02:39:06.747		0.83731			4
2025.03.21	02:39:12.142		0.83730			4
2025.03.21	02:39:32.349		0.83731			4
2025.03.21	02:39:33.413		0.83728			4
2025.03.21	02:39:33.729		0.83730			4
2025.03.21	02:39:48.755		0.83729			4
2025.03.21	02:39:58.873	0.83726				2
2025.03.21	02:40:00.395	0.83726	0.83730			6
2025.03.21	02:40:00.780		0.83729			4
2025.03.21	02:40:02.078		0.83730			4
2025.03.21	02:40:03.883		0.83729			4
2025.03.21	02:40:04.378		0.83730			4
2025.03.21	02:40:05.644		0.83729			4
2025.03.21	02:40:06.355		0.83730			4
2025.03.21	02:40:06.666		0.83728			4
2025.03.21	02:40:07.008		0.83727			4
2025.03.21	02:40:07.426		0.83728			4
2025.03.21	02:40:11.107		0.83727			4
2025.03.21	02:40:17.462		0.83728			4
2025.03.21	02:40:18.352		0.83727			4
2025.03.21	02:40:18.778		0.83728			4
2025.03.21	02:40:19.269		0.83727			4
2025.03.21	02:40:19.811		0.83728			4
2025.03.21	02:40:20.182		0.83727			4
2025.03.21	02:40:22.192	0.83725				2
2025.03.21	02:40:24.115		0.83728			4
2025.03.21	02:40:25.078		0.83727			4
2025.03.21	02:40:40.383	0.83727	0.83728			6
2025.03.21	02:41:00.369	0.83727				2
2025.03.21	02:41:08.110	0.83726				2
2025.03.21	02:41:35.679		0.83727			4
2025.03.21	02:41:37.548	0.83720	0.83722			6
2025.03.21	02:41:38.164		0.83724			4
2025.03.21	02:41:47.613	0.83721	0.83723			6
2025.03.21	02:41:50.357		0.83724			4
2025.03.21	02:41:50.746		0.83723			4
2025.03.21	02:41:57.803		0.83724			4
2025.03.21	02:42:00.319	0.83721				2
2025.03.21	02:42:04.240		0.83723			4
2025.03.21	02:42:11.833	0.83722	0.83726			6
2025.03.21	02:42:23.359	0.83723				2
2025.03.21	02:42:33.306		0.83725			4
2025.03.21	02:42:53.994		0.83726			4
2025.03.21	02:42:54.306		0.83727			4
2025.03.21	02:42:58.698		0.83726			4
2025.03.21	02:43:01.295	0.83723	0.83727			6
2025.03.21	02:43:03.117		0.83726			4
2025.03.21	02:43:07.996		0.83727			4
2025.03.21	02:43:09.483		0.83726			4
2025.03.21	02:43:10.228		0.83727			4
2025.03.21	02:43:12.517		0.83726			4
2025.03.21	02:43:14.432		0.83727			4
2025.03.21	02:43:28.599		0.83726			4
2025.03.21	02:43:30.053		0.83727			4
2025.03.21	02:43:30.419	0.83724	0.83726			6
2025.03.21	02:43:31.377		0.83727			4
2025.03.21	02:43:31.683		0.83726			4
2025.03.21	02:43:32.839		0.83727			4
2025.03.21	02:43:34.163		0.83726			4
2025.03.21	02:43:34.868		0.83727			4
2025.03.21	02:43:36.298		0.83726			4
2025.03.21	02:43:36.632		0.83727			4
2025.03.21	02:43:39.411		0.83726			4
2025.03.21	02:43:39.942		0.83727			4
2025.03.21	02:43:41.220		0.83726			4
2025.03.21	02:43:45.363		0.83727			4
2025.03.21	02:43:46.349		0.83726			4
2025.03.21	02:44:00.272	0.83724				2
2025.03.21	02:44:05.007		0.83725			4
2025.03.21	02:44:09.571	0.83725	0.83726			6
2025.03.21	02:44:15.943	0.83721	0.83724			6
2025.03.21	02:44:16.345		0.83723			4
2025.03.21	02:44:17.790	0.83719				2
2025.03.21	02:44:27.121	0.83720	0.83724			6
2025.03.21	02:44:28.335	0.83719	0.83723			6
2025.03.21	02:44:29.480	0.83720	0.83724			6
2025.03.21	02:44:29.942	0.83719	0.83723			6
2025.03.21	02:44:33.930	0.83720	0.83724			6
2025.03.21	02:44:34.440		0.83722			4
2025.03.21	02:44:46.664		0.83723			4
2025.03.21	02:44:54.396	0.83719	0.83720			6
2025.03.21	02:44:54.706	0.83718	0.83719			6
2025.03.21	02:44:55.157	0.83717				2
2025.03.21	02:45:02.647	0.83718				2
2025.03.21	02:45:03.592	0.83719	0.83721			6
2025.03.21	02:45:15.785	0.83720				2
2025.03.21	02:45:19.132	0.83719				2
2025.03.21	02:45:23.230	0.83720				2
2025.03.21	02:45:24.178	0.83719				2
2025.03.21	02:45:38.792	0.83720				2
2025.03.21	02:45:40.201	0.83719				2
2025.03.21	02:45:44.496		0.83720			4
2025.03.21	02:45:48.192		0.83721			4
2025.03.21	02:46:00.509	0.83719	0.83720			6
2025.03.21	02:46:03.378	0.83720	0.83721			6
2025.03.21	02:46:07.201	0.83719	0.83720			6
2025.03.21	02:46:18.427	0.83721	0.83722			6
2025.03.21	02:46:22.155	0.83720	0.83721			6
2025.03.21	02:46:22.520		0.83722			4
2025.03.21	02:46:24.185	0.83721				2
2025.03.21	02:46:30.336		0.83723			4
2025.03.21	02:46:32.765	0.83719				2
2025.03.21	02:46:43.714	0.83720	0.83722			6
2025.03.21	02:46:47.439		0.83721			4
2025.03.21	02:46:47.987	0.83719				2
2025.03.21	02:46:58.286		0.83720			4
2025.03.21	02:47:00.104	0.83719				2
2025.03.21	02:47:02.986	0.83717	0.83719			6
2025.03.21	02:47:03.341	0.83716				2
2025.03.21	02:47:23.212	0.83717				2
2025.03.21	02:47:23.530	0.83716				2
2025.03.21	02:47:34.211		0.83718			4
2025.03.21	02:47:35.505		0.83719			4
2025.03.21	02:47:37.281		0.83720			4
2025.03.21	02:47:37.996		0.83719			4
2025.03.21	02:47:51.861	0.83717				2
2025.03.21	02:47:52.168		0.83720			4
2025.03.21	02:47:53.159		0.83719			4
2025.03.21	02:47:54.300		0.83720			4
2025.03.21	02:47:54.606		0.83719			4
2025.03.21	02:47:55.085		0.83720			4
2025.03.21	02:47:55.748		0.83719			4
2025.03.21	02:47:56.971		0.83720			4
2025.03.21	02:47:59.432		0.83719			4
2025.03.21	02:48:00.080	0.83717				2
2025.03.21	02:48:02.516		0.83720			4
2025.03.21	02:48:05.299	0.83718				2
2025.03.21	02:48:14.754	0.83717	0.83719			6
2025.03.21	02:48:18.850		0.83718			4
2025.03.21	02:48:21.183	0.83718	0.83720			6
2025.03.21	02:48:21.972	0.83717	0.83719			6
2025.03.21	02:48:35.792	0.83715	0.83718			6
2025.03.21	02:48:36.719		0.83719			4
2025.03.21	02:48:37.321	0.83716	0.83718			6
2025.03.21	02:48:37.916		0.83719			4
2025.03.21	02:48:41.640		0.83718			4
2025.03.21	02:48:51.421	0.83715	0.83719			6
2025.03.21	02:48:52.052		0.83718			4
2025.03.21	02:48:56.943		0.83719			4
2025.03.21	02:48:58.157		0.83718			4
2025.03.21	02:48:59.875	0.83717	0.83719			6
2025.03.21	02:49:00.249	0.83717	0.83718			6
2025.03.21	02:49:01.445	0.83716				2
2025.03.21	02:49:02.558		0.83719			4
2025.03.21	02:49:03.803		0.83718			4
2025.03.21	02:49:04.117		0.83719			4
2025.03.21	02:49:05.569	0.83718				2
2025.03.21	02:49:06.685	0.83716				2
2025.03.21	02:49:12.168	0.83715	0.83716			6
2025.03.21	02:49:12.477	0.83714	0.83715			6
2025.03.21	02:49:22.752	0.83715	0.83716			6
2025.03.21	02:49:23.202	0.83716	0.83717			6
2025.03.21	02:49:48.112	0.83715	0.83716			6
2025.03.21	02:49:50.306	0.83716	0.83717			6
2025.03.21	02:50:01.323	0.83716				2
2025.03.21	02:50:06.098	0.83717	0.83718			6
2025.03.21	02:50:16.696	0.83716	0.83717			6
2025.03.21	02:50:38.067	0.83719	0.83720			6
2025.03.21	02:50:43.721	0.83718	0.83719			6
2025.03.21	02:50:49.205	0.83717	0.83718			6
2025.03.21	02:50:50.361	0.83716	0.83717			6
2025.03.21	02:50:52.354	0.83717	0.83718			6
2025.03.21	02:50:59.014	0.83716	0.83717			6
2025.03.21	02:51:00.884	0.83716				2
2025.03.21	02:51:12.932	0.83717	0.83718			6
2025.03.21	02:51:17.704	0.83719	0.83720			6
2025.03.21	02:51:42.974	0.83718	0.83719			6
2025.03.21	02:52:00.028	0.83718				2
2025.03.21	02:52:18.652	0.83717	0.83718			6
2025.03.21	02:52:37.342	0.83718	0.83719			6
2025.03.21	02:52:39.044	0.83717	0.83718			6
2025.03.21	02:52:50.016	0.83716				2
2025.03.21	02:52:50.798	0.83717	0.83719			6
2025.03.21	02:53:00.699	0.83717				2
2025.03.21	02:53:02.834	0.83719	0.83720			6
2025.03.21	02:53:03.294	0.83717	0.83718			6
2025.03.21	02:53:11.868	0.83719	0.83720			6
2025.03.21	02:53:17.403	0.83717	0.83719			6
2025.03.21	02:53:18.151	0.83716	0.83717			6
2025.03.21	02:53:24.535	0.83717	0.83718			6
2025.03.21	02:53:32.162	0.83716	0.83717			6
2025.03.21	02:53:40.660	0.83717	0.83718			6
2025.03.21	02:53:44.070	0.83718	0.83719			6
2025.03.21	02:53:51.531	0.83716	0.83718			6
2025.03.21	02:53:51.856		0.83717			4
2025.03.21	02:54:00.814	0.83716				2
2025.03.21	02:54:51.915		0.83717			4
2025.03.21	02:55:00.428	0.83716				2
2025.03.21	02:55:05.074	0.83717	0.83720			6
2025.03.21	02:55:05.387		0.83719			4
2025.03.21	02:55:09.158	0.83718				2
2025.03.21	02:55:10.141	0.83717				2
2025.03.21	02:55:11.528	0.83718				2
2025.03.21	02:55:12.873	0.83717	0.83718			6
2025.03.21	02:55:13.201	0.83718	0.83719			6
2025.03.21	02:55:15.691	0.83717	0.83718			6
2025.03.21	02:55:17.147	0.83718	0.83719			6
2025.03.21	02:55:18.829	0.83717	0.83718			6
2025.03.21	02:55:19.138	0.83718	0.83719			6
2025.03.21	02:55:20.087	0.83715	0.83716			6
2025.03.21	02:55:20.778	0.83714	0.83715			6
2025.03.21	02:55:21.086	0.83713	0.83714			6
2025.03.21	02:55:27.978	0.83712	0.83715			6
2025.03.21	02:55:30.812	0.83713				2
2025.03.21	02:55:32.387	0.83714				2
2025.03.21	02:55:33.179	0.83713	0.83714			6
2025.03.21	02:55:33.525	0.83714	0.83715			6
2025.03.21	02:55:35.072	0.83713	0.83714			6
2025.03.21	02:55:46.383	0.83714	0.83715			6
2025.03.21	02:55:49.381	0.83713	0.83714			6
2025.03.21	02:55:49.777	0.83715	0.83716			6
2025.03.21	02:56:00.307	0.83715				2
2025.03.21	02:56:39.377	0.83717	0.83718			6
2025.03.21	02:57:00.480	0.83717				2
2025.03.21	02:57:03.396	0.83716	0.83717			6
2025.03.21	02:57:07.748	0.83715	0.83716			6
2025.03.21	02:57:11.402	0.83714	0.83715			6
2025.03.21	02:57:12.426	0.83716	0.83717			6
2025.03.21	02:57:30.391	0.83717	0.83718			6
2025.03.21	02:57:33.046	0.83718	0.83719			6
2025.03.21	02:57:49.366	0.83719	0.83720			6
2025.03.21	02:57:55.371	0.83720	0.83721			6
2025.03.21	02:57:55.772	0.83719	0.83720			6
2025.03.21	02:58:00.504	0.83719				2
2025.03.21	02:58:02.427	0.83721	0.83722			6
2025.03.21	02:58:16.281	0.83723	0.83724			6
2025.03.21	02:58:16.586	0.83724	0.83725			6
2025.03.21	02:58:20.386	0.83721	0.83722			6
2025.03.21	02:58:33.006	0.83722	0.83723			6
2025.03.21	02:58:37.863	0.83720	0.83721			6
2025.03.21	02:58:44.311	0.83721	0.83722			6
2025.03.21	02:58:45.146	0.83722	0.83723			6
2025.03.21	02:58:45.450	0.83723	0.83724			6
2025.03.21	02:58:49.756	0.83722	0.83723			6
2025.03.21	02:58:50.827	0.83719	0.83720			6
2025.03.21	02:58:52.310	0.83718	0.83719			6
2025.03.21	02:58:52.929	0.83720	0.83721			6
2025.03.21	02:58:53.246	0.83718	0.83719			6
2025.03.21	02:58:58.276	0.83717	0.83718			6
2025.03.21	02:59:00.322	0.83717				2
2025.03.21	02:59:02.420	0.83716	0.83717			6
2025.03.21	02:59:02.727	0.83717	0.83718			6
2025.03.21	02:59:23.302	0.83714	0.83715			6
2025.03.21	02:59:24.693	0.83713	0.83714			6
2025.03.21	02:59:30.286	0.83712	0.83713			6
2025.03.21	02:59:37.322	0.83711	0.83712			6
2025.03.21	02:59:40.292	0.83713	0.83714			6
2025.03.21	02:59:40.605	0.83712	0.83713			6
2025.03.21	02:59:41.406	0.83713	0.83714			6
2025.03.21	02:59:43.924	0.83712	0.83713			6
2025.03.21	02:59:44.467	0.83711	0.83712			6
2025.03.21	03:00:00.356	0.83711				2
2025.03.21	03:00:01.880	0.83712	0.83713			6
2025.03.21	03:00:02.505	0.83714	0.83715			6
2025.03.21	03:00:02.830	0.83713	0.83714			6
2025.03.21	03:00:03.136	0.83715	0.83716			6
2025.03.21	03:00:03.748	0.83716	0.83717			6
2025.03.21	03:00:05.468	0.83715	0.83716			6
2025.03.21	03:00:05.836	0.83716	0.83717			6
2025.03.21	03:00:06.178	0.83715	0.83716			6
2025.03.21	03:00:06.711	0.83717	0.83718			6
2025.03.21	03:00:07.470	0.83716	0.83717			6
2025.03.21	03:00:10.948	0.83718	0.83719			6
2025.03.21	03:00:11.587	0.83717	0.83718			6
2025.03.21	03:00:12.615	0.83719	0.83720			6
2025.03.21	03:00:14.524	0.83718	0.83719			6
2025.03.21	03:00:15.025	0.83719	0.83720			6
2025.03.21	03:00:16.128	0.83720	0.83721			6
2025.03.21	03:00:26.506	0.83722	0.83723			6
2025.03.21	03:00:39.114	0.83723	0.83724			6
2025.03.21	03:00:41.913	0.83724	0.83725			6
2025.03.21	03:00:42.473	0.83723	0.83724			6
2025.03.21	03:00:42.833	0.83726	0.83727			6
2025.03.21	03:00:43.504	0.83727	0.83728			6
2025.03.21	03:00:44.366	0.83726	0.83727			6
2025.03.21	03:00:54.253	0.83725	0.83726			6
2025.03.21	03:00:58.184	0.83726	0.83727			6
2025.03.21	03:01:00.330	0.83726	0.83728			6
2025.03.21	03:01:00.881		0.83727			4
2025.03.21	03:01:05.219	0.83724	0.83725			6
2025.03.21	03:01:09.428	0.83720	0.83721			6
2025.03.21	03:01:09.751	0.83718	0.83719			6
2025.03.21	03:01:33.134	0.83716	0.83717			6
2025.03.21	03:01:33.447	0.83715	0.83716			6
2025.03.21	03:01:36.803	0.83714	0.83715			6
2025.03.21	03:01:39.769	0.83715	0.83716			6
2025.03.21	03:01:42.001	0.83714	0.83715			6
2025.03.21	03:01:44.940	0.83715	0.83716			6
2025.03.21	03:01:49.498	0.83714	0.83715			6
2025.03.21	03:01:51.368	0.83716	0.83717			6
2025.03.21	03:01:52.302	0.83719	0.83720			6
2025.03.21	03:01:54.376	0.83720	0.83721			6
2025.03.21	03:01:59.134	0.83721	0.83722			6
2025.03.21	03:02:00.524	0.83721				2
2025.03.21	03:02:03.579	0.83722	0.83723			6
2025.03.21	03:02:06.341	0.83721	0.83722			6
2025.03.21	03:02:10.988	0.83722	0.83723			6
2025.03.21	03:02:14.332	0.83721	0.83722			6
2025.03.21	03:02:14.902	0.83723	0.83724			6
2025.03.21	03:02:17.257	0.83724	0.83725			6
2025.03.21	03:02:18.656	0.83722	0.83723			6
2025.03.21	03:02:18.958	0.83724	0.83725			6
2025.03.21	03:02:20.485	0.83723	0.83724			6
2025.03.21	03:02:25.531	0.83724	0.83725			6
2025.03.21	03:02:27.442	0.83723	0.83724			6
2025.03.21	03:02:37.897	0.83722	0.83723			6
2025.03.21	03:02:42.716	0.83723	0.83724			6
2025.03.21	03:02:43.216	0.83722	0.83723			6
2025.03.21	03:02:45.118	0.83723	0.83724			6
2025.03.21	03:02:46.998	0.83722	0.83723			6
2025.03.21	03:02:47.625	0.83721	0.83722			6
2025.03.21	03:03:00.427	0.83720	0.83721			6
2025.03.21	03:03:01.513	0.83722	0.83723			6
2025.03.21	03:03:09.056	0.83720	0.83721			6
2025.03.21	03:03:22.832	0.83721	0.83722			6
2025.03.21	03:03:24.812	0.83720	0.83721			6
2025.03.21	03:03:26.419	0.83718	0.83719			6
2025.03.21	03:03:26.848	0.83717	0.83718			6
2025.03.21	03:03:31.169		0.83719			4
2025.03.21	03:03:31.475		0.83718			4
2025.03.21	03:03:31.949	0.83718	0.83719			6
2025.03.21	03:03:35.454	0.83717				2
2025.03.21	03:03:35.764	0.83718				2
2025.03.21	03:03:38.689	0.83720	0.83721			6
2025.03.21	03:03:45.957	0.83718	0.83719			6
2025.03.21	03:03:58.972	0.83719	0.83720			6
2025.03.21	03:04:00.574	0.83719				2
2025.03.21	03:04:02.343	0.83718	0.83719			6
2025.03.21	03:04:05.501	0.83719	0.83720			6
2025.03.21	03:04:06.022	0.83718	0.83719			6
2025.03.21	03:04:19.673	0.83716	0.83717			6
2025.03.21	03:04:19.983	0.83715	0.83716			6
2025.03.21	03:05:00.023	0.83715				2
2025.03.21	03:05:00.368	0.83716	0.83717			6
2025.03.21	03:05:01.186	0.83715	0.83716			6
2025.03.21	03:05:12.260	0.83716	0.83717			6
2025.03.21	03:05:29.526	0.83715	0.83716			6
2025.03.21	03:05:31.317	0.83716	0.83717			6
2025.03.21	03:05:55.270	0.83717	0.83718			6
2025.03.21	03:06:01.088	0.83717				2
2025.03.21	03:06:02.823	0.83716				2
2025.03.21	03:06:03.179	0.83717				2
2025.03.21	03:06:03.661	0.83716	0.83717			6
2025.03.21	03:06:05.265		0.83719			4
2025.03.21	03:06:10.745	0.83717				2
2025.03.21	03:06:13.421	0.83718				2
2025.03.21	03:06:16.003	0.83717				2
2025.03.21	03:06:17.917		0.83718			4
2025.03.21	03:06:20.937	0.83718	0.83719			6
2025.03.21	03:06:22.262	0.83717	0.83718			6
2025.03.21	03:06:29.512	0.83716	0.83717			6
2025.03.21	03:06:35.582	0.83717	0.83718			6
2025.03.21	03:06:38.935	0.83716	0.83717			6
2025.03.21	03:06:40.824	0.83717	0.83718			6
2025.03.21	03:06:42.702	0.83716	0.83717			6
2025.03.21	03:06:43.628	0.83717	0.83718			6
2025.03.21	03:06:47.385	0.83716	0.83717			6
2025.03.21	03:06:47.743	0.83717	0.83718			6
2025.03.21	03:06:53.628	0.83716	0.83717			6
2025.03.21	03:06:55.893	0.83717	0.83718			6
2025.03.21	03:06:56.525	0.83718	0.83719			6
2025.03.21	03:06:57.132	0.83717	0.83718			6
2025.03.21	03:06:57.977	0.83718	0.83719			6
2025.03.21	03:06:58.370	0.83717	0.83718			6
2025.03.21	03:07:00.012	0.83717				2
2025.03.21	03:07:01.367	0.83718	0.83719			6
2025.03.21	03:07:01.739	0.83717	0.83718			6
2025.03.21	03:07:04.278	0.83716	0.83717			6
2025.03.21	03:07:05.378	0.83718	0.83719			6
2025.03.21	03:07:06.965	0.83717	0.83718			6
2025.03.21	03:07:17.529	0.83716	0.83717			6
2025.03.21	03:07:18.910	0.83717	0.83718			6
2025.03.21	03:07:19.609	0.83718	0.83719			6
2025.03.21	03:07:25.513	0.83717	0.83718			6
2025.03.21	03:07:27.667	0.83718	0.83719			6
2025.03.21	03:07:32.423	0.83717	0.83718			6
2025.03.21	03:07:35.108	0.83718	0.83719			6
2025.03.21	03:07:36.237	0.83719	0.83720			6
2025.03.21	03:07:40.514	0.83718	0.83719			6
2025.03.21	03:07:43.090	0.83719	0.83720			6
2025.03.21	03:07:45.936	0.83718	0.83719			6
2025.03.21	03:07:49.453	0.83717	0.83718			6
2025.03.21	03:07:50.072	0.83716	0.83717			6
2025.03.21	03:07:54.774	0.83715	0.83716			6
2025.03.21	03:07:56.349	0.83717	0.83718			6
2025.03.21	03:07:57.271	0.83716	0.83717			6
2025.03.21	03:07:58.897	0.83717	0.83718			6
2025.03.21	03:07:59.529	0.83716	0.83717			6
2025.03.21	03:08:00.434	0.83716				2
2025.03.21	03:08:00.989	0.83715	0.83716			6
2025.03.21	03:08:02.349	0.83716	0.83717			6
2025.03.21	03:08:06.385	0.83717	0.83718			6
2025.03.21	03:08:09.833	0.83718	0.83719			6
2025.03.21	03:08:25.125	0.83717	0.83718			6
2025.03.21	03:08:32.456	0.83716	0.83717			6
2025.03.21	03:08:37.279	0.83717	0.83718			6
2025.03.21	03:08:40.096	0.83716	0.83717			6
2025.03.21	03:08:43.452	0.83715	0.83716			6
2025.03.21	03:08:43.808	0.83717	0.83718			6
2025.03.21	03:08:44.172	0.83716	0.83717			6
2025.03.21	03:08:52.328	0.83717	0.83718			6
2025.03.21	03:09:00.352	0.83717				2
2025.03.21	03:09:07.483	0.83716	0.83717			6
2025.03.21	03:09:13.578	0.83717	0.83718			6
2025.03.21	03:09:15.729	0.83716	0.83717			6
2025.03.21	03:09:16.780	0.83717	0.83718			6
2025.03.21	03:09:17.441	0.83716	0.83717			6
2025.03.21	03:09:17.911	0.83718	0.83719			6
2025.03.21	03:09:18.687	0.83719	0.83720			6
2025.03.21	03:09:19.008	0.83718	0.83719			6
2025.03.21	03:09:27.198	0.83717	0.83718			6
2025.03.21	03:09:27.677	0.83718	0.83719			6
2025.03.21	03:09:46.941	0.83719	0.83720			6
2025.03.21	03:09:53.687	0.83718	0.83719			6
2025.03.21	03:09:54.179	0.83719	0.83720			6
2025.03.21	03:10:00.004	0.83718	0.83719			6
2025.03.21	03:10:04.320	0.83719	0.83720			6
2025.03.21	03:10:09.872	0.83720	0.83721			6
2025.03.21	03:10:26.817	0.83719	0.83720			6
2025.03.21	03:10:29.922	0.83720	0.83721			6
2025.03.21	03:10:30.997	0.83719	0.83720			6
2025.03.21	03:10:38.220	0.83720	0.83721			6
2025.03.21	03:10:42.347	0.83719	0.83720			6
2025.03.21	03:10:44.356	0.83720	0.83721			6
2025.03.21	03:10:49.478	0.83719	0.83720			6
2025.03.21	03:10:50.378	0.83718	0.83719			6
2025.03.21	03:10:50.780	0.83719	0.83720			6
2025.03.21	03:10:51.379	0.83720	0.83721			6
2025.03.21	03:10:51.752	0.83719	0.83720			6
2025.03.21	03:11:00.171	0.83719				2
2025.03.21	03:11:03.039	0.83720	0.83721			6
2025.03.21	03:11:05.191	0.83718	0.83719			6
2025.03.21	03:11:06.346	0.83721	0.83722			6
2025.03.21	03:11:06.661	0.83720	0.83721			6
2025.03.21	03:11:09.306	0.83721	0.83722			6
2025.03.21	03:11:15.482	0.83722	0.83723			6
2025.03.21	03:11:18.470	0.83721	0.83722			6
2025.03.21	03:11:21.707	0.83722	0.83723			6
2025.03.21	03:11:24.522	0.83720	0.83721			6
2025.03.21	03:11:29.198	0.83719	0.83720			6
2025.03.21	03:11:30.253	0.83717	0.83718			6
2025.03.21	03:11:32.354	0.83718	0.83719			6
2025.03.21	03:11:35.724	0.83719	0.83720			6
2025.03.21	03:11:36.344	0.83716	0.83717			6
2025.03.21	03:11:36.967	0.83719	0.83720			6
2025.03.21	03:11:37.866	0.83720	0.83721			6
2025.03.21	03:11:40.457	0.83719	0.83720			6
2025.03.21	03:11:41.243	0.83720	0.83721			6
2025.03.21	03:11:42.665	0.83719	0.83720			6
2025.03.21	03:11:43.439	0.83720	0.83721			6
2025.03.21	03:11:53.266	0.83719	0.83720			6
2025.03.21	03:11:54.786	0.83720	0.83721			6
2025.03.21	03:12:00.431	0.83720				2
2025.03.21	03:12:00.761	0.83719	0.83720			6
2025.03.21	03:12:01.376	0.83720	0.83721			6
2025.03.21	03:12:02.718	0.83719	0.83720			6
2025.03.21	03:12:03.658	0.83720	0.83721			6
2025.03.21	03:12:18.638	0.83721	0.83722			6
2025.03.21	03:12:20.567	0.83720	0.83721			6
2025.03.21	03:12:26.597	0.83719	0.83720			6
2025.03.21	03:12:30.406	0.83718	0.83719			6
2025.03.21	03:12:31.997	0.83717	0.83718			6
2025.03.21	03:12:34.484	0.83716	0.83717			6
2025.03.21	03:12:34.792		0.83718			4
2025.03.21	03:12:35.637		0.83717			4
2025.03.21	03:12:35.992	0.83717	0.83718			6
2025.03.21	03:12:37.801	0.83716	0.83717			6
2025.03.21	03:12:43.323	0.83717	0.83718			6
2025.03.21	03:12:43.660	0.83716	0.83717			6
2025.03.21	03:12:48.705	0.83715	0.83716			6
2025.03.21	03:12:57.326	0.83717	0.83718			6
2025.03.21	03:12:58.880	0.83716	0.83717			6
2025.03.21	03:13:00.042	0.83716				2
2025.03.21	03:13:10.383	0.83717	0.83718			6
2025.03.21	03:13:19.228	0.83715	0.83716			6
2025.03.21	03:13:24.236	0.83717	0.83718			6
2025.03.21	03:13:24.546	0.83714	0.83715			6
2025.03.21	03:13:32.409	0.83713	0.83714			6
2025.03.21	03:13:33.601	0.83714	0.83715			6
2025.03.21	03:13:51.516	0.83713	0.83714			6
2025.03.21	03:13:58.628	0.83714	0.83715			6
2025.03.21	03:14:00.539	0.83714				2
2025.03.21	03:14:01.258	0.83712	0.83713			6
2025.03.21	03:14:01.952	0.83711	0.83712			6
2025.03.21	03:14:02.991	0.83713	0.83714			6
2025.03.21	03:14:09.547	0.83715	0.83716			6
2025.03.21	03:14:10.280	0.83716	0.83717			6
2025.03.21	03:14:16.252	0.83715	0.83716			6
2025.03.21	03:14:17.283	0.83714	0.83715			6
2025.03.21	03:14:29.112	0.83715	0.83716			6
2025.03.21	03:14:29.929	0.83714	0.83715			6
2025.03.21	03:14:43.688	0.83713	0.83714			6
2025.03.21	03:14:50.881	0.83715	0.83716			6
2025.03.21	03:15:00.612	0.83715				2
2025.03.21	03:15:14.323	0.83714	0.83715			6
2025.03.21	03:15:14.705	0.83715	0.83716			6
2025.03.21	03:15:17.527	0.83716	0.83717			6
2025.03.21	03:15:21.770	0.83717	0.83718			6
2025.03.21	03:15:26.492	0.83716	0.83717			6
2025.03.21	03:15:35.219	0.83717	0.83718			6
2025.03.21	03:15:35.866	0.83715	0.83716			6
2025.03.21	03:15:37.577	0.83716	0.83717			6
2025.03.21	03:15:38.095	0.83715	0.83716			6
2025.03.21	03:15:41.510	0.83716	0.83717			6
2025.03.21	03:15:44.442	0.83717	0.83718			6
2025.03.21	03:15:45.285	0.83718	0.83719			6
2025.03.21	03:15:50.398	0.83717	0.83718			6
2025.03.21	03:15:59.409	0.83718	0.83719			6
2025.03.21	03:15:59.729	0.83717	0.83718			6
2025.03.21	03:16:00.262	0.83718	0.83719			6
2025.03.21	03:16:01.829	0.83719	0.83720			6
2025.03.21	03:16:09.583	0.83718	0.83719			6
2025.03.21	03:16:11.475	0.83717	0.83718			6
2025.03.21	03:16:15.678	0.83718	0.83719			6
2025.03.21	03:16:18.380	0.83719	0.83720			6
2025.03.21	03:16:19.202	0.83718	0.83719			6
2025.03.21	03:16:19.719	0.83719	0.83720			6
2025.03.21	03:16:25.536	0.83718	0.83719			6
2025.03.21	03:16:26.328	0.83717	0.83718			6
2025.03.21	03:16:28.117	0.83718	0.83719			6
2025.03.21	03:16:28.813	0.83717	0.83718			6
2025.03.21	03:16:30.078	0.83716	0.83717			6
2025.03.21	03:16:31.455	0.83717	0.83718			6
2025.03.21	03:16:35.020	0.83718	0.83719			6
2025.03.21	03:16:35.594	0.83717	0.83718			6
2025.03.21	03:16:46.025	0.83716	0.83717			6
2025.03.21	03:17:00.227	0.83716				2
2025.03.21	03:17:03.851	0.83718	0.83719			6
2025.03.21	03:17:04.168	0.83717	0.83718			6
2025.03.21	03:17:10.321	0.83716				2
2025.03.21	03:17:15.836	0.83717				2
2025.03.21	03:17:16.412	0.83716	0.83719			6
2025.03.21	03:17:16.818		0.83717			4
2025.03.21	03:17:18.206	0.83717	0.83718			6
2025.03.21	03:17:22.745	0.83716	0.83717			6
2025.03.21	03:17:43.605	0.83717	0.83718			6
2025.03.21	03:17:54.286	0.83716	0.83717			6
2025.03.21	03:17:54.955	0.83718	0.83719			6
2025.03.21	03:17:58.244	0.83717	0.83718			6
2025.03.21	03:18:00.193	0.83718	0.83719			6
2025.03.21	03:18:00.759	0.83719	0.83720			6
2025.03.21	03:18:19.420	0.83720	0.83721			6
2025.03.21	03:18:28.062	0.83717	0.83718			6
2025.03.21	03:18:28.574	0.83719	0.83720			6
2025.03.21	03:18:39.323	0.83720	0.83721			6
2025.03.21	03:18:39.641	0.83719	0.83720			6
2025.03.21	03:18:52.967	0.83720	0.83721			6
2025.03.21	03:18:53.302	0.83719	0.83720			6
2025.03.21	03:18:58.211	0.83717	0.83718			6
2025.03.21	03:18:58.987	0.83718	0.83719			6
2025.03.21	03:19:00.045	0.83718				2
2025.03.21	03:19:01.765	0.83719	0.83720			6
2025.03.21	03:19:02.573	0.83716	0.83717			6
2025.03.21	03:19:08.386	0.83715	0.83716			6
2025.03.21	03:19:09.549	0.83716	0.83717			6
2025.03.21	03:19:13.174	0.83715	0.83716			6
2025.03.21	03:19:20.299	0.83716	0.83717			6
2025.03.21	03:19:28.293	0.83715	0.83716			6
2025.03.21	03:19:30.357	0.83716	0.83717			6
2025.03.21	03:19:30.708	0.83715	0.83716			6
2025.03.21	03:19:41.399	0.83716	0.83717			6
2025.03.21	03:19:44.418	0.83717	0.83718			6
2025.03.21	03:19:45.584	0.83716	0.83717			6
2025.03.21	03:19:46.440	0.83717	0.83718			6
2025.03.21	03:19:53.149	0.83718	0.83719			6
2025.03.21	03:20:00.850	0.83718				2
2025.03.21	03:20:01.240	0.83717	0.83718			6
2025.03.21	03:20:08.547	0.83718	0.83719			6
2025.03.21	03:20:13.803	0.83719	0.83720			6
2025.03.21	03:20:16.878	0.83720	0.83721			6
2025.03.21	03:20:17.573	0.83721	0.83722			6
2025.03.21	03:20:20.375	0.83720	0.83721			6
2025.03.21	03:20:22.176	0.83721	0.83722			6
2025.03.21	03:20:22.479	0.83723	0.83724			6
2025.03.21	03:20:27.751	0.83722	0.83723			6
2025.03.21	03:20:42.769	0.83723	0.83724			6
2025.03.21	03:20:49.611	0.83722	0.83723			6
2025.03.21	03:20:50.345	0.83723	0.83724			6
2025.03.21	03:20:56.703	0.83722	0.83723			6
2025.03.21	03:20:57.336	0.83721	0.83722			6
2025.03.21	03:21:00.547	0.83722	0.83723			6
2025.03.21	03:21:02.060	0.83721	0.83722			6
2025.03.21	03:21:07.542	0.83720	0.83721			6
2025.03.21	03:21:09.587	0.83722	0.83723			6
2025.03.21	03:21:09.901	0.83721	0.83722			6
2025.03.21	03:21:12.803	0.83720	0.83721			6
2025.03.21	03:21:20.499	0.83721	0.83722			6
2025.03.21	03:21:27.237	0.83720	0.83721			6
2025.03.21	03:21:27.955	0.83718	0.83719			6
2025.03.21	03:21:28.266	0.83716	0.83717			6
2025.03.21	03:21:30.325	0.83717	0.83718			6
2025.03.21	03:21:47.424	0.83718	0.83719			6
2025.03.21	03:21:47.743	0.83717	0.83718			6
2025.03.21	03:21:50.357	0.83718	0.83719			6
2025.03.21	03:21:50.681	0.83717	0.83718			6
2025.03.21	03:21:50.985	0.83718	0.83719			6
2025.03.21	03:21:51.620	0.83717	0.83718			6
2025.03.21	03:22:00.421	0.83717				2
2025.03.21	03:22:05.082	0.83716	0.83717			6
2025.03.21	03:22:16.404	0.83717	0.83718			6
2025.03.21	03:22:18.577	0.83718	0.83719			6
2025.03.21	03:22:20.313	0.83717	0.83718			6
2025.03.21	03:22:21.132	0.83716	0.83717			6
2025.03.21	03:23:00.172	0.83716				2
2025.03.21	03:23:02.505	0.83722	0.83723			6
2025.03.21	03:23:02.883	0.83721	0.83722			6
2025.03.21	03:23:03.198	0.83722	0.83723			6
2025.03.21	03:23:03.527	0.83721	0.83722			6
2025.03.21	03:23:03.871	0.83722	0.83723			6
2025.03.21	03:23:05.274	0.83724	0.83725			6
2025.03.21	03:23:05.672	0.83725	0.83726			6
2025.03.21	03:23:16.321	0.83726	0.83727			6
2025.03.21	03:23:17.404	0.83725	0.83726			6
2025.03.21	03:23:19.922	0.83724	0.83725			6
2025.03.21	03:23:20.684	0.83723	0.83724			6
2025.03.21	03:23:34.358	0.83724	0.83725			6
2025.03.21	03:23:35.474	0.83723	0.83724			6
2025.03.21	03:23:37.020	0.83724	0.83725			6
2025.03.21	03:23:44.580	0.83726	0.83727			6
2025.03.21	03:24:00.200	0.83725	0.83726			6
2025.03.21	03:24:12.777	0.83724	0.83725			6
2025.03.21	03:24:13.088	0.83725	0.83726			6
2025.03.21	03:24:13.411	0.83724	0.83725			6
2025.03.21	03:24:15.999	0.83725	0.83726			6
2025.03.21	03:24:19.789	0.83724	0.83725			6
2025.03.21	03:24:20.863	0.83725	0.83726			6
2025.03.21	03:24:25.370	0.83724	0.83725			6
2025.03.21	03:24:30.301	0.83725	0.83726			6
2025.03.21	03:24:39.095	0.83724	0.83725			6
2025.03.21	03:24:41.841	0.83726	0.83727			6
2025.03.21	03:24:42.417	0.83727	0.83728			6
2025.03.21	03:24:43.054	0.83726	0.83727			6
2025.03.21	03:24:43.778	0.83728	0.83729			6
2025.03.21	03:24:51.426	0.83726	0.83727			6
2025.03.21	03:25:01.079	0.83726				2
2025.03.21	03:25:01.473	0.83725	0.83726			6
2025.03.21	03:25:18.582	0.83724	0.83725			6
2025.03.21	03:25:31.785	0.83723	0.83724			6
2025.03.21	03:25:34.393	0.83724	0.83725			6
2025.03.21	03:25:35.544	0.83723	0.83724			6
2025.03.21	03:25:50.973		0.83725			4
2025.03.21	03:25:51.278		0.83724			4
2025.03.21	03:25:51.627	0.83724	0.83725			6
2025.03.21	03:25:53.777	0.83723	0.83724			6
2025.03.21	03:25:59.344	0.83724	0.83725			6
2025.03.21	03:25:59.649	0.83722	0.83723			6
2025.03.21	03:26:00.452	0.83722				2
2025.03.21	03:26:00.791	0.83720	0.83722			6
2025.03.21	03:26:02.330		0.83721			4
2025.03.21	03:26:05.060	0.83721	0.83722			6
2025.03.21	03:26:05.821	0.83720				2
2025.03.21	03:26:06.278	0.83721				2
2025.03.21	03:26:08.628	0.83720	0.83721			6
2025.03.21	03:26:10.385	0.83719	0.83720			6
2025.03.21	03:26:25.122	0.83720	0.83721			6
2025.03.21	03:26:32.172	0.83721	0.83722			6
2025.03.21	03:26:40.375	0.83722	0.83723			6
2025.03.21	03:26:41.287	0.83721	0.83722			6
2025.03.21	03:26:47.826	0.83720	0.83721			6
2025.03.21	03:26:51.743	0.83719	0.83720			6
2025.03.21	03:26:56.537		0.83721			4
2025.03.21	03:26:56.865		0.83720			4
2025.03.21	03:26:58.647	0.83720	0.83721			6
2025.03.21	03:27:01.592	0.83721	0.83722			6
2025.03.21	03:27:02.376	0.83720	0.83721			6
2025.03.21	03:27:11.812	0.83721	0.83722			6
2025.03.21	03:27:13.113	0.83720	0.83721			6
2025.03.21	03:27:28.096	0.83721	0.83722			6
2025.03.21	03:27:44.218	0.83720	0.83721			6
2025.03.21	03:27:52.900	0.83721	0.83722			6
2025.03.21	03:28:00.272	0.83721				2
2025.03.21	03:28:05.647	0.83722	0.83723			6
2025.03.21	03:28:32.380	0.83721	0.83722			6
2025.03.21	03:28:32.721	0.83720	0.83721			6
2025.03.21	03:28:46.868	0.83719	0.83720			6
2025.03.21	03:28:52.067	0.83720	0.83721			6
2025.03.21	03:28:52.903	0.83719	0.83720			6
2025.03.21	03:28:57.787	0.83720	0.83721			6
2025.03.21	03:29:00.219	0.83720				2
2025.03.21	03:29:05.693	0.83719	0.83720			6
2025.03.21	03:29:24.320	0.83720	0.83721			6
2025.03.21	03:29:40.532	0.83719	0.83720			6
2025.03.21	03:30:00.532	0.83719				2
2025.03.21	03:30:03.218	0.83718	0.83719			6
2025.03.21	03:30:07.493	0.83719	0.83720			6
2025.03.21	03:30:19.603	0.83717	0.83718			6
2025.03.21	03:30:20.349	0.83716	0.83717			6
2025.03.21	03:30:20.661	0.83717	0.83718			6
2025.03.21	03:30:21.008	0.83718	0.83719			6
2025.03.21	03:30:35.327	0.83717	0.83718			6
2025.03.21	03:30:35.629	0.83716	0.83717			6
2025.03.21	03:30:36.074	0.83714	0.83715			6
2025.03.21	03:30:49.278	0.83713	0.83714			6
2025.03.21	03:30:55.488	0.83715	0.83716			6
2025.03.21	03:30:59.755	0.83714	0.83715			6
2025.03.21	03:31:00.569	0.83714				2
2025.03.21	03:31:06.388	0.83713	0.83714			6
2025.03.21	03:31:07.332	0.83714	0.83715			6
2025.03.21	03:31:07.651	0.83713	0.83714			6
2025.03.21	03:31:18.631	0.83714	0.83715			6
2025.03.21	03:31:20.260	0.83713	0.83714			6
2025.03.21	03:31:30.575	0.83714	0.83715			6
2025.03.21	03:31:34.522	0.83713	0.83714			6
2025.03.21	03:31:35.281	0.83712	0.83713			6
2025.03.21	03:31:59.974	0.83711	0.83712			6
2025.03.21	03:32:00.316	0.83711				2
2025.03.21	03:32:02.085		0.83713			4
2025.03.21	03:32:02.388	0.83712				2
2025.03.21	03:32:03.593	0.83713	0.83714			6
2025.03.21	03:32:52.321	0.83714	0.83715			6
2025.03.21	03:33:00.480	0.83714				2
2025.03.21	03:33:09.710	0.83713	0.83714			6
2025.03.21	03:33:12.787	0.83715	0.83716			6
2025.03.21	03:33:20.638	0.83714	0.83715			6
2025.03.21	03:33:58.551	0.83715	0.83716			6
2025.03.21	03:34:06.179	0.83715				2
2025.03.21	03:34:12.324	0.83714	0.83715			6
2025.03.21	03:34:14.206	0.83715	0.83716			6
2025.03.21	03:34:29.195	0.83716	0.83717			6
2025.03.21	03:34:51.870	0.83715	0.83716			6
2025.03.21	03:34:57.837	0.83719	0.83720			6
2025.03.21	03:34:58.146	0.83717	0.83718			6
2025.03.21	03:35:01.674	0.83717				2
2025.03.21	03:35:14.802	0.83716	0.83717			6
2025.03.21	03:35:31.784	0.83717	0.83718			6
2025.03.21	03:35:54.426	0.83718	0.83719			6
2025.03.21	03:35:54.728	0.83719	0.83720			6
2025.03.21	03:35:55.839	0.83718	0.83719			6
2025.03.21	03:36:00.345	0.83720	0.83721			6
2025.03.21	03:36:00.681	0.83721	0.83722			6
2025.03.21	03:36:27.441	0.83720	0.83721			6
2025.03.21	03:36:27.749	0.83721	0.83722			6
2025.03.21	03:36:28.653	0.83722	0.83723			6
2025.03.21	03:36:31.912	0.83720	0.83721			6
2025.03.21	03:36:32.390	0.83721	0.83722			6
2025.03.21	03:36:32.725	0.83720	0.83721			6
2025.03.21	03:36:33.506	0.83722	0.83723			6
2025.03.21	03:36:42.706	0.83720	0.83721			6
2025.03.21	03:36:44.317	0.83719	0.83720			6
2025.03.21	03:36:47.215	0.83718	0.83719			6
2025.03.21	03:36:51.936	0.83719	0.83720			6
2025.03.21	03:36:52.329	0.83718	0.83719			6
2025.03.21	03:36:57.805	0.83717	0.83718			6
2025.03.21	03:37:00.466	0.83718	0.83719			6
2025.03.21	03:37:05.619	0.83717	0.83718			6
2025.03.21	03:37:07.743	0.83716	0.83717			6
2025.03.21	03:37:08.078	0.83717	0.83718			6
2025.03.21	03:37:11.664	0.83716	0.83717			6
2025.03.21	03:37:13.528	0.83717	0.83718			6
2025.03.21	03:37:14.685	0.83716	0.83717			6
2025.03.21	03:37:15.808	0.83717	0.83718			6
2025.03.21	03:37:23.596	0.83718	0.83719			6
2025.03.21	03:37:24.114	0.83717	0.83718			6
2025.03.21	03:37:27.531	0.83718	0.83719			6
2025.03.21	03:37:28.031	0.83717	0.83718			6
2025.03.21	03:37:28.338	0.83718	0.83719			6
2025.03.21	03:37:28.862	0.83717	0.83718			6
2025.03.21	03:37:29.193	0.83718	0.83719			6
2025.03.21	03:37:31.910	0.83719	0.83720			6
2025.03.21	03:37:37.739	0.83720	0.83721			6
2025.03.21	03:37:38.816	0.83719	0.83720			6
2025.03.21	03:37:43.831	0.83720	0.83721			6
2025.03.21	03:37:50.770	0.83719	0.83720			6
2025.03.21	03:37:51.083	0.83720	0.83721			6
2025.03.21	03:38:00.392	0.83720				2
2025.03.21	03:38:07.064	0.83718	0.83719			6
2025.03.21	03:38:16.930	0.83719	0.83720			6
2025.03.21	03:38:43.271	0.83718	0.83719			6
2025.03.21	03:38:50.988	0.83719	0.83720			6
2025.03.21	03:38:51.403	0.83718	0.83719			6
2025.03.21	03:38:57.363	0.83719	0.83720			6
2025.03.21	03:38:57.971	0.83720	0.83721			6
2025.03.21	03:39:00.390	0.83720				2
2025.03.21	03:39:01.794	0.83719	0.83720			6
2025.03.21	03:39:04.768	0.83720	0.83721			6
2025.03.21	03:39:06.346	0.83722	0.83723			6
2025.03.21	03:39:08.449	0.83721	0.83722			6
2025.03.21	03:39:13.003	0.83722	0.83723			6
2025.03.21	03:39:14.861	0.83723	0.83724			6
2025.03.21	03:39:19.301	0.83722	0.83723			6
2025.03.21	03:39:23.974	0.83723	0.83724			6
2025.03.21	03:39:28.816	0.83722	0.83723			6
2025.03.21	03:39:29.553	0.83723	0.83724			6
2025.03.21	03:39:29.865	0.83725	0.83726			6
2025.03.21	03:39:31.487	0.83726	0.83727			6
2025.03.21	03:39:32.198	0.83724	0.83725			6
2025.03.21	03:40:01.075	0.83723	0.83724			6
2025.03.21	03:40:01.493	0.83722	0.83723			6
2025.03.21	03:40:28.553	0.83720	0.83721			6
2025.03.21	03:40:30.209	0.83721	0.83722			6
2025.03.21	03:40:36.066	0.83722	0.83723			6
2025.03.21	03:40:39.363	0.83723	0.83724			6
2025.03.21	03:40:39.678	0.83722	0.83723			6
2025.03.21	03:40:57.036	0.83723	0.83724			6
2025.03.21	03:41:00.101	0.83723				2
2025.03.21	03:41:02.273	0.83722	0.83723			6
2025.03.21	03:41:03.583	0.83723	0.83724			6
2025.03.21	03:41:03.979	0.83724	0.83725			6
2025.03.21	03:41:10.358	0.83725	0.83726			6
2025.03.21	03:41:15.777	0.83724	0.83725			6
2025.03.21	03:41:34.899	0.83723	0.83724			6
2025.03.21	03:41:36.267	0.83724	0.83725			6
2025.03.21	03:41:40.879	0.83722	0.83723			6
2025.03.21	03:41:41.302	0.83724	0.83725			6
2025.03.21	03:41:45.888	0.83722	0.83723			6
2025.03.21	03:42:00.045	0.83722				2
2025.03.21	03:42:01.694	0.83721	0.83722			6
2025.03.21	03:42:04.945	0.83722	0.83723			6
2025.03.21	03:42:09.977	0.83721	0.83722			6
2025.03.21	03:42:12.078	0.83722	0.83723			6
2025.03.21	03:42:14.367	0.83721	0.83722			6
2025.03.21	03:42:18.329	0.83720	0.83721			6
2025.03.21	03:42:20.102	0.83721	0.83722			6
2025.03.21	03:42:20.605	0.83720	0.83721			6
2025.03.21	03:42:24.594	0.83721	0.83722			6
2025.03.21	03:42:30.595	0.83720	0.83721			6
2025.03.21	03:42:46.127	0.83722	0.83723			6
2025.03.21	03:42:47.460	0.83723	0.83724			6
2025.03.21	03:42:48.679	0.83721	0.83722			6
2025.03.21	03:42:52.724	0.83720	0.83721			6
2025.03.21	03:43:00.477	0.83721	0.83722			6
2025.03.21	03:43:03.484		0.83723			4
2025.03.21	03:43:08.817		0.83722			4
2025.03.21	03:43:09.173		0.83724			4
2025.03.21	03:43:09.855		0.83722			4
2025.03.21	03:43:15.960	0.83722	0.83723			6
2025.03.21	03:43:16.901	0.83721	0.83722			6
2025.03.21	03:43:18.455	0.83723	0.83724			6
2025.03.21	03:43:31.042	0.83722	0.83723			6
2025.03.21	03:43:31.484	0.83723	0.83724			6
2025.03.21	03:43:32.429	0.83722	0.83723			6
2025.03.21	03:43:32.742	0.83723	0.83724			6
2025.03.21	03:43:41.701	0.83724	0.83725			6
2025.03.21	03:43:45.127	0.83725	0.83726			6
2025.03.21	03:43:45.862	0.83726	0.83727			6
2025.03.21	03:43:46.349	0.83724	0.83725			6
2025.03.21	03:43:54.204	0.83725	0.83726			6
2025.03.21	03:44:01.930	0.83725				2
2025.03.21	03:44:04.614	0.83724	0.83725			6
2025.03.21	03:44:04.963	0.83725	0.83726			6
2025.03.21	03:44:08.753	0.83726	0.83727			6
2025.03.21	03:44:12.123	0.83725	0.83726			6
2025.03.21	03:44:22.672	0.83726	0.83727			6
2025.03.21	03:44:23.282	0.83725	0.83726			6
2025.03.21	03:44:34.299	0.83724	0.83725			6
2025.03.21	03:44:43.486	0.83725	0.83726			6
2025.03.21	03:44:43.880	0.83724	0.83725			6
2025.03.21	03:44:45.699	0.83725	0.83726			6
2025.03.21	03:44:46.027	0.83724	0.83725			6
2025.03.21	03:45:01.168	0.83724				2
2025.03.21	03:45:22.112	0.83722	0.83723			6
2025.03.21	03:45:23.101	0.83721	0.83722			6
2025.03.21	03:45:29.661	0.83722	0.83723			6
2025.03.21	03:45:32.174	0.83723	0.83724			6
2025.03.21	03:45:37.805	0.83724	0.83725			6
2025.03.21	03:45:38.425	0.83723	0.83724			6
2025.03.21	03:45:45.330	0.83724	0.83725			6
2025.03.21	03:45:45.697	0.83725	0.83726			6
2025.03.21	03:45:59.095	0.83724	0.83725			6
2025.03.21	03:46:00.460	0.83724				2
2025.03.21	03:46:05.471	0.83723	0.83724			6
2025.03.21	03:46:07.128	0.83724	0.83725			6
2025.03.21	03:46:13.270	0.83723	0.83724			6
2025.03.21	03:46:13.585	0.83722	0.83723			6
2025.03.21	03:46:21.729	0.83721	0.83722			6
2025.03.21	03:46:29.633	0.83720	0.83721			6
2025.03.21	03:46:29.948	0.83719	0.83720			6
2025.03.21	03:46:30.611	0.83720	0.83721			6
2025.03.21	03:46:32.113	0.83719	0.83720			6
2025.03.21	03:46:34.128	0.83720	0.83721			6
2025.03.21	03:46:34.668	0.83719	0.83720			6
2025.03.21	03:46:34.969	0.83718	0.83719			6
2025.03.21	03:46:35.706	0.83717	0.83718			6
2025.03.21	03:46:36.093	0.83716	0.83717			6
2025.03.21	03:46:38.403	0.83717	0.83718			6
2025.03.21	03:46:39.005	0.83716	0.83717			6
2025.03.21	03:46:43.992	0.83717	0.83718			6
2025.03.21	03:46:53.175	0.83718	0.83719			6
2025.03.21	03:46:54.032	0.83719	0.83720			6
2025.03.21	03:46:54.447	0.83718	0.83719			6
2025.03.21	03:46:54.793	0.83719	0.83720			6
2025.03.21	03:46:55.357	0.83718	0.83719			6
2025.03.21	03:46:55.736	0.83719	0.83720			6
2025.03.21	03:47:00.759	0.83719				2
2025.03.21	03:47:11.430	0.83718	0.83719			6
2025.03.21	03:47:13.214	0.83717	0.83718			6
2025.03.21	03:47:26.426	0.83718	0.83719			6
2025.03.21	03:47:27.400	0.83717	0.83718			6
2025.03.21	03:47:28.628	0.83716	0.83717			6
2025.03.21	03:47:35.024	0.83715	0.83716			6
2025.03.21	03:47:35.986	0.83716	0.83717			6
2025.03.21	03:47:36.349	0.83714	0.83715			6
2025.03.21	03:47:39.826	0.83715	0.83716			6
2025.03.21	03:47:41.006	0.83716	0.83717			6
2025.03.21	03:47:42.273	0.83717	0.83718			6
2025.03.21	03:48:01.251	0.83717				2
2025.03.21	03:48:04.439	0.83718	0.83719			6
2025.03.21	03:48:24.352	0.83716	0.83717			6
2025.03.21	03:48:31.676	0.83715	0.83716			6
2025.03.21	03:48:34.890	0.83716	0.83717			6
2025.03.21	03:48:37.685	0.83715	0.83716			6
2025.03.21	03:48:46.455	0.83716	0.83717			6
2025.03.21	03:48:47.282	0.83715	0.83716			6
2025.03.21	03:48:53.830	0.83716	0.83717			6
2025.03.21	03:48:59.895	0.83715	0.83716			6
2025.03.21	03:49:00.418	0.83715				2
2025.03.21	03:49:00.965	0.83716	0.83717			6
2025.03.21	03:49:11.248	0.83717	0.83718			6
2025.03.21	03:49:14.013	0.83718	0.83719			6
2025.03.21	03:49:14.414	0.83717	0.83718			6
2025.03.21	03:49:17.372	0.83718	0.83719			6
2025.03.21	03:49:25.675	0.83717	0.83718			6
2025.03.21	03:49:38.007	0.83716	0.83717			6
2025.03.21	03:49:40.240	0.83717	0.83718			6
2025.03.21	03:49:41.792	0.83716	0.83717			6
2025.03.21	03:49:42.422	0.83718	0.83719			6
2025.03.21	03:49:43.208	0.83717	0.83718			6
2025.03.21	03:50:01.151	0.83716	0.83717			6
2025.03.21	03:50:02.834	0.83715	0.83716			6
2025.03.21	03:50:12.181	0.83716	0.83717			6
2025.03.21	03:50:12.644	0.83715	0.83716			6
2025.03.21	03:50:21.497	0.83717	0.83718			6
2025.03.21	03:50:21.808	0.83718	0.83719			6
2025.03.21	03:50:24.942	0.83719	0.83720			6
2025.03.21	03:50:25.560	0.83718	0.83719			6
2025.03.21	03:50:25.861	0.83717	0.83718			6
2025.03.21	03:50:27.445	0.83715	0.83716			6
2025.03.21	03:50:41.668	0.83716	0.83717			6
2025.03.21	03:50:42.658	0.83718	0.83719			6
2025.03.21	03:50:43.712	0.83720	0.83721			6
2025.03.21	03:50:44.022	0.83719	0.83720			6
2025.03.21	03:50:46.401	0.83720	0.83721			6
2025.03.21	03:50:47.660	0.83719	0.83720			6
2025.03.21	03:50:57.601	0.83718	0.83719			6
2025.03.21	03:50:58.279	0.83716	0.83717			6
2025.03.21	03:50:59.879	0.83719	0.83720			6
2025.03.21	03:51:00.186	0.83718	0.83719			6
2025.03.21	03:51:00.669	0.83719	0.83720			6
2025.03.21	03:51:00.984	0.83720	0.83721			6
2025.03.21	03:51:01.645	0.83721	0.83722			6
2025.03.21	03:51:02.188	0.83722	0.83723			6
2025.03.21	03:51:02.704	0.83721	0.83722			6
2025.03.21	03:51:08.344	0.83722	0.83723			6
2025.03.21	03:51:09.804	0.83720	0.83721			6
2025.03.21	03:51:10.110	0.83718	0.83719			6
2025.03.21	03:51:12.077	0.83719	0.83720			6
2025.03.21	03:51:12.385	0.83718	0.83719			6
2025.03.21	03:51:13.358	0.83721	0.83722			6
2025.03.21	03:51:19.738	0.83720	0.83721			6
2025.03.21	03:51:22.296	0.83721	0.83722			6
2025.03.21	03:51:27.212	0.83719	0.83720			6
2025.03.21	03:51:40.147	0.83720	0.83721			6
2025.03.21	03:51:42.424	0.83721	0.83722			6
2025.03.21	03:52:00.075	0.83721				2
2025.03.21	03:52:05.971	0.83720	0.83721			6
2025.03.21	03:52:06.816	0.83721	0.83722			6
2025.03.21	03:52:08.066	0.83722	0.83723			6
2025.03.21	03:52:42.293	0.83725	0.83726			6
2025.03.21	03:52:43.726	0.83727	0.83728			6
2025.03.21	03:52:44.434	0.83724	0.83725			6
2025.03.21	03:52:48.702	0.83726	0.83727			6
2025.03.21	03:52:59.386	0.83728	0.83729			6
2025.03.21	03:53:00.464	0.83728				2
2025.03.21	03:53:01.570	0.83727	0.83728			6
2025.03.21	03:53:01.938	0.83726	0.83727			6
2025.03.21	03:53:02.999	0.83725	0.83726			6
2025.03.21	03:53:07.379	0.83726	0.83727			6
2025.03.21	03:53:07.684	0.83725	0.83726			6
2025.03.21	03:53:12.211	0.83726	0.83727			6
2025.03.21	03:53:12.529	0.83725	0.83726			6
2025.03.21	03:53:14.898	0.83724	0.83725			6
2025.03.21	03:53:18.081	0.83726	0.83727			6
2025.03.21	03:53:22.973	0.83725	0.83726			6
2025.03.21	03:53:23.293	0.83726	0.83727			6
2025.03.21	03:53:37.968	0.83725	0.83726			6
2025.03.21	03:53:39.148	0.83721	0.83722			6
2025.03.21	03:53:40.956	0.83720	0.83721			6
2025.03.21	03:53:49.233	0.83721	0.83722			6
2025.03.21	03:53:50.358	0.83720	0.83721			6
2025.03.21	03:53:51.611	0.83721	0.83722			6
2025.03.21	03:53:56.628	0.83722	0.83723			6
2025.03.21	03:53:56.979	0.83721	0.83722			6
2025.03.21	03:53:58.706	0.83722	0.83723			6
2025.03.21	03:53:59.206	0.83721	0.83722			6
2025.03.21	03:54:01.087	0.83721				2
2025.03.21	03:54:02.069	0.83723	0.83724			6
2025.03.21	03:54:05.397	0.83725	0.83726			6
2025.03.21	03:54:05.982	0.83724	0.83725			6
2025.03.21	03:54:12.175	0.83723	0.83724			6
2025.03.21	03:54:15.229	0.83724	0.83725			6
2025.03.21	03:54:16.120	0.83723	0.83724			6
2025.03.21	03:54:16.423	0.83722	0.83723			6
2025.03.21	03:54:21.347	0.83723	0.83724			6
2025.03.21	03:54:26.602	0.83724	0.83725			6
2025.03.21	03:54:28.734	0.83723	0.83724			6
2025.03.21	03:54:32.920	0.83724	0.83725			6
2025.03.21	03:54:36.370	0.83723	0.83724			6
2025.03.21	03:54:38.979	0.83722	0.83723			6
2025.03.21	03:54:46.494	0.83721	0.83722			6
2025.03.21	03:54:48.225	0.83720	0.83721			6
2025.03.21	03:54:59.350	0.83721	0.83722			6
2025.03.21	03:54:59.785	0.83711	0.83712			6
2025.03.21	03:55:00.089	0.83713	0.83714			6
2025.03.21	03:55:00.406	0.83724	0.83725			6
2025.03.21	03:55:00.708	0.83721	0.83722			6
2025.03.21	03:55:02.681	0.83720	0.83721			6
2025.03.21	03:55:04.940	0.83721	0.83722			6
2025.03.21	03:55:17.461	0.83722	0.83723			6
2025.03.21	03:55:27.654	0.83721	0.83722			6
2025.03.21	03:55:29.052	0.83722	0.83723			6
2025.03.21	03:55:29.364	0.83723	0.83724			6
2025.03.21	03:55:31.468	0.83724	0.83725			6
2025.03.21	03:55:32.380	0.83723	0.83724			6
2025.03.21	03:55:33.993	0.83722	0.83723			6
2025.03.21	03:55:35.122	0.83723	0.83724			6
2025.03.21	03:55:35.598	0.83722	0.83723			6
2025.03.21	03:55:36.327	0.83721	0.83722			6
2025.03.21	03:55:43.565	0.83722	0.83723			6
2025.03.21	03:55:44.116	0.83723	0.83724			6
2025.03.21	03:55:48.011	0.83722	0.83723			6
2025.03.21	03:55:48.907	0.83723	0.83724			6
2025.03.21	03:55:49.225	0.83722	0.83723			6
2025.03.21	03:55:54.368	0.83723	0.83724			6
2025.03.21	03:56:00.403	0.83721	0.83722			6
2025.03.21	03:56:00.770	0.83722	0.83723			6
2025.03.21	03:56:02.850	0.83723	0.83724			6
2025.03.21	03:56:05.329	0.83721	0.83722			6
2025.03.21	03:56:05.656	0.83720	0.83721			6
2025.03.21	03:56:06.346	0.83721	0.83722			6
2025.03.21	03:56:08.354	0.83720	0.83721			6
2025.03.21	03:56:21.768	0.83719	0.83720			6
2025.03.21	03:56:28.779	0.83720	0.83721			6
2025.03.21	03:56:29.398	0.83721	0.83722			6
2025.03.21	03:56:53.864	0.83722	0.83723			6
2025.03.21	03:56:54.256	0.83721	0.83722			6
2025.03.21	03:57:00.475	0.83722	0.83723			6
2025.03.21	03:57:00.777	0.83721	0.83722			6
2025.03.21	03:57:06.267	0.83720	0.83721			6
2025.03.21	03:57:08.774	0.83719	0.83720			6
2025.03.21	03:57:24.482	0.83720	0.83721			6
2025.03.21	03:57:24.796	0.83719	0.83720			6
2025.03.21	03:57:25.542	0.83720	0.83721			6
2025.03.21	03:57:29.147	0.83719	0.83720			6
2025.03.21	03:57:37.854	0.83718	0.83719			6
2025.03.21	03:57:38.352	0.83719	0.83720			6
2025.03.21	03:57:43.857	0.83717	0.83718			6
2025.03.21	03:57:46.067	0.83716	0.83717			6
2025.03.21	03:57:51.728	0.83717	0.83718			6
2025.03.21	03:57:57.165	0.83715	0.83716			6
2025.03.21	03:58:00.504	0.83715				2
2025.03.21	03:58:05.292	0.83714	0.83715			6
2025.03.21	03:58:12.527	0.83715	0.83716			6
2025.03.21	03:58:14.392	0.83714	0.83715			6
2025.03.21	03:58:19.451	0.83715	0.83716			6
2025.03.21	03:58:19.766	0.83716	0.83717			6
2025.03.21	03:58:25.172	0.83718	0.83719			6
2025.03.21	03:58:26.359	0.83717	0.83718			6
2025.03.21	03:58:27.289	0.83718	0.83719			6
2025.03.21	03:58:43.933	0.83719	0.83720			6
2025.03.21	03:58:45.690	0.83718	0.83719			6
2025.03.21	03:59:00.312	0.83718				2
2025.03.21	03:59:46.990	0.83719	0.83720			6
2025.03.21	03:59:52.449	0.83718	0.83719			6
2025.03.21	04:00:00.437	0.83718				2
2025.03.21	04:00:02.627	0.83716	0.83717			6
2025.03.21	04:00:02.974	0.83715				2
2025.03.21	04:00:03.291	0.83716				2
2025.03.21	04:00:04.007	0.83715	0.83716			6
2025.03.21	04:00:08.462	0.83714	0.83715			6
2025.03.21	04:00:08.773	0.83715	0.83716			6
2025.03.21	04:00:09.771	0.83714	0.83715			6
2025.03.21	04:00:22.586	0.83713	0.83714			6
2025.03.21	04:00:23.654	0.83711	0.83712			6
2025.03.21	04:00:33.080	0.83712	0.83713			6
2025.03.21	04:00:35.376	0.83713	0.83714			6
2025.03.21	04:00:35.874	0.83712	0.83713			6
2025.03.21	04:00:37.962	0.83713	0.83714			6
2025.03.21	04:00:41.449	0.83712	0.83713			6
2025.03.21	04:00:52.109	0.83713	0.83714			6
2025.03.21	04:00:52.772	0.83717	0.83718			6
2025.03.21	04:00:53.089	0.83718	0.83719			6
