<DATE>	<TIME>	<BID>	<ASK>	<LAST>	<VOLUME>	<FLAGS>
2025.07.14	00:03:30.302	0.86389	0.86523			6
2025.07.14	00:03:37.845	0.86392				2
2025.07.14	00:03:38.842	0.86389				2
2025.07.14	00:03:44.728	0.86391				2
2025.07.14	00:03:54.788	0.86392				2
2025.07.14	00:04:00.515	0.86392				2
2025.07.14	00:04:11.892	0.86406	0.86532			6
2025.07.14	00:04:35.597	0.86420	0.86526			6
2025.07.14	00:04:42.655	0.86429	0.86533			6
2025.07.14	00:04:45.186	0.86427				2
2025.07.14	00:04:49.251	0.86420	0.86526			6
2025.07.14	00:04:52.333	0.86399	0.86518			6
2025.07.14	00:04:56.038	0.86389	0.86523			6
2025.07.14	00:05:05.593	0.86389				2
2025.07.14	00:06:01.760	0.86389	0.86523			6
2025.07.14	00:06:09.986	0.86391				2
2025.07.14	00:06:10.995	0.86390				2
2025.07.14	00:06:13.790	0.86391				2
2025.07.14	00:06:15.003	0.86398				2
2025.07.14	00:06:28.455		0.86526			4
2025.07.14	00:06:44.177	0.86399				2
2025.07.14	00:06:44.691	0.86402				2
2025.07.14	00:06:50.790	0.86413	0.86527			6
2025.07.14	00:07:06.810	0.86413				2
2025.07.14	00:07:16.026	0.86422				2
2025.07.14	00:07:26.405	0.86419				2
2025.07.14	00:07:29.412	0.86414				2
2025.07.14	00:07:29.809	0.86422				2
2025.07.14	00:07:30.945	0.86419				2
2025.07.14	00:07:33.405	0.86414				2
2025.07.14	00:07:35.409	0.86409				2
2025.07.14	00:07:45.795		0.86526			4
2025.07.14	00:08:21.768	0.86409				2
2025.07.14	00:08:37.786	0.86414	0.86520			6
2025.07.14	00:09:05.653	0.86414				2
2025.07.14	00:09:38.543		0.86520			4
2025.07.14	00:10:00.426	0.86461				2
2025.07.14	00:10:02.887	0.86464				2
2025.07.14	00:10:19.888	0.86465				2
2025.07.14	00:10:22.284	0.86464				2
2025.07.14	00:10:25.287	0.86465				2
2025.07.14	00:10:39.983		0.86520			4
2025.07.14	00:10:47.064	0.86466	0.86533			6
2025.07.14	00:10:49.883	0.86465				2
2025.07.14	00:10:53.322	0.86458	0.86520			6
2025.07.14	00:11:02.484	0.86458	0.86508			6
2025.07.14	00:11:03.679	0.86463	0.86527			6
2025.07.14	00:11:15.384	0.86464				2
2025.07.14	00:11:23.279	0.86463				2
2025.07.14	00:11:27.566	0.86462				2
2025.07.14	00:11:31.585	0.86463				2
2025.07.14	00:12:03.084	0.86463				2
2025.07.14	00:12:04.882		0.86527			4
2025.07.14	00:12:11.580	0.86464				2
2025.07.14	00:12:19.582	0.86463				2
2025.07.14	00:12:32.185	0.86462				2
2025.07.14	00:12:34.586	0.86463				2
2025.07.14	00:12:36.085	0.86462				2
2025.07.14	00:12:38.188	0.86463				2
2025.07.14	00:12:39.492	0.86475	0.86532			6
2025.07.14	00:12:40.883	0.86474				2
2025.07.14	00:12:48.950	0.86486				2
2025.07.14	00:12:55.132	0.86474				2
2025.07.14	00:12:57.086	0.86475				2
2025.07.14	00:12:59.119	0.86480				2
2025.07.14	00:13:01.587	0.86481				2
2025.07.14	00:13:01.963	0.86482				2
2025.07.14	00:13:03.688	0.86481				2
2025.07.14	00:13:06.263	0.86478				2
2025.07.14	00:13:07.583	0.86479				2
2025.07.14	00:13:15.744	0.86483				2
2025.07.14	00:13:17.483	0.86484				2
2025.07.14	00:13:22.116	0.86487				2
2025.07.14	00:13:26.782	0.86488				2
2025.07.14	00:13:30.505		0.86533			4
2025.07.14	00:13:36.384	0.86489				2
2025.07.14	00:13:43.399	0.86490				2
2025.07.14	00:13:44.471	0.86481				2
2025.07.14	00:13:45.045	0.86482				2
2025.07.14	00:13:51.098	0.86492				2
2025.07.14	00:13:53.191	0.86491				2
2025.07.14	00:14:08.063	0.86490				2
2025.07.14	00:14:12.685	0.86504	0.86540			6
2025.07.14	00:14:14.181	0.86505				2
2025.07.14	00:14:16.282	0.86506				2
2025.07.14	00:14:16.906	0.86514	0.86547			6
2025.07.14	00:14:19.588	0.86513				2
2025.07.14	00:14:22.074	0.86492	0.86540			6
2025.07.14	00:14:23.448	0.86491				2
2025.07.14	00:14:28.285	0.86492				2
2025.07.14	00:14:32.785	0.86491				2
2025.07.14	00:14:34.582	0.86492				2
2025.07.14	00:14:52.760	0.86495	0.86546			6
2025.07.14	00:14:54.205	0.86501	0.86565			6
2025.07.14	00:14:55.586	0.86500				2
2025.07.14	00:14:56.747	0.86499				2
2025.07.14	00:14:59.784	0.86500				2
2025.07.14	00:15:00.404	0.86500				2
2025.07.14	00:15:00.732	0.86502	0.86557			6
2025.07.14	00:15:01.055		0.86565			4
2025.07.14	00:15:01.931	0.86501				2
2025.07.14	00:15:05.785	0.86502				2
2025.07.14	00:15:07.453	0.86501				2
2025.07.14	00:15:10.404		0.86564			4
2025.07.14	00:15:10.777	0.86500	0.86566			6
2025.07.14	00:15:12.716	0.86496	0.86557			6
2025.07.14	00:15:13.882	0.86486	0.86544			6
2025.07.14	00:15:14.237	0.86500	0.86566			6
2025.07.14	00:15:15.082	0.86503				2
2025.07.14	00:15:17.483	0.86502				2
2025.07.14	00:15:20.658	0.86493	0.86557			6
2025.07.14	00:15:22.713	0.86479	0.86550			6
2025.07.14	00:15:28.239	0.86478	0.86552			6
2025.07.14	00:15:39.142	0.86494	0.86558			6
2025.07.14	00:15:40.404	0.86495	0.86557			6
2025.07.14	00:15:45.639	0.86494	0.86558			6
2025.07.14	00:15:49.288	0.86495				2
2025.07.14	00:15:53.190		0.86557			4
2025.07.14	00:15:57.385	0.86494	0.86558			6
2025.07.14	00:15:58.631	0.86489	0.86560			6
2025.07.14	00:16:00.405	0.86488				2
2025.07.14	00:16:11.783	0.86489				2
2025.07.14	00:16:15.661		0.86562			4
2025.07.14	00:16:17.790	0.86490				2
2025.07.14	00:16:35.737	0.86491				2
2025.07.14	00:16:40.897	0.86493	0.86560			6
2025.07.14	00:16:45.384		0.86561			4
2025.07.14	00:16:48.575	0.86483	0.86557			6
2025.07.14	00:16:49.189		0.86556			4
2025.07.14	00:16:50.212	0.86484	0.86555			6
2025.07.14	00:16:51.240	0.86485				2
2025.07.14	00:16:54.983		0.86554			4
2025.07.14	00:16:56.482	0.86486				2
2025.07.14	00:16:59.148	0.86497	0.86562			6
2025.07.14	00:17:00.052	0.86498	0.86561			6
2025.07.14	00:17:02.181	0.86497	0.86562			6
2025.07.14	00:17:03.045	0.86485	0.86555			6
2025.07.14	00:17:05.484	0.86484				2
2025.07.14	00:17:10.306	0.86485				2
2025.07.14	00:17:12.682		0.86554			4
2025.07.14	00:17:13.383	0.86484	0.86555			6
2025.07.14	00:17:22.888	0.86478	0.86546			6
2025.07.14	00:17:27.686		0.86545			4
2025.07.14	00:17:28.910	0.86487	0.86548			6
2025.07.14	00:17:29.488	0.86486				2
2025.07.14	00:17:30.983		0.86549			4
2025.07.14	00:17:33.081		0.86548			4
2025.07.14	00:17:35.486		0.86549			4
2025.07.14	00:17:36.598	0.86468	0.86540			6
2025.07.14	00:17:38.047		0.86539			4
2025.07.14	00:17:45.083	0.86469				2
2025.07.14	00:17:47.624	0.86490	0.86555			6
2025.07.14	00:17:49.894	0.86465	0.86542			6
2025.07.14	00:17:51.735	0.86466	0.86541			6
2025.07.14	00:18:00.392	0.86466				2
2025.07.14	00:18:01.575		0.86542			4
2025.07.14	00:18:02.510	0.86463	0.86540			6
2025.07.14	00:18:03.683		0.86539			4
2025.07.14	00:18:13.954	0.86460	0.86534			6
2025.07.14	00:18:14.261		0.86533			4
2025.07.14	00:18:15.296		0.86530			4
2025.07.14	00:18:17.910	0.86465	0.86531			6
2025.07.14	00:18:18.983		0.86532			4
2025.07.14	00:18:26.486		0.86531			4
2025.07.14	00:18:28.422	0.86478	0.86538			6
2025.07.14	00:18:30.052	0.86477	0.86539			6
2025.07.14	00:18:30.413	0.86478				2
2025.07.14	00:18:31.424	0.86477				2
2025.07.14	00:18:34.649	0.86479	0.86538			6
2025.07.14	00:18:36.533		0.86537			4
2025.07.14	00:18:38.057	0.86478				2
2025.07.14	00:18:41.483	0.86476	0.86539			6
2025.07.14	00:18:48.686	0.86477				2
2025.07.14	00:19:00.409	0.86477				2
2025.07.14	00:19:14.045		0.86538			4
2025.07.14	00:19:23.423	0.86480				2
2025.07.14	00:19:23.900	0.86481	0.86537			6
2025.07.14	00:19:25.048	0.86482	0.86536			6
2025.07.14	00:19:27.387	0.86480	0.86538			6
2025.07.14	00:19:38.185	0.86479	0.86539			6
2025.07.14	00:19:40.406	0.86480	0.86538			6
2025.07.14	00:19:47.927	0.86482	0.86536			6
2025.07.14	00:19:51.580	0.86480	0.86538			6
2025.07.14	00:20:00.404	0.86480				2
2025.07.14	00:20:23.186		0.86537			4
2025.07.14	00:20:25.582	0.86481				2
2025.07.14	00:20:35.479	0.86478	0.86531			6
2025.07.14	00:20:36.533		0.86530			4
2025.07.14	00:20:38.863	0.86477	0.86531			6
2025.07.14	00:20:42.083	0.86476	0.86532			6
2025.07.14	00:20:46.282	0.86477	0.86531			6
2025.07.14	00:20:51.682		0.86532			4
2025.07.14	00:20:52.882	0.86476				2
2025.07.14	00:21:00.403	0.86476				2
2025.07.14	00:21:03.982	0.86477	0.86531			6
2025.07.14	00:21:29.482		0.86532			4
2025.07.14	00:21:30.988		0.86531			4
2025.07.14	00:21:38.483	0.86476	0.86532			6
2025.07.14	00:21:41.256	0.86474	0.86530			6
2025.07.14	00:22:01.844	0.86474				2
2025.07.14	00:22:04.273	0.86477	0.86531			6
2025.07.14	00:22:05.488	0.86476	0.86532			6
2025.07.14	00:22:16.288	0.86477	0.86531			6
2025.07.14	00:22:21.046	0.86476	0.86532			6
2025.07.14	00:22:56.134	0.86483	0.86545			6
2025.07.14	00:22:59.781	0.86473	0.86530			6
2025.07.14	00:23:00.408	0.86473				2
2025.07.14	00:23:51.575	0.86488	0.86547			6
2025.07.14	00:23:57.995	0.86477	0.86533			6
2025.07.14	00:23:59.038		0.86534			4
2025.07.14	00:24:00.050	0.86477				2
2025.07.14	00:24:01.350		0.86533			4
2025.07.14	00:24:36.644	0.86478	0.86532			6
2025.07.14	00:24:37.046	0.86479				2
2025.07.14	00:24:38.586	0.86490	0.86553			6
2025.07.14	00:24:39.045	0.86489	0.86554			6
2025.07.14	00:24:41.483	0.86488				2
2025.07.14	00:24:51.084		0.86555			4
2025.07.14	00:25:00.272	0.86489	0.86554			6
2025.07.14	00:25:07.585		0.86553			4
2025.07.14	00:25:11.265	0.86490	0.86552			6
2025.07.14	00:25:14.559	0.86489	0.86553			6
2025.07.14	00:25:23.784		0.86554			4
2025.07.14	00:25:26.182	0.86490	0.86553			6
2025.07.14	00:25:28.885	0.86489				2
2025.07.14	00:25:34.263	0.86487	0.86541			6
2025.07.14	00:25:46.527	0.86488				2
2025.07.14	00:25:51.711	0.86487				2
2025.07.14	00:25:56.569	0.86488				2
2025.07.14	00:26:05.046	0.86488				2
2025.07.14	00:26:08.789	0.86486				2
2025.07.14	00:26:16.381	0.86488				2
2025.07.14	00:26:17.481	0.86487				2
2025.07.14	00:26:25.881	0.86486				2
2025.07.14	00:26:26.320	0.86476	0.86539			6
2025.07.14	00:26:27.721	0.86461	0.86519			6
2025.07.14	00:26:28.260	0.86460				2
2025.07.14	00:26:29.537	0.86461				2
2025.07.14	00:27:10.691	0.86461				2
2025.07.14	00:27:18.532	0.86459				2
2025.07.14	00:27:22.722		0.86517			4
2025.07.14	00:27:27.385	0.86461				2
2025.07.14	00:27:31.328	0.86459				2
2025.07.14	00:27:42.376	0.86461				2
2025.07.14	00:27:45.046	0.86460				2
2025.07.14	00:27:53.485	0.86461				2
2025.07.14	00:27:57.385	0.86459				2
2025.07.14	00:28:00.403	0.86459				2
2025.07.14	00:28:18.085	0.86461				2
2025.07.14	00:28:21.562	0.86454				2
2025.07.14	00:28:23.633		0.86517			4
2025.07.14	00:28:33.375	0.86445				2
2025.07.14	00:28:35.047	0.86444				2
2025.07.14	00:28:41.249	0.86450	0.86528			6
2025.07.14	00:28:52.534	0.86455	0.86530			6
2025.07.14	00:29:00.051	0.86455				2
2025.07.14	00:29:09.717	0.86469				2
2025.07.14	00:29:10.755	0.86468				2
2025.07.14	00:29:11.275	0.86480	0.86540			6
2025.07.14	00:29:18.236	0.86463	0.86537			6
2025.07.14	00:29:20.048		0.86538			4
2025.07.14	00:29:21.866	0.86465	0.86540			6
2025.07.14	00:29:23.594		0.86539			4
2025.07.14	00:29:29.800	0.86466	0.86538			6
2025.07.14	00:29:34.215		0.86537			4
2025.07.14	00:29:37.156	0.86449	0.86519			6
2025.07.14	00:29:45.755		0.86518			4
2025.07.14	00:29:53.291		0.86517			4
2025.07.14	00:29:59.481		0.86518			4
2025.07.14	00:30:00.306	0.86449				2
2025.07.14	00:30:08.090		0.86517			4
2025.07.14	00:30:08.590		0.86518			4
2025.07.14	00:30:12.232		0.86517			4
2025.07.14	00:30:12.935		0.86519			4
2025.07.14	00:30:17.795		0.86520			4
2025.07.14	00:30:31.914		0.86516			4
2025.07.14	00:30:43.478		0.86518			4
2025.07.14	00:30:44.048		0.86519			4
2025.07.14	00:30:45.889		0.86521			4
2025.07.14	00:30:47.921		0.86517			4
2025.07.14	00:30:50.296		0.86519			4
2025.07.14	00:30:51.614		0.86521			4
2025.07.14	00:30:53.058		0.86524			4
2025.07.14	00:30:54.167		0.86520			4
2025.07.14	00:30:55.050		0.86521			4
2025.07.14	00:30:57.091		0.86523			4
2025.07.14	00:30:58.045		0.86524			4
2025.07.14	00:30:59.392		0.86525			4
2025.07.14	00:31:00.389	0.86449	0.86524			6
2025.07.14	00:31:03.564		0.86519			4
2025.07.14	00:31:52.865		0.86515			4
2025.07.14	00:31:54.049		0.86514			4
2025.07.14	00:32:05.784	0.86449	0.86513			6
2025.07.14	00:32:09.089		0.86514			4
2025.07.14	00:32:10.089	0.86421				2
2025.07.14	00:32:12.411		0.86516			4
2025.07.14	00:32:41.048	0.86416	0.86514			6
2025.07.14	00:33:00.015	0.86400	0.86508			6
2025.07.14	00:33:00.798		0.86507			4
2025.07.14	00:33:01.887		0.86508			4
2025.07.14	00:33:12.478	0.86408	0.86507			6
2025.07.14	00:33:13.049	0.86409	0.86506			6
2025.07.14	00:33:16.190	0.86410	0.86505			6
2025.07.14	00:33:27.989		0.86506			4
2025.07.14	00:33:31.585		0.86505			4
2025.07.14	00:33:35.045		0.86506			4
2025.07.14	00:33:38.785		0.86505			4
2025.07.14	00:33:42.487	0.86411				2
2025.07.14	00:33:43.642	0.86410				2
2025.07.14	00:33:46.728		0.86501			4
2025.07.14	00:34:00.265	0.86410				2
2025.07.14	00:34:04.807	0.86409	0.86502			6
2025.07.14	00:34:09.707	0.86410	0.86501			6
2025.07.14	00:34:18.382	0.86411	0.86500			6
2025.07.14	00:34:20.758	0.86429	0.86516			6
2025.07.14	00:34:21.223	0.86442	0.86519			6
2025.07.14	00:34:23.784		0.86520			4
2025.07.14	00:34:26.181		0.86519			4
2025.07.14	00:34:28.177	0.86456	0.86524			6
2025.07.14	00:34:28.526	0.86463	0.86532			6
2025.07.14	00:34:29.044		0.86531			4
2025.07.14	00:34:31.040	0.86442	0.86523			6
2025.07.14	00:34:32.049		0.86522			4
2025.07.14	00:34:35.051		0.86521			4
2025.07.14	00:34:42.381		0.86520			4
2025.07.14	00:34:43.040		0.86521			4
2025.07.14	00:34:45.983		0.86520			4
2025.07.14	00:34:48.115		0.86521			4
2025.07.14	00:34:48.740		0.86520			4
2025.07.14	00:34:49.050		0.86519			4
2025.07.14	00:34:57.223		0.86518			4
2025.07.14	00:35:00.409	0.86442	0.86519			6
2025.07.14	00:35:03.499		0.86518			4
2025.07.14	00:35:08.292	0.86452				2
2025.07.14	00:35:09.209	0.86458	0.86520			6
2025.07.14	00:35:22.408	0.86457	0.86521			6
2025.07.14	00:35:25.395	0.86459	0.86518			6
2025.07.14	00:35:29.481	0.86458				2
2025.07.14	00:35:30.982	0.86459				2
2025.07.14	00:35:32.040	0.86458	0.86519			6
2025.07.14	00:35:33.038		0.86518			4
2025.07.14	00:35:35.182		0.86519			4
2025.07.14	00:35:40.604	0.86457	0.86520			6
2025.07.14	00:35:50.191	0.86456	0.86527			6
2025.07.14	00:35:55.833	0.86444	0.86512			6
2025.07.14	00:35:56.287	0.86456	0.86527			6
2025.07.14	00:36:00.157	0.86455				2
2025.07.14	00:36:05.022	0.86444	0.86513			6
2025.07.14	00:36:07.882		0.86512			4
2025.07.14	00:36:09.986		0.86513			4
2025.07.14	00:36:10.404	0.86445				2
2025.07.14	00:36:18.385		0.86512			4
2025.07.14	00:36:25.642	0.86429	0.86507			6
2025.07.14	00:36:26.338		0.86508			4
2025.07.14	00:36:29.330		0.86510			4
2025.07.14	00:36:31.114	0.86415				2
2025.07.14	00:36:35.184	0.86416				2
2025.07.14	00:36:35.798	0.86405	0.86512			6
2025.07.14	00:36:46.934		0.86513			4
2025.07.14	00:36:54.382		0.86512			4
2025.07.14	00:37:02.483	0.86405				2
2025.07.14	00:37:15.688		0.86513			4
2025.07.14	00:37:23.188		0.86512			4
2025.07.14	00:37:59.927		0.86511			4
2025.07.14	00:38:00.409	0.86405				2
2025.07.14	00:38:08.716		0.86509			4
2025.07.14	00:38:15.734	0.86407				2
2025.07.14	00:38:18.573		0.86511			4
2025.07.14	00:38:25.308	0.86431	0.86501			6
2025.07.14	00:38:52.300		0.86495			4
2025.07.14	00:38:53.272		0.86496			4
2025.07.14	00:38:56.085		0.86501			4
2025.07.14	00:39:00.404	0.86431				2
2025.07.14	00:39:51.087		0.86504			4
2025.07.14	00:40:02.488	0.86431				2
2025.07.14	00:40:07.788		0.86498			4
2025.07.14	00:40:10.403		0.86504			4
2025.07.14	00:40:41.414		0.86499			4
2025.07.14	00:40:42.837		0.86504			4
2025.07.14	00:41:00.403	0.86431				2
2025.07.14	00:41:11.654	0.86436				2
2025.07.14	00:41:12.937	0.86438				2
2025.07.14	00:41:14.183	0.86439				2
2025.07.14	00:41:16.691	0.86438				2
2025.07.14	00:41:17.723	0.86439				2
2025.07.14	00:41:20.484	0.86438				2
2025.07.14	00:41:21.391	0.86440				2
2025.07.14	00:41:22.166	0.86439	0.86490			6
2025.07.14	00:41:22.786	0.86438				2
2025.07.14	00:41:23.807	0.86437	0.86495			6
2025.07.14	00:41:26.685	0.86436				2
2025.07.14	00:41:31.762	0.86434				2
2025.07.14	00:41:37.766		0.86500			4
2025.07.14	00:41:51.460	0.86435				2
2025.07.14	00:41:51.917	0.86434				2
2025.07.14	00:41:57.737	0.86435				2
2025.07.14	00:42:00.439	0.86413	0.86548			6
2025.07.14	00:42:02.638	0.86416	0.86559			6
2025.07.14	00:42:15.710	0.86417				2
2025.07.14	00:42:25.292	0.86418				2
2025.07.14	00:42:27.382	0.86419				2
2025.07.14	00:42:28.887	0.86421				2
2025.07.14	00:42:29.821	0.86422				2
2025.07.14	00:42:31.112		0.86561			4
2025.07.14	00:42:31.889	0.86423				2
2025.07.14	00:42:34.046	0.86424				2
2025.07.14	00:42:36.083	0.86425				2
2025.07.14	00:42:41.183	0.86426				2
2025.07.14	00:42:43.583	0.86427				2
2025.07.14	00:42:46.282	0.86428				2
2025.07.14	00:42:48.189	0.86436				2
2025.07.14	00:42:49.588	0.86437				2
2025.07.14	00:42:51.689	0.86438				2
2025.07.14	00:42:52.504	0.86444	0.86527			6
2025.07.14	00:42:53.047	0.86445				2
2025.07.14	00:42:53.410	0.86448	0.86528			6
2025.07.14	00:42:58.532		0.86534			4
2025.07.14	00:42:58.916	0.86453	0.86538			6
2025.07.14	00:43:00.891	0.86453				2
2025.07.14	00:43:02.528	0.86454				2
2025.07.14	00:43:03.085	0.86468	0.86537			6
2025.07.14	00:43:03.440		0.86543			4
2025.07.14	00:43:04.575	0.86471				2
2025.07.14	00:43:07.358	0.86470				2
2025.07.14	00:43:08.357	0.86471				2
2025.07.14	00:43:09.408	0.86470				2
2025.07.14	00:43:13.011	0.86471				2
2025.07.14	00:43:16.188	0.86472				2
2025.07.14	00:43:21.391	0.86479	0.86546			6
2025.07.14	00:43:22.098	0.86478				2
2025.07.14	00:43:27.170	0.86479				2
2025.07.14	00:43:27.870	0.86486	0.86548			6
2025.07.14	00:43:30.558	0.86484				2
2025.07.14	00:43:34.132	0.86485				2
2025.07.14	00:43:34.558	0.86471	0.86549			6
2025.07.14	00:43:41.489	0.86470				2
2025.07.14	00:43:52.036	0.86472				2
2025.07.14	00:43:54.049	0.86473				2
2025.07.14	00:43:56.261	0.86468				2
2025.07.14	00:44:07.051	0.86468				2
2025.07.14	00:44:08.935	0.86457	0.86545			6
2025.07.14	00:44:17.423	0.86454	0.86539			6
2025.07.14	00:44:25.133		0.86535			4
2025.07.14	00:44:50.647	0.86472	0.86538			6
2025.07.14	00:45:03.093	0.86448	0.86572			6
2025.07.14	00:45:03.695		0.86573			4
2025.07.14	00:45:04.305	0.86441	0.86571			6
2025.07.14	00:45:05.818	0.86443	0.86572			6
2025.07.14	00:45:06.426	0.86448	0.86535			6
2025.07.14	00:45:07.108		0.86529			4
2025.07.14	00:45:10.904	0.86460	0.86517			6
2025.07.14	00:45:11.417		0.86513			4
2025.07.14	00:45:20.219	0.86467	0.86511			6
2025.07.14	00:46:10.885	0.86467				2
2025.07.14	00:46:15.228	0.86463	0.86512			6
2025.07.14	00:46:26.302		0.86516			4
2025.07.14	00:46:39.500		0.86513			4
2025.07.14	00:47:00.127	0.86463				2
2025.07.14	00:47:03.122	0.86446	0.86548			6
2025.07.14	00:47:03.726	0.86447	0.86549			6
2025.07.14	00:47:06.449	0.86463	0.86513			6
2025.07.14	00:47:34.570		0.86512			4
2025.07.14	00:47:51.614		0.86516			4
2025.07.14	00:47:56.280		0.86513			4
2025.07.14	00:48:03.987	0.86463				2
2025.07.14	00:48:21.753	0.86468	0.86514			6
2025.07.14	00:48:46.384		0.86518			4
2025.07.14	00:48:48.696		0.86517			4
2025.07.14	00:49:01.772	0.86468				2
2025.07.14	00:49:25.302		0.86525			4
2025.07.14	00:49:32.302		0.86518			4
2025.07.14	00:49:41.599		0.86522			4
2025.07.14	00:49:41.979		0.86520			4
2025.07.14	00:50:01.764	0.86468				2
2025.07.14	00:50:19.044		0.86511			4
2025.07.14	00:50:19.377	0.86473				2
2025.07.14	00:50:20.270		0.86514			4
2025.07.14	00:50:45.115	0.86482	0.86530			6
2025.07.14	00:50:50.121		0.86533			4
2025.07.14	00:50:56.304		0.86549			4
2025.07.14	00:50:57.982	0.86481				2
2025.07.14	00:51:03.355	0.86495	0.86555			6
2025.07.14	00:51:05.047		0.86554			4
2025.07.14	00:51:06.305		0.86542			4
2025.07.14	00:51:14.825	0.86497				2
2025.07.14	00:51:16.468	0.86510				2
2025.07.14	00:51:17.304		0.86533			4
2025.07.14	00:51:18.633		0.86525			4
2025.07.14	00:51:19.204		0.86534			4
2025.07.14	00:51:20.386	0.86508	0.86540			6
2025.07.14	00:51:21.310		0.86537			4
2025.07.14	00:51:21.647		0.86535			4
2025.07.14	00:51:22.935		0.86539			4
2025.07.14	00:51:23.386	0.86509	0.86536			6
2025.07.14	00:51:24.413	0.86508				2
2025.07.14	00:51:26.949	0.86506	0.86559			6
2025.07.14	00:51:30.382	0.86505				2
2025.07.14	00:51:36.062	0.86506				2
2025.07.14	00:51:43.952	0.86514	0.86558			6
2025.07.14	00:51:44.979	0.86513	0.86559			6
2025.07.14	00:52:00.075	0.86514	0.86558			6
2025.07.14	00:52:00.470	0.86512				2
2025.07.14	00:52:15.986	0.86486	0.86551			6
2025.07.14	00:52:19.570		0.86550			4
2025.07.14	00:52:22.378		0.86548			4
2025.07.14	00:52:39.411		0.86549			4
2025.07.14	00:52:52.871		0.86546			4
2025.07.14	00:52:58.614		0.86543			4
2025.07.14	00:52:59.306		0.86542			4
2025.07.14	00:53:00.140	0.86486	0.86540			6
2025.07.14	00:53:05.379		0.86541			4
2025.07.14	00:53:08.782		0.86540			4
2025.07.14	00:53:43.961	0.86469				2
2025.07.14	00:54:05.782	0.86469	0.86539			6
2025.07.14	00:55:00.084	0.86469				2
2025.07.14	00:55:02.782		0.86540			4
2025.07.14	00:55:31.377	0.86468	0.86539			6
2025.07.14	00:55:31.680	0.86469				2
2025.07.14	00:55:36.083		0.86538			4
2025.07.14	00:55:49.907	0.86451	0.86536			6
2025.07.14	00:55:54.416		0.86537			4
2025.07.14	00:55:58.756	0.86443				2
2025.07.14	00:56:03.686	0.86443				2
2025.07.14	00:56:05.035	0.86450				2
2025.07.14	00:56:05.491		0.86538			4
2025.07.14	00:56:15.159		0.86537			4
2025.07.14	00:56:43.933		0.86536			4
2025.07.14	00:56:50.828	0.86443	0.86535			6
2025.07.14	00:56:53.825		0.86536			4
2025.07.14	00:56:54.932	0.86451				2
2025.07.14	00:57:01.053	0.86451				2
2025.07.14	00:57:23.104	0.86452	0.86538			6
2025.07.14	00:57:47.536		0.86537			4
2025.07.14	00:57:49.286		0.86538			4
2025.07.14	00:58:12.359	0.86488	0.86542			6
2025.07.14	00:58:12.739		0.86543			4
2025.07.14	00:58:13.477	0.86466	0.86539			6
2025.07.14	00:58:15.229	0.86475				2
2025.07.14	00:58:16.782	0.86452				2
2025.07.14	00:58:17.500	0.86462	0.86538			6
2025.07.14	00:58:18.091	0.86449				2
2025.07.14	00:58:19.815		0.86537			4
2025.07.14	00:58:21.369	0.86488	0.86541			6
2025.07.14	00:58:22.293	0.86466	0.86537			6
2025.07.14	00:58:25.524	0.86488	0.86541			6
2025.07.14	00:58:26.048	0.86466				2
2025.07.14	00:58:26.360		0.86537			4
2025.07.14	00:58:26.859	0.86494	0.86545			6
2025.07.14	00:58:27.838	0.86476	0.86548			6
2025.07.14	00:58:28.174	0.86452	0.86547			6
2025.07.14	00:58:29.858	0.86491	0.86548			6
2025.07.14	00:58:39.414		0.86549			4
2025.07.14	00:58:44.907	0.86487	0.86542			6
2025.07.14	00:58:54.415		0.86541			4
2025.07.14	00:58:55.155	0.86466	0.86536			6
2025.07.14	00:58:55.458		0.86535			4
2025.07.14	00:59:04.626	0.86466	0.86534			6
2025.07.14	00:59:33.657	0.86474	0.86545			6
2025.07.14	00:59:33.958	0.86472				2
2025.07.14	00:59:39.414	0.86471	0.86546			6
2025.07.14	00:59:44.428		0.86547			4
2025.07.14	00:59:47.784	0.86470				2
2025.07.14	00:59:50.945	0.86466	0.86546			6
2025.07.14	00:59:57.960		0.86545			4
2025.07.14	00:59:59.346		0.86534			4
2025.07.14	00:59:59.818		0.86533			4
2025.07.14	01:00:00.305	0.86466				2
2025.07.14	01:00:00.630		0.86542			4
2025.07.14	01:00:00.979		0.86547			4
2025.07.14	01:00:01.448	0.86497	0.86558			6
2025.07.14	01:00:01.757		0.86567			4
2025.07.14	01:00:02.380	0.86488	0.86549			6
2025.07.14	01:00:02.702		0.86568			4
2025.07.14	01:00:03.046	0.86482	0.86567			6
2025.07.14	01:00:03.413	0.86447	0.86562			6
2025.07.14	01:00:03.721	0.86450	0.86565			6
2025.07.14	01:00:04.025	0.86449	0.86564			6
2025.07.14	01:00:04.331	0.86450	0.86565			6
2025.07.14	01:00:04.633	0.86446	0.86561			6
2025.07.14	01:00:04.938	0.86454	0.86569			6
2025.07.14	01:00:05.242	0.86453	0.86568			6
2025.07.14	01:00:05.546	0.86456	0.86571			6
2025.07.14	01:00:05.849	0.86457	0.86572			6
2025.07.14	01:00:06.153	0.86455	0.86570			6
2025.07.14	01:00:06.457	0.86456	0.86571			6
2025.07.14	01:00:06.758	0.86482	0.86566			6
2025.07.14	01:00:07.060		0.86568			4
2025.07.14	01:00:08.688		0.86561			4
2025.07.14	01:00:09.024	0.86498	0.86565			6
2025.07.14	01:00:09.381		0.86567			4
2025.07.14	01:00:10.018		0.86566			4
2025.07.14	01:00:10.381		0.86568			4
2025.07.14	01:00:10.684		0.86569			4
2025.07.14	01:00:11.031		0.86575			4
2025.07.14	01:00:15.109		0.86573			4
2025.07.14	01:00:16.056	0.86489	0.86577			6
2025.07.14	01:00:18.088	0.86500				2
2025.07.14	01:00:19.453	0.86489	0.86575			6
2025.07.14	01:00:19.881		0.86577			4
2025.07.14	01:00:21.423	0.86500				2
2025.07.14	01:00:21.782	0.86487	0.86569			6
2025.07.14	01:00:22.496		0.86572			4
2025.07.14	01:00:22.942		0.86577			4
2025.07.14	01:00:24.297	0.86536	0.86581			6
2025.07.14	01:00:24.600	0.86535	0.86574			6
2025.07.14	01:00:24.903		0.86578			4
2025.07.14	01:00:25.451	0.86517	0.86580			6
2025.07.14	01:00:25.923		0.86578			4
2025.07.14	01:00:26.388	0.86497	0.86571			6
2025.07.14	01:00:26.721		0.86576			4
2025.07.14	01:00:27.175		0.86577			4
2025.07.14	01:00:28.409		0.86576			4
2025.07.14	01:00:30.388		0.86575			4
2025.07.14	01:00:31.078	0.86495	0.86576			6
2025.07.14	01:00:31.436		0.86578			4
2025.07.14	01:00:32.000	0.86506	0.86581			6
2025.07.14	01:00:32.399		0.86578			4
2025.07.14	01:00:32.951	0.86510	0.86577			6
2025.07.14	01:00:34.486		0.86576			4
2025.07.14	01:00:35.631		0.86578			4
2025.07.14	01:00:36.385		0.86581			4
2025.07.14	01:00:36.724		0.86576			4
2025.07.14	01:00:37.047		0.86579			4
2025.07.14	01:00:37.568		0.86577			4
2025.07.14	01:00:38.497		0.86581			4
2025.07.14	01:00:39.983	0.86517	0.86579			6
2025.07.14	01:00:41.891	0.86535	0.86587			6
2025.07.14	01:00:42.536		0.86589			4
2025.07.14	01:00:43.082	0.86537				2
2025.07.14	01:00:43.772		0.86587			4
2025.07.14	01:00:44.098	0.86534				2
2025.07.14	01:00:44.544	0.86537				2
2025.07.14	01:00:46.224		0.86588			4
2025.07.14	01:00:46.570		0.86589			4
2025.07.14	01:00:47.902		0.86584			4
2025.07.14	01:00:48.353		0.86587			4
2025.07.14	01:00:49.821		0.86586			4
2025.07.14	01:00:51.219	0.86562	0.86587			6
2025.07.14	01:00:51.653		0.86590			4
2025.07.14	01:00:52.076	0.86564				2
2025.07.14	01:00:52.404	0.86560				2
2025.07.14	01:00:53.192	0.86556				2
2025.07.14	01:00:53.933	0.86558	0.86594			6
2025.07.14	01:00:54.782	0.86556	0.86590			6
2025.07.14	01:00:56.410		0.86592			4
2025.07.14	01:00:58.055		0.86591			4
2025.07.14	01:01:00.053	0.86556	0.86589			6
2025.07.14	01:01:00.449	0.86558	0.86592			6
2025.07.14	01:01:00.829		0.86594			4
2025.07.14	01:01:01.494		0.86592			4
2025.07.14	01:01:01.871	0.86556	0.86587			6
2025.07.14	01:01:02.234		0.86588			4
2025.07.14	01:01:03.779		0.86589			4
2025.07.14	01:01:04.110		0.86592			4
2025.07.14	01:01:04.578		0.86590			4
2025.07.14	01:01:05.184		0.86589			4
2025.07.14	01:01:06.043		0.86593			4
2025.07.14	01:01:06.640		0.86595			4
2025.07.14	01:01:10.482		0.86594			4
2025.07.14	01:01:15.288		0.86588			4
2025.07.14	01:01:16.882	0.86561	0.86591			6
2025.07.14	01:01:18.536	0.86556				2
2025.07.14	01:01:19.536	0.86565	0.86599			6
2025.07.14	01:01:20.404	0.86555	0.86595			6
2025.07.14	01:01:20.996	0.86560	0.86591			6
2025.07.14	01:01:21.348	0.86558				2
2025.07.14	01:01:21.741	0.86552	0.86588			6
2025.07.14	01:01:23.417	0.86558	0.86592			6
2025.07.14	01:01:25.544		0.86593			4
2025.07.14	01:01:31.284		0.86592			4
2025.07.14	01:01:31.849	0.86553	0.86583			6
2025.07.14	01:01:33.111	0.86559	0.86595			6
2025.07.14	01:01:35.372	0.86548	0.86583			6
2025.07.14	01:01:36.488		0.86582			4
2025.07.14	01:01:38.449	0.86546	0.86585			6
2025.07.14	01:01:39.151	0.86544				2
2025.07.14	01:01:39.464		0.86583			4
2025.07.14	01:01:39.906	0.86562	0.86587			6
2025.07.14	01:01:40.424	0.86561	0.86589			6
2025.07.14	01:01:42.119	0.86558	0.86588			6
2025.07.14	01:01:42.708	0.86556	0.86589			6
2025.07.14	01:01:43.775	0.86554				2
2025.07.14	01:01:46.582	0.86552	0.86584			6
2025.07.14	01:01:47.506	0.86550	0.86583			6
2025.07.14	01:01:47.909		0.86585			4
2025.07.14	01:01:54.790		0.86586			4
2025.07.14	01:01:55.800	0.86556	0.86589			6
2025.07.14	01:01:56.162	0.86553				2
2025.07.14	01:01:58.610	0.86557	0.86592			6
2025.07.14	01:01:59.127	0.86559				2
2025.07.14	01:02:00.575	0.86558	0.86591			6
2025.07.14	01:02:01.367		0.86592			4
2025.07.14	01:02:02.047	0.86553	0.86587			6
2025.07.14	01:02:09.723	0.86558	0.86588			6
2025.07.14	01:02:13.427		0.86589			4
2025.07.14	01:02:13.784		0.86588			4
2025.07.14	01:02:14.254	0.86556				2
2025.07.14	01:02:14.560	0.86552	0.86584			6
2025.07.14	01:02:15.778		0.86585			4
2025.07.14	01:02:17.026		0.86584			4
2025.07.14	01:02:17.484		0.86583			4
2025.07.14	01:02:18.421		0.86582			4
2025.07.14	01:02:21.109		0.86581			4
2025.07.14	01:02:22.153	0.86554	0.86582			6
2025.07.14	01:02:26.176	0.86558	0.86587			6
2025.07.14	01:02:26.524	0.86560				2
2025.07.14	01:02:27.205	0.86566	0.86588			6
2025.07.14	01:02:27.517	0.86567				2
2025.07.14	01:02:28.241	0.86566				2
2025.07.14	01:02:28.748	0.86567				2
2025.07.14	01:02:29.421	0.86574	0.86590			6
2025.07.14	01:02:30.466		0.86592			4
2025.07.14	01:02:30.779		0.86591			4
2025.07.14	01:02:34.991	0.86573				2
2025.07.14	01:02:35.857		0.86592			4
2025.07.14	01:02:36.160	0.86578	0.86593			6
2025.07.14	01:02:36.517	0.86577	0.86594			6
2025.07.14	01:02:37.440		0.86593			4
2025.07.14	01:02:38.008	0.86581	0.86599			6
2025.07.14	01:02:38.782		0.86598			4
2025.07.14	01:02:39.194	0.86580	0.86596			6
2025.07.14	01:02:40.283	0.86575	0.86594			6
2025.07.14	01:02:40.589	0.86577	0.86598			6
2025.07.14	01:02:40.901	0.86576	0.86597			6
2025.07.14	01:02:41.763		0.86596			4
2025.07.14	01:02:42.169		0.86592			4
2025.07.14	01:02:45.084	0.86577	0.86591			6
2025.07.14	01:02:46.369	0.86575	0.86593			6
2025.07.14	01:02:46.734		0.86596			4
2025.07.14	01:02:47.062		0.86595			4
2025.07.14	01:02:47.378	0.86574	0.86592			6
2025.07.14	01:02:47.704		0.86590			4
2025.07.14	01:02:50.176		0.86589			4
2025.07.14	01:02:51.097		0.86590			4
2025.07.14	01:02:52.810	0.86573	0.86588			6
2025.07.14	01:02:53.505	0.86572				2
2025.07.14	01:02:54.872	0.86575	0.86589			6
2025.07.14	01:02:56.206	0.86576	0.86592			6
2025.07.14	01:02:57.039		0.86591			4
2025.07.14	01:02:57.904		0.86592			4
2025.07.14	01:02:58.905	0.86577	0.86593			6
2025.07.14	01:03:00.456	0.86575	0.86592			6
2025.07.14	01:03:01.207	0.86572	0.86585			6
2025.07.14	01:03:01.880	0.86568	0.86583			6
2025.07.14	01:03:02.182	0.86566	0.86582			6
2025.07.14	01:03:03.274	0.86569	0.86583			6
2025.07.14	01:03:04.154	0.86574	0.86587			6
2025.07.14	01:03:04.841	0.86572	0.86586			6
2025.07.14	01:03:05.152	0.86574	0.86587			6
2025.07.14	01:03:06.085	0.86575	0.86588			6
2025.07.14	01:03:07.185	0.86573				2
2025.07.14	01:03:09.206		0.86587			4
2025.07.14	01:03:11.466	0.86574	0.86588			6
2025.07.14	01:03:12.347	0.86573				2
2025.07.14	01:03:13.585	0.86574				2
2025.07.14	01:03:15.541	0.86575	0.86589			6
2025.07.14	01:03:15.847		0.86588			4
2025.07.14	01:03:16.632	0.86576	0.86589			6
2025.07.14	01:03:17.013	0.86578	0.86596			6
2025.07.14	01:03:20.281	0.86577	0.86593			6
2025.07.14	01:03:20.599		0.86592			4
2025.07.14	01:03:21.301		0.86589			4
2025.07.14	01:03:24.604	0.86574	0.86588			6
2025.07.14	01:03:25.568	0.86570	0.86583			6
2025.07.14	01:03:26.350	0.86567				2
2025.07.14	01:03:26.772	0.86569				2
2025.07.14	01:03:33.128	0.86571	0.86585			6
2025.07.14	01:03:38.798	0.86566	0.86578			6
2025.07.14	01:03:39.452	0.86565	0.86579			6
2025.07.14	01:03:44.452	0.86566	0.86578			6
2025.07.14	01:03:44.833	0.86565	0.86579			6
2025.07.14	01:03:45.139	0.86563	0.86578			6
2025.07.14	01:03:46.989	0.86562	0.86574			6
2025.07.14	01:03:50.141	0.86560	0.86573			6
2025.07.14	01:03:52.884		0.86574			4
2025.07.14	01:03:54.956	0.86555	0.86568			6
2025.07.14	01:03:56.031	0.86556				2
2025.07.14	01:03:57.153	0.86560	0.86574			6
2025.07.14	01:03:57.462	0.86562	0.86573			6
2025.07.14	01:03:57.774		0.86574			4
2025.07.14	01:03:59.484	0.86564	0.86575			6
2025.07.14	01:04:00.384	0.86563				2
2025.07.14	01:04:00.911	0.86560	0.86573			6
2025.07.14	01:04:01.284	0.86561				2
2025.07.14	01:04:01.646	0.86559	0.86572			6
2025.07.14	01:04:02.250	0.86556	0.86570			6
2025.07.14	01:04:08.374	0.86557	0.86572			6
2025.07.14	01:04:09.557		0.86570			4
2025.07.14	01:04:10.366	0.86559				2
2025.07.14	01:04:12.741		0.86571			4
2025.07.14	01:04:15.771	0.86557				2
2025.07.14	01:04:17.006		0.86570			4
2025.07.14	01:04:18.424	0.86560	0.86571			6
2025.07.14	01:04:25.924	0.86553	0.86565			6
2025.07.14	01:04:26.252	0.86552				2
2025.07.14	01:04:27.681	0.86553				2
2025.07.14	01:04:30.701	0.86552				2
2025.07.14	01:04:31.682	0.86553				2
2025.07.14	01:04:35.866	0.86554				2
2025.07.14	01:04:38.442	0.86555	0.86566			6
2025.07.14	01:04:41.790	0.86561	0.86572			6
2025.07.14	01:04:42.129	0.86560	0.86577			6
2025.07.14	01:04:42.438	0.86561	0.86574			6
2025.07.14	01:04:43.553	0.86562				2
2025.07.14	01:04:44.786	0.86563	0.86577			6
2025.07.14	01:04:46.284	0.86562				2
2025.07.14	01:04:47.157		0.86574			4
2025.07.14	01:04:48.168	0.86563				2
2025.07.14	01:04:48.501		0.86575			4
2025.07.14	01:04:49.996	0.86566	0.86577			6
2025.07.14	01:04:50.318	0.86565	0.86578			6
2025.07.14	01:04:51.083	0.86568	0.86581			6
2025.07.14	01:04:51.432	0.86569	0.86580			6
2025.07.14	01:04:54.371	0.86570	0.86581			6
2025.07.14	01:04:55.957	0.86571				2
2025.07.14	01:04:57.210		0.86583			4
2025.07.14	01:04:58.927	0.86561	0.86572			6
2025.07.14	01:04:59.951		0.86575			4
2025.07.14	01:05:00.253	0.86562	0.86572			6
2025.07.14	01:05:00.579		0.86576			4
2025.07.14	01:05:01.021		0.86578			4
2025.07.14	01:05:01.457	0.86563	0.86576			6
2025.07.14	01:05:03.122	0.86569	0.86577			6
2025.07.14	01:05:03.425	0.86566				2
2025.07.14	01:05:04.347		0.86576			4
2025.07.14	01:05:08.084	0.86567				2
2025.07.14	01:05:08.399	0.86568	0.86573			6
2025.07.14	01:05:10.693		0.86576			4
2025.07.14	01:05:11.020	0.86566	0.86574			6
2025.07.14	01:05:12.533	0.86567	0.86577			6
2025.07.14	01:05:12.836	0.86568	0.86578			6
2025.07.14	01:05:13.139	0.86569	0.86579			6
2025.07.14	01:05:13.607		0.86580			4
2025.07.14	01:05:14.286		0.86578			4
2025.07.14	01:05:15.543		0.86581			4
2025.07.14	01:05:15.845		0.86579			4
2025.07.14	01:05:20.981		0.86580			4
2025.07.14	01:05:23.160	0.86570	0.86583			6
2025.07.14	01:05:24.690		0.86585			4
2025.07.14	01:05:25.562	0.86564	0.86575			6
2025.07.14	01:05:28.151		0.86574			4
2025.07.14	01:05:30.225	0.86566	0.86576			6
2025.07.14	01:05:30.793	0.86567	0.86578			6
2025.07.14	01:05:31.484		0.86577			4
2025.07.14	01:05:32.284		0.86578			4
2025.07.14	01:05:35.782	0.86559	0.86571			6
2025.07.14	01:05:37.374	0.86561	0.86572			6
2025.07.14	01:05:38.101		0.86573			4
2025.07.14	01:05:39.443		0.86571			4
2025.07.14	01:05:39.760	0.86558	0.86570			6
2025.07.14	01:05:40.186	0.86562	0.86571			6
2025.07.14	01:05:41.080	0.86561	0.86572			6
2025.07.14	01:05:41.588	0.86562	0.86571			6
2025.07.14	01:05:41.945	0.86563	0.86573			6
2025.07.14	01:05:43.107	0.86562	0.86575			6
2025.07.14	01:05:44.161	0.86564				2
2025.07.14	01:05:45.683	0.86566				2
2025.07.14	01:05:46.156	0.86564	0.86576			6
2025.07.14	01:05:49.582		0.86577			4
2025.07.14	01:05:50.690		0.86578			4
2025.07.14	01:05:54.202	0.86560	0.86566			6
2025.07.14	01:05:54.521	0.86558				2
2025.07.14	01:05:54.925	0.86561	0.86568			6
2025.07.14	01:05:55.232		0.86569			4
2025.07.14	01:06:00.547	0.86561				2
2025.07.14	01:06:00.932	0.86558	0.86565			6
2025.07.14	01:06:02.472	0.86559	0.86569			6
2025.07.14	01:06:03.104		0.86570			4
2025.07.14	01:06:03.454	0.86558				2
2025.07.14	01:06:04.880		0.86571			4
2025.07.14	01:06:05.967		0.86570			4
2025.07.14	01:06:09.084	0.86557	0.86569			6
2025.07.14	01:06:09.401		0.86568			4
2025.07.14	01:06:10.025	0.86558				2
2025.07.14	01:06:12.683	0.86557				2
2025.07.14	01:06:15.264	0.86560	0.86570			6
2025.07.14	01:06:16.060	0.86561				2
2025.07.14	01:06:17.086	0.86559				2
2025.07.14	01:06:21.033	0.86561	0.86571			6
2025.07.14	01:06:25.704	0.86560				2
2025.07.14	01:06:27.683		0.86570			4
2025.07.14	01:06:30.099	0.86569	0.86585			6
2025.07.14	01:06:30.410		0.86581			4
2025.07.14	01:06:30.754	0.86570	0.86583			6
2025.07.14	01:06:31.209	0.86569	0.86582			6
2025.07.14	01:06:32.216		0.86581			4
2025.07.14	01:06:35.482	0.86568	0.86582			6
2025.07.14	01:06:36.367	0.86570	0.86583			6
2025.07.14	01:06:38.241		0.86582			4
2025.07.14	01:06:39.683	0.86571				2
2025.07.14	01:06:40.629	0.86570				2
2025.07.14	01:06:41.181		0.86581			4
2025.07.14	01:06:41.632	0.86565	0.86578			6
2025.07.14	01:06:42.128	0.86566	0.86581			6
2025.07.14	01:06:48.144	0.86565	0.86575			6
2025.07.14	01:06:48.603	0.86566	0.86578			6
2025.07.14	01:06:53.187	0.86559	0.86573			6
2025.07.14	01:06:54.343	0.86566	0.86578			6
2025.07.14	01:06:54.692	0.86564	0.86579			6
2025.07.14	01:06:56.332	0.86568	0.86580			6
2025.07.14	01:06:56.636		0.86577			4
2025.07.14	01:06:57.135		0.86578			4
2025.07.14	01:06:57.990	0.86569				2
2025.07.14	01:06:59.485		0.86579			4
2025.07.14	01:06:59.846		0.86578			4
2025.07.14	01:07:01.395	0.86569				2
2025.07.14	01:07:02.291	0.86566				2
2025.07.14	01:07:03.381	0.86565				2
2025.07.14	01:07:05.364	0.86561	0.86575			6
2025.07.14	01:07:05.866		0.86576			4
2025.07.14	01:07:06.183		0.86575			4
2025.07.14	01:07:06.921	0.86557	0.86569			6
2025.07.14	01:07:08.000	0.86559	0.86575			6
2025.07.14	01:07:08.365		0.86573			4
2025.07.14	01:07:10.884	0.86558				2
2025.07.14	01:07:13.576	0.86559	0.86572			6
2025.07.14	01:07:13.881		0.86571			4
2025.07.14	01:07:14.353		0.86574			4
2025.07.14	01:07:14.659	0.86560				2
2025.07.14	01:07:17.443	0.86559	0.86573			6
2025.07.14	01:07:23.941		0.86569			4
2025.07.14	01:07:26.103	0.86557	0.86574			6
2025.07.14	01:07:27.683	0.86556	0.86571			6
2025.07.14	01:07:29.784		0.86570			4
2025.07.14	01:07:31.783		0.86572			4
2025.07.14	01:07:32.424	0.86554	0.86569			6
2025.07.14	01:07:33.724	0.86559	0.86571			6
2025.07.14	01:07:34.034		0.86573			4
2025.07.14	01:07:36.216	0.86558	0.86572			6
2025.07.14	01:07:36.548		0.86570			4
2025.07.14	01:07:38.677		0.86572			4
2025.07.14	01:07:40.359	0.86557	0.86571			6
2025.07.14	01:07:42.400		0.86570			4
2025.07.14	01:07:46.058	0.86558				2
2025.07.14	01:07:51.695	0.86545	0.86559			6
2025.07.14	01:07:52.002	0.86543	0.86558			6
2025.07.14	01:07:52.328	0.86542	0.86560			6
2025.07.14	01:07:53.534		0.86561			4
2025.07.14	01:07:54.647	0.86543				2
2025.07.14	01:07:56.261		0.86558			4
2025.07.14	01:07:57.557		0.86559			4
2025.07.14	01:07:57.880	0.86546	0.86560			6
2025.07.14	01:07:58.182	0.86545	0.86557			6
2025.07.14	01:07:58.759		0.86558			4
2025.07.14	01:07:59.399		0.86560			4
2025.07.14	01:08:00.472	0.86545	0.86562			6
2025.07.14	01:08:01.507	0.86544	0.86563			6
2025.07.14	01:08:01.819		0.86560			4
2025.07.14	01:08:02.132	0.86545	0.86559			6
2025.07.14	01:08:02.783	0.86543	0.86557			6
2025.07.14	01:08:05.237	0.86539	0.86555			6
2025.07.14	01:08:05.569		0.86556			4
2025.07.14	01:08:06.512		0.86555			4
2025.07.14	01:08:06.870	0.86540	0.86556			6
2025.07.14	01:08:07.875		0.86555			4
2025.07.14	01:08:08.384		0.86556			4
2025.07.14	01:08:10.418	0.86544	0.86557			6
2025.07.14	01:08:11.129	0.86541	0.86558			6
2025.07.14	01:08:11.763	0.86542				2
2025.07.14	01:08:12.590	0.86541	0.86559			6
2025.07.14	01:08:13.058	0.86542				2
2025.07.14	01:08:13.788	0.86539	0.86556			6
2025.07.14	01:08:14.351	0.86540				2
2025.07.14	01:08:14.659	0.86536	0.86551			6
2025.07.14	01:08:16.755	0.86535				2
2025.07.14	01:08:17.070	0.86547	0.86564			6
2025.07.14	01:08:17.382	0.86546	0.86563			6
2025.07.14	01:08:18.075	0.86545	0.86564			6
2025.07.14	01:08:18.983	0.86543	0.86560			6
2025.07.14	01:08:21.201	0.86545	0.86562			6
2025.07.14	01:08:24.681	0.86540	0.86557			6
2025.07.14	01:08:25.348	0.86541	0.86560			6
2025.07.14	01:08:26.782	0.86542				2
2025.07.14	01:08:28.647	0.86541				2
2025.07.14	01:08:30.682	0.86542				2
2025.07.14	01:08:32.802	0.86543	0.86558			6
2025.07.14	01:08:35.202	0.86545	0.86561			6
2025.07.14	01:08:37.913	0.86543				2
2025.07.14	01:08:38.219	0.86544	0.86560			6
2025.07.14	01:08:39.111	0.86545	0.86559			6
2025.07.14	01:08:39.507		0.86560			4
2025.07.14	01:08:40.765	0.86546	0.86561			6
2025.07.14	01:08:41.758		0.86559			4
2025.07.14	01:08:42.688		0.86561			4
2025.07.14	01:08:46.338	0.86545	0.86559			6
2025.07.14	01:08:46.686	0.86546	0.86562			6
2025.07.14	01:08:48.898		0.86563			4
2025.07.14	01:08:50.263		0.86565			4
2025.07.14	01:08:54.902		0.86562			4
2025.07.14	01:08:57.759	0.86545	0.86560			6
2025.07.14	01:08:58.814	0.86547				2
2025.07.14	01:08:59.786	0.86545				2
2025.07.14	01:09:00.283	0.86546				2
2025.07.14	01:09:03.761	0.86547				2
2025.07.14	01:09:16.271	0.86548				2
2025.07.14	01:09:16.845		0.86562			4
2025.07.14	01:09:18.384	0.86549				2
2025.07.14	01:09:19.315	0.86551				2
2025.07.14	01:09:19.959	0.86547	0.86560			6
2025.07.14	01:09:20.263	0.86544				2
2025.07.14	01:09:21.435	0.86545				2
2025.07.14	01:09:23.803	0.86544				2
2025.07.14	01:09:24.518	0.86545				2
2025.07.14	01:09:24.873	0.86546				2
2025.07.14	01:09:26.385	0.86547				2
2025.07.14	01:09:27.665	0.86546				2
2025.07.14	01:09:28.816	0.86547				2
2025.07.14	01:09:31.053	0.86546	0.86559			6
2025.07.14	01:09:31.950	0.86547				2
2025.07.14	01:09:43.098	0.86546				2
2025.07.14	01:09:45.726		0.86557			4
2025.07.14	01:09:46.780	0.86543	0.86555			6
2025.07.14	01:09:48.267	0.86545				2
2025.07.14	01:09:48.590		0.86551			4
2025.07.14	01:09:50.697		0.86548			4
2025.07.14	01:09:51.695		0.86551			4
2025.07.14	01:09:53.590		0.86548			4
2025.07.14	01:09:54.350		0.86550			4
2025.07.14	01:10:00.569	0.86545				2
2025.07.14	01:10:03.678	0.86547	0.86553			6
2025.07.14	01:10:04.861	0.86551	0.86555			6
2025.07.14	01:10:05.824	0.86550	0.86560			6
2025.07.14	01:10:08.238	0.86552				2
2025.07.14	01:10:10.870	0.86549	0.86558			6
2025.07.14	01:10:11.179	0.86551				2
2025.07.14	01:10:12.986	0.86552	0.86560			6
2025.07.14	01:10:14.517	0.86555	0.86562			6
2025.07.14	01:10:18.936	0.86554				2
2025.07.14	01:10:20.682	0.86555				2
2025.07.14	01:10:26.130	0.86559	0.86565			6
2025.07.14	01:10:26.537		0.86564			4
2025.07.14	01:10:28.755	0.86558				2
2025.07.14	01:10:32.058		0.86562			4
2025.07.14	01:10:33.090	0.86559	0.86565			6
2025.07.14	01:10:37.326	0.86556				2
2025.07.14	01:10:39.682		0.86563			4
2025.07.14	01:10:41.938	0.86555				2
2025.07.14	01:10:42.468	0.86556				2
2025.07.14	01:10:47.484	0.86553	0.86562			6
2025.07.14	01:10:47.786		0.86558			4
2025.07.14	01:10:52.542		0.86560			4
2025.07.14	01:10:53.624		0.86562			4
2025.07.14	01:10:56.560		0.86560			4
2025.07.14	01:10:57.333	0.86554				2
2025.07.14	01:11:00.456	0.86554	0.86561			6
2025.07.14	01:11:02.535	0.86551	0.86558			6
2025.07.14	01:11:03.385	0.86546	0.86553			6
2025.07.14	01:11:03.750	0.86543				2
2025.07.14	01:11:05.850	0.86542	0.86552			6
2025.07.14	01:11:07.749	0.86539				2
2025.07.14	01:11:08.254		0.86548			4
2025.07.14	01:11:08.572	0.86537				2
2025.07.14	01:11:14.347		0.86550			4
2025.07.14	01:11:21.161		0.86549			4
2025.07.14	01:11:24.618	0.86540	0.86551			6
2025.07.14	01:11:25.572	0.86537	0.86550			6
2025.07.14	01:11:43.671	0.86539				2
2025.07.14	01:11:49.432	0.86540				2
2025.07.14	01:11:49.746	0.86542	0.86552			6
2025.07.14	01:11:51.044	0.86543				2
2025.07.14	01:11:55.319	0.86542				2
2025.07.14	01:11:55.841	0.86545	0.86553			6
2025.07.14	01:11:56.221	0.86546				2
2025.07.14	01:11:57.803	0.86543				2
2025.07.14	01:12:00.353	0.86543				2
2025.07.14	01:12:01.307	0.86541	0.86548			6
2025.07.14	01:12:03.099	0.86542	0.86551			6
2025.07.14	01:12:03.511	0.86544				2
2025.07.14	01:12:05.144	0.86543	0.86547			6
2025.07.14	01:12:08.678	0.86540				2
2025.07.14	01:12:12.315	0.86538	0.86544			6
2025.07.14	01:12:14.715	0.86537				2
2025.07.14	01:12:16.315	0.86538	0.86547			6
2025.07.14	01:12:16.621	0.86540				2
2025.07.14	01:12:17.434	0.86541				2
2025.07.14	01:12:17.932	0.86538				2
2025.07.14	01:12:24.703		0.86542			4
2025.07.14	01:12:25.536	0.86532	0.86539			6
2025.07.14	01:12:25.840		0.86537			4
2025.07.14	01:12:26.347	0.86534	0.86539			6
2025.07.14	01:12:27.195	0.86535	0.86543			6
2025.07.14	01:12:27.504	0.86537	0.86544			6
2025.07.14	01:12:29.525	0.86540	0.86547			6
2025.07.14	01:12:30.709		0.86546			4
2025.07.14	01:12:31.323	0.86537				2
2025.07.14	01:12:34.572	0.86536	0.86543			6
2025.07.14	01:12:35.724	0.86535				2
2025.07.14	01:12:39.383	0.86538				2
2025.07.14	01:12:40.848	0.86535				2
2025.07.14	01:12:41.383		0.86540			4
2025.07.14	01:12:46.186	0.86537	0.86546			6
2025.07.14	01:12:50.733	0.86535	0.86540			6
2025.07.14	01:12:56.341	0.86531	0.86537			6
2025.07.14	01:12:58.749		0.86536			4
2025.07.14	01:12:59.676	0.86530				2
2025.07.14	01:13:00.681	0.86530				2
2025.07.14	01:13:03.054	0.86532	0.86540			6
2025.07.14	01:13:04.478	0.86535	0.86541			6
2025.07.14	01:13:05.840	0.86533				2
2025.07.14	01:13:06.776		0.86540			4
2025.07.14	01:13:07.842		0.86541			4
2025.07.14	01:13:10.844	0.86534	0.86539			6
2025.07.14	01:13:11.404		0.86541			4
2025.07.14	01:13:12.776		0.86539			4
2025.07.14	01:13:13.290	0.86533				2
2025.07.14	01:13:14.317	0.86531				2
2025.07.14	01:13:15.278	0.86532				2
2025.07.14	01:13:15.579		0.86538			4
2025.07.14	01:13:20.868		0.86539			4
2025.07.14	01:13:21.353		0.86538			4
2025.07.14	01:13:24.791	0.86529	0.86536			6
2025.07.14	01:13:30.858	0.86530	0.86537			6
2025.07.14	01:13:31.215		0.86535			4
2025.07.14	01:13:33.327		0.86534			4
2025.07.14	01:13:34.311	0.86527	0.86536			6
2025.07.14	01:13:35.081		0.86533			4
2025.07.14	01:13:35.856	0.86523	0.86529			6
2025.07.14	01:13:40.355	0.86522	0.86526			6
2025.07.14	01:13:41.002	0.86521				2
2025.07.14	01:13:44.316	0.86517	0.86522			6
2025.07.14	01:13:44.624	0.86520	0.86526			6
2025.07.14	01:13:45.569	0.86521				2
2025.07.14	01:13:46.380	0.86517	0.86524			6
2025.07.14	01:13:46.712	0.86516				2
2025.07.14	01:13:47.252	0.86517				2
2025.07.14	01:13:48.840	0.86518	0.86525			6
2025.07.14	01:13:49.368		0.86527			4
2025.07.14	01:13:49.679	0.86517	0.86524			6
2025.07.14	01:13:51.931	0.86518				2
2025.07.14	01:13:52.667		0.86526			4
2025.07.14	01:13:55.873	0.86515	0.86521			6
2025.07.14	01:13:56.690	0.86517	0.86524			6
2025.07.14	01:13:59.372	0.86516	0.86521			6
2025.07.14	01:14:00.404	0.86519	0.86523			6
2025.07.14	01:14:00.751	0.86517	0.86524			6
2025.07.14	01:14:01.070		0.86523			4
2025.07.14	01:14:01.375		0.86524			4
2025.07.14	01:14:04.045	0.86519				2
2025.07.14	01:14:04.771		0.86527			4
2025.07.14	01:14:05.373	0.86517	0.86524			6
2025.07.14	01:14:05.697		0.86525			4
2025.07.14	01:14:06.252	0.86516				2
2025.07.14	01:14:06.676	0.86514	0.86523			6
2025.07.14	01:14:06.981	0.86516	0.86524			6
2025.07.14	01:14:08.407	0.86514				2
2025.07.14	01:14:09.751	0.86513	0.86523			6
2025.07.14	01:14:10.888	0.86514	0.86522			6
2025.07.14	01:14:12.312	0.86516	0.86523			6
2025.07.14	01:14:13.724		0.86524			4
2025.07.14	01:14:14.698	0.86517	0.86526			6
2025.07.14	01:14:15.442	0.86514	0.86522			6
2025.07.14	01:14:15.796	0.86515	0.86523			6
2025.07.14	01:14:16.704		0.86524			4
2025.07.14	01:14:20.880	0.86514	0.86520			6
2025.07.14	01:14:23.424	0.86513	0.86522			6
2025.07.14	01:14:25.692	0.86508	0.86517			6
2025.07.14	01:14:26.002	0.86507				2
2025.07.14	01:14:26.317	0.86506	0.86516			6
2025.07.14	01:14:27.097	0.86507				2
2025.07.14	01:14:27.433		0.86515			4
2025.07.14	01:14:27.739		0.86516			4
2025.07.14	01:14:28.217		0.86515			4
2025.07.14	01:14:28.935	0.86504	0.86511			6
2025.07.14	01:14:30.225	0.86511	0.86515			6
2025.07.14	01:14:30.560		0.86516			4
2025.07.14	01:14:32.825	0.86507	0.86518			6
2025.07.14	01:14:33.152		0.86517			4
2025.07.14	01:14:34.477		0.86518			4
2025.07.14	01:14:37.718		0.86515			4
2025.07.14	01:14:38.431	0.86506	0.86516			6
2025.07.14	01:14:39.411		0.86515			4
2025.07.14	01:14:41.205	0.86513	0.86522			6
2025.07.14	01:14:41.505	0.86516	0.86523			6
2025.07.14	01:14:42.351	0.86517	0.86526			6
2025.07.14	01:14:45.303	0.86514	0.86525			6
2025.07.14	01:14:45.612	0.86520	0.86528			6
2025.07.14	01:14:45.925	0.86519				2
2025.07.14	01:14:47.241	0.86520	0.86529			6
2025.07.14	01:14:48.364	0.86519				2
2025.07.14	01:14:50.333	0.86523	0.86531			6
2025.07.14	01:14:50.640	0.86526	0.86534			6
2025.07.14	01:14:51.320		0.86535			4
2025.07.14	01:14:53.693	0.86523	0.86532			6
2025.07.14	01:14:55.947	0.86524				2
2025.07.14	01:14:58.588	0.86526	0.86533			6
2025.07.14	01:15:00.382	0.86526				2
2025.07.14	01:15:00.864	0.86525				2
2025.07.14	01:15:01.807	0.86526				2
2025.07.14	01:15:02.502		0.86532			4
2025.07.14	01:15:05.058		0.86533			4
2025.07.14	01:15:05.832		0.86534			4
2025.07.14	01:15:06.603	0.86522	0.86531			6
2025.07.14	01:15:07.629		0.86530			4
2025.07.14	01:15:08.027		0.86531			4
2025.07.14	01:15:09.496	0.86523				2
2025.07.14	01:15:12.190	0.86522	0.86530			6
2025.07.14	01:15:12.494		0.86531			4
2025.07.14	01:15:13.333	0.86524	0.86532			6
2025.07.14	01:15:13.641	0.86525				2
2025.07.14	01:15:14.603		0.86533			4
2025.07.14	01:15:15.551		0.86532			4
2025.07.14	01:15:16.694	0.86526	0.86533			6
2025.07.14	01:15:17.235	0.86523	0.86530			6
2025.07.14	01:15:17.567	0.86522				2
2025.07.14	01:15:18.295	0.86524	0.86531			6
2025.07.14	01:15:20.011	0.86522	0.86530			6
2025.07.14	01:15:20.606	0.86526	0.86533			6
2025.07.14	01:15:21.448	0.86523				2
2025.07.14	01:15:25.059	0.86522	0.86532			6
2025.07.14	01:15:29.402	0.86521				2
2025.07.14	01:15:29.727	0.86523	0.86533			6
2025.07.14	01:15:31.201	0.86522				2
2025.07.14	01:15:31.600	0.86521	0.86532			6
2025.07.14	01:15:39.634	0.86523				2
2025.07.14	01:15:39.995	0.86522	0.86531			6
2025.07.14	01:15:40.301	0.86525	0.86532			6
2025.07.14	01:15:43.266	0.86524				2
2025.07.14	01:15:44.876	0.86522				2
2025.07.14	01:15:45.886	0.86523				2
2025.07.14	01:15:46.701	0.86522				2
2025.07.14	01:15:47.120	0.86523				2
2025.07.14	01:15:53.572	0.86525	0.86534			6
2025.07.14	01:15:54.396	0.86526	0.86536			6
2025.07.14	01:15:55.808		0.86535			4
2025.07.14	01:15:56.882	0.86530	0.86539			6
2025.07.14	01:15:59.477	0.86533	0.86541			6
2025.07.14	01:15:59.780	0.86531	0.86540			6
2025.07.14	01:16:00.100	0.86531	0.86541			6
2025.07.14	01:16:00.519		0.86540			4
2025.07.14	01:16:00.988	0.86533	0.86541			6
2025.07.14	01:16:01.290		0.86542			4
2025.07.14	01:16:04.171	0.86535	0.86546			6
2025.07.14	01:16:05.484	0.86536	0.86545			6
2025.07.14	01:16:05.802	0.86538				2
2025.07.14	01:16:09.527	0.86535				2
2025.07.14	01:16:18.154	0.86540	0.86549			6
2025.07.14	01:16:18.457	0.86539				2
2025.07.14	01:16:19.472	0.86541				2
2025.07.14	01:16:21.239	0.86540				2
2025.07.14	01:16:22.158	0.86541				2
2025.07.14	01:16:25.634	0.86544	0.86551			6
2025.07.14	01:16:25.949	0.86542				2
2025.07.14	01:16:28.839		0.86550			4
2025.07.14	01:16:30.973	0.86541				2
2025.07.14	01:16:36.733	0.86543	0.86552			6
2025.07.14	01:16:37.117	0.86544				2
2025.07.14	01:16:38.175	0.86545				2
2025.07.14	01:16:38.610	0.86544				2
2025.07.14	01:16:40.524	0.86545				2
2025.07.14	01:16:40.861	0.86544				2
2025.07.14	01:16:41.527	0.86546	0.86553			6
2025.07.14	01:16:47.723		0.86554			4
2025.07.14	01:16:53.710	0.86545	0.86556			6
2025.07.14	01:16:54.373	0.86547	0.86557			6
2025.07.14	01:16:54.691	0.86546				2
2025.07.14	01:16:54.993	0.86547				2
2025.07.14	01:16:55.299		0.86556			4
2025.07.14	01:16:55.618		0.86557			4
2025.07.14	01:16:59.157	0.86548	0.86558			6
2025.07.14	01:17:00.290	0.86548				2
2025.07.14	01:17:00.689	0.86546	0.86557			6
2025.07.14	01:17:05.410	0.86547				2
2025.07.14	01:17:06.453	0.86546				2
2025.07.14	01:17:06.818	0.86545	0.86555			6
2025.07.14	01:17:09.230	0.86544	0.86554			6
2025.07.14	01:17:18.494	0.86546	0.86556			6
2025.07.14	01:17:20.957	0.86543	0.86554			6
2025.07.14	01:17:24.450	0.86547	0.86556			6
2025.07.14	01:17:28.780	0.86546				2
2025.07.14	01:17:30.290		0.86555			4
2025.07.14	01:17:31.462	0.86549	0.86558			6
2025.07.14	01:17:31.784	0.86548	0.86557			6
2025.07.14	01:17:32.100	0.86547				2
2025.07.14	01:17:38.523	0.86548	0.86558			6
2025.07.14	01:17:38.976	0.86550	0.86559			6
2025.07.14	01:17:39.583	0.86549				2
2025.07.14	01:17:40.188	0.86550				2
2025.07.14	01:17:41.655	0.86551				2
2025.07.14	01:17:43.360	0.86550				2
2025.07.14	01:17:44.788	0.86549				2
2025.07.14	01:17:45.127	0.86550				2
2025.07.14	01:17:45.434	0.86549				2
2025.07.14	01:17:53.037	0.86548	0.86558			6
2025.07.14	01:17:53.352	0.86549	0.86559			6
2025.07.14	01:17:54.135	0.86551				2
2025.07.14	01:17:59.326	0.86549	0.86558			6
2025.07.14	01:18:00.066	0.86549	0.86559			6
2025.07.14	01:18:00.465	0.86550				2
2025.07.14	01:18:00.985	0.86549	0.86558			6
2025.07.14	01:18:01.446	0.86547				2
2025.07.14	01:18:01.874	0.86546	0.86556			6
2025.07.14	01:18:03.526	0.86547	0.86557			6
2025.07.14	01:18:08.764		0.86556			4
2025.07.14	01:18:09.080		0.86557			4
2025.07.14	01:18:09.484	0.86546	0.86556			6
2025.07.14	01:18:09.787	0.86547				2
2025.07.14	01:18:11.985		0.86557			4
2025.07.14	01:18:12.683		0.86556			4
2025.07.14	01:18:13.349	0.86546				2
2025.07.14	01:18:13.751	0.86547	0.86557			6
2025.07.14	01:18:14.061	0.86548				2
2025.07.14	01:18:15.379	0.86547				2
2025.07.14	01:18:19.237		0.86556			4
2025.07.14	01:18:19.576		0.86557			4
2025.07.14	01:18:23.441		0.86556			4
2025.07.14	01:18:23.818		0.86557			4
2025.07.14	01:18:25.414		0.86556			4
2025.07.14	01:18:27.737	0.86546				2
2025.07.14	01:18:29.673	0.86545	0.86555			6
2025.07.14	01:18:30.140		0.86554			4
2025.07.14	01:18:33.645		0.86552			4
2025.07.14	01:18:34.687		0.86553			4
2025.07.14	01:18:35.749		0.86554			4
2025.07.14	01:18:36.097		0.86553			4
2025.07.14	01:18:37.324		0.86554			4
2025.07.14	01:18:39.064		0.86553			4
2025.07.14	01:18:39.992		0.86556			4
2025.07.14	01:18:40.317		0.86555			4
2025.07.14	01:18:40.773		0.86556			4
2025.07.14	01:18:43.284	0.86546				2
2025.07.14	01:18:43.600	0.86545	0.86555			6
2025.07.14	01:18:46.142		0.86556			4
2025.07.14	01:18:46.444		0.86555			4
2025.07.14	01:18:46.794	0.86543	0.86552			6
2025.07.14	01:18:53.828	0.86540	0.86548			6
2025.07.14	01:18:54.659		0.86549			4
2025.07.14	01:18:56.952	0.86541	0.86551			6
2025.07.14	01:18:57.264	0.86540	0.86549			6
2025.07.14	01:19:00.010	0.86540				2
2025.07.14	01:19:04.234	0.86542	0.86551			6
2025.07.14	01:19:05.064		0.86552			4
2025.07.14	01:19:05.382	0.86543				2
2025.07.14	01:19:09.412	0.86544	0.86553			6
2025.07.14	01:19:12.311	0.86545				2
2025.07.14	01:19:16.178	0.86544				2
2025.07.14	01:19:16.485	0.86547	0.86557			6
2025.07.14	01:19:18.502		0.86556			4
2025.07.14	01:19:18.885		0.86557			4
2025.07.14	01:19:19.197		0.86556			4
2025.07.14	01:19:20.865	0.86545	0.86554			6
2025.07.14	01:19:29.154	0.86546				2
2025.07.14	01:19:29.663	0.86543	0.86552			6
2025.07.14	01:19:38.893	0.86544	0.86553			6
2025.07.14	01:19:39.200	0.86545	0.86555			6
2025.07.14	01:19:39.854	0.86546				2
2025.07.14	01:19:44.359	0.86547				2
2025.07.14	01:19:44.727	0.86546				2
2025.07.14	01:19:45.531	0.86547				2
2025.07.14	01:19:57.859	0.86546				2
2025.07.14	01:20:00.003	0.86547				2
2025.07.14	01:20:00.383	0.86545	0.86553			6
2025.07.14	01:20:00.699	0.86543	0.86551			6
2025.07.14	01:20:01.481	0.86542	0.86550			6
2025.07.14	01:20:02.130		0.86549			4
2025.07.14	01:20:03.158	0.86541				2
2025.07.14	01:20:05.242	0.86543	0.86550			6
2025.07.14	01:20:05.561	0.86542	0.86549			6
2025.07.14	01:20:05.917		0.86550			4
2025.07.14	01:20:21.018	0.86541				2
2025.07.14	01:20:23.316	0.86542				2
2025.07.14	01:20:29.820	0.86541	0.86549			6
2025.07.14	01:20:30.929	0.86539	0.86547			6
2025.07.14	01:20:31.276	0.86537				2
2025.07.14	01:20:31.580	0.86538				2
2025.07.14	01:20:31.887	0.86539				2
2025.07.14	01:20:32.200	0.86540	0.86549			6
2025.07.14	01:20:32.922	0.86541				2
2025.07.14	01:20:33.559	0.86542	0.86551			6
2025.07.14	01:20:33.883	0.86541	0.86550			6
2025.07.14	01:20:34.217	0.86543				2
2025.07.14	01:20:34.824	0.86539	0.86547			6
2025.07.14	01:20:35.141		0.86548			4
2025.07.14	01:20:35.852	0.86537	0.86545			6
2025.07.14	01:20:36.483	0.86536				2
2025.07.14	01:20:37.953	0.86533	0.86541			6
2025.07.14	01:20:38.259		0.86542			4
2025.07.14	01:20:39.004		0.86541			4
2025.07.14	01:20:39.697	0.86532				2
2025.07.14	01:20:41.519	0.86533				2
2025.07.14	01:20:43.341	0.86532				2
2025.07.14	01:20:44.379	0.86533				2
2025.07.14	01:20:46.300	0.86531	0.86539			6
2025.07.14	01:20:47.223		0.86538			4
2025.07.14	01:20:49.200	0.86532				2
2025.07.14	01:20:51.987	0.86531				2
2025.07.14	01:21:00.228	0.86531				2
2025.07.14	01:21:01.560	0.86528	0.86536			6
2025.07.14	01:21:04.968	0.86524	0.86533			6
2025.07.14	01:21:05.280		0.86531			4
2025.07.14	01:21:05.597		0.86532			4
2025.07.14	01:21:06.836		0.86531			4
2025.07.14	01:21:07.649	0.86523				2
2025.07.14	01:21:13.717	0.86522				2
2025.07.14	01:21:14.020		0.86530			4
2025.07.14	01:21:15.048		0.86531			4
2025.07.14	01:21:15.513		0.86530			4
2025.07.14	01:21:24.748	0.86523	0.86531			6
2025.07.14	01:21:27.160	0.86524	0.86532			6
2025.07.14	01:21:32.952	0.86523	0.86530			6
2025.07.14	01:21:33.788		0.86531			4
2025.07.14	01:21:34.373	0.86522	0.86530			6
2025.07.14	01:21:35.977	0.86523	0.86531			6
2025.07.14	01:21:39.197	0.86522	0.86530			6
2025.07.14	01:21:45.523	0.86521	0.86528			6
2025.07.14	01:21:45.840	0.86519	0.86526			6
2025.07.14	01:21:46.150	0.86518				2
2025.07.14	01:21:50.879	0.86520	0.86528			6
2025.07.14	01:21:51.276	0.86521				2
2025.07.14	01:21:51.919	0.86520				2
2025.07.14	01:21:52.244	0.86521				2
2025.07.14	01:22:00.060	0.86522	0.86530			6
2025.07.14	01:22:01.781	0.86523				2
2025.07.14	01:22:03.463	0.86522				2
2025.07.14	01:22:05.846	0.86523				2
2025.07.14	01:22:06.732	0.86522				2
2025.07.14	01:22:14.058	0.86523				2
2025.07.14	01:22:23.172	0.86526	0.86533			6
2025.07.14	01:22:23.501		0.86534			4
2025.07.14	01:22:32.544	0.86527	0.86535			6
2025.07.14	01:22:35.254	0.86528				2
2025.07.14	01:22:36.778	0.86529	0.86536			6
2025.07.14	01:22:40.448	0.86528				2
2025.07.14	01:22:41.675		0.86537			4
2025.07.14	01:22:54.496		0.86536			4
2025.07.14	01:22:54.829	0.86529				2
2025.07.14	01:22:58.872	0.86528				2
2025.07.14	01:23:00.257	0.86528				2
2025.07.14	01:23:14.995		0.86529			4
2025.07.14	01:23:15.300	0.86532	0.86537			6
2025.07.14	01:23:15.949		0.86538			4
2025.07.14	01:23:16.827	0.86530				2
2025.07.14	01:23:17.140	0.86528	0.86530			6
2025.07.14	01:23:18.470		0.86529			4
2025.07.14	01:23:19.602	0.86524	0.86525			6
2025.07.14	01:23:19.924	0.86523				2
2025.07.14	01:23:20.571	0.86524	0.86526			6
2025.07.14	01:23:34.630		0.86527			4
2025.07.14	01:23:37.802	0.86519	0.86523			6
2025.07.14	01:23:38.161	0.86520	0.86522			6
2025.07.14	01:23:38.909	0.86519				2
2025.07.14	01:23:39.312	0.86518				2
2025.07.14	01:23:42.288	0.86522	0.86525			6
2025.07.14	01:23:42.601		0.86528			4
2025.07.14	01:23:43.021	0.86521				2
2025.07.14	01:23:43.339	0.86522				2
2025.07.14	01:23:43.640	0.86524	0.86527			6
2025.07.14	01:23:45.627	0.86522				2
2025.07.14	01:23:51.184	0.86519	0.86523			6
2025.07.14	01:23:51.505	0.86516	0.86520			6
2025.07.14	01:23:51.824	0.86515				2
2025.07.14	01:23:52.137	0.86514				2
2025.07.14	01:23:58.115	0.86515	0.86521			6
2025.07.14	01:24:00.357	0.86515				2
2025.07.14	01:24:00.691	0.86513	0.86520			6
2025.07.14	01:24:00.992	0.86515				2
2025.07.14	01:24:02.171	0.86516	0.86521			6
2025.07.14	01:24:03.219	0.86513	0.86520			6
2025.07.14	01:24:03.522		0.86522			4
2025.07.14	01:24:03.833	0.86515				2
2025.07.14	01:24:08.686		0.86521			4
2025.07.14	01:24:08.996	0.86514				2
2025.07.14	01:24:11.873	0.86515	0.86522			6
2025.07.14	01:24:17.984	0.86514	0.86520			6
2025.07.14	01:24:18.303	0.86513				2
2025.07.14	01:24:19.827	0.86514	0.86521			6
2025.07.14	01:24:20.724	0.86513				2
2025.07.14	01:24:22.794	0.86519				2
2025.07.14	01:24:23.197	0.86517	0.86518			6
2025.07.14	01:24:26.222		0.86520			4
2025.07.14	01:24:26.842	0.86519				2
2025.07.14	01:24:30.584		0.86522			4
2025.07.14	01:24:30.918		0.86521			4
2025.07.14	01:24:38.790		0.86522			4
2025.07.14	01:24:40.876		0.86521			4
2025.07.14	01:24:41.362		0.86522			4
2025.07.14	01:24:43.460	0.86521	0.86523			6
2025.07.14	01:25:00.099	0.86521				2
2025.07.14	01:25:05.858	0.86523	0.86524			6
2025.07.14	01:25:06.471	0.86521	0.86523			6
2025.07.14	01:25:06.779		0.86524			4
2025.07.14	01:25:19.953	0.86520				2
2025.07.14	01:25:21.941	0.86521				2
2025.07.14	01:25:24.286	0.86519	0.86520			6
2025.07.14	01:25:24.592	0.86518				2
2025.07.14	01:25:29.002		0.86519			4
2025.07.14	01:25:34.485	0.86514				2
2025.07.14	01:25:36.349		0.86520			4
2025.07.14	01:25:37.472		0.86521			4
2025.07.14	01:25:38.679		0.86522			4
2025.07.14	01:25:40.554		0.86520			4
2025.07.14	01:25:46.897		0.86519			4
2025.07.14	01:25:48.639		0.86520			4
2025.07.14	01:25:49.464		0.86521			4
2025.07.14	01:26:00.152	0.86514				2
2025.07.14	01:26:00.891	0.86515	0.86522			6
2025.07.14	01:26:01.561	0.86516				2
2025.07.14	01:26:02.199	0.86518	0.86524			6
2025.07.14	01:26:16.255	0.86519	0.86525			6
2025.07.14	01:26:22.494	0.86518				2
2025.07.14	01:26:29.729	0.86516	0.86522			6
2025.07.14	01:26:34.179	0.86515				2
2025.07.14	01:26:38.278	0.86516	0.86523			6
2025.07.14	01:26:38.581	0.86515				2
2025.07.14	01:26:46.846	0.86518	0.86524			6
2025.07.14	01:27:02.814	0.86517				2
2025.07.14	01:27:03.116		0.86525			4
2025.07.14	01:27:06.181		0.86524			4
2025.07.14	01:27:07.248	0.86516				2
2025.07.14	01:27:12.354	0.86520	0.86527			6
2025.07.14	01:27:12.672		0.86526			4
2025.07.14	01:27:15.484	0.86516	0.86524			6
2025.07.14	01:27:26.700	0.86519	0.86525			6
2025.07.14	01:27:36.750		0.86526			4
2025.07.14	01:27:41.862	0.86520				2
2025.07.14	01:27:47.934		0.86527			4
2025.07.14	01:27:48.250	0.86521				2
2025.07.14	01:27:52.159	0.86520				2
2025.07.14	01:27:54.531		0.86526			4
2025.07.14	01:28:00.325	0.86520	0.86524			6
2025.07.14	01:28:01.056	0.86519				2
2025.07.14	01:28:14.782	0.86518	0.86523			6
2025.07.14	01:28:23.620		0.86524			4
2025.07.14	01:28:24.411	0.86517				2
2025.07.14	01:28:25.325	0.86519				2
2025.07.14	01:28:30.853	0.86513	0.86520			6
2025.07.14	01:28:31.160		0.86519			4
2025.07.14	01:28:32.988		0.86520			4
2025.07.14	01:28:40.311	0.86514				2
2025.07.14	01:28:40.776	0.86513				2
2025.07.14	01:28:43.727	0.86512	0.86518			6
2025.07.14	01:28:44.040		0.86519			4
2025.07.14	01:28:44.710	0.86511	0.86520			6
2025.07.14	01:28:45.113		0.86521			4
2025.07.14	01:28:45.420		0.86520			4
2025.07.14	01:28:47.532	0.86512	0.86518			6
2025.07.14	01:28:55.507	0.86509	0.86517			6
2025.07.14	01:28:56.797	0.86510				2
2025.07.14	01:28:59.553	0.86511				2
2025.07.14	01:29:00.352	0.86509	0.86516			6
2025.07.14	01:29:00.660	0.86507				2
2025.07.14	01:29:01.169		0.86515			4
2025.07.14	01:29:02.206		0.86514			4
2025.07.14	01:29:03.667		0.86516			4
2025.07.14	01:29:03.976	0.86511	0.86519			6
2025.07.14	01:29:04.280	0.86512				2
2025.07.14	01:29:04.585	0.86511	0.86520			6
2025.07.14	01:29:04.900	0.86513	0.86518			6
2025.07.14	01:29:05.217	0.86512				2
2025.07.14	01:29:09.668	0.86510	0.86517			6
2025.07.14	01:29:10.068		0.86520			4
2025.07.14	01:29:13.828		0.86519			4
2025.07.14	01:29:14.871	0.86512	0.86518			6
2025.07.14	01:29:15.175		0.86519			4
2025.07.14	01:29:27.855	0.86513				2
2025.07.14	01:29:48.863	0.86514				2
2025.07.14	01:29:49.223	0.86513				2
2025.07.14	01:29:49.524	0.86519	0.86525			6
2025.07.14	01:30:00.005	0.86519				2
2025.07.14	01:30:00.329	0.86517	0.86521			6
2025.07.14	01:30:01.736		0.86522			4
2025.07.14	01:30:02.040	0.86516	0.86520			6
2025.07.14	01:30:03.023		0.86519			4
2025.07.14	01:30:03.327	0.86517	0.86518			6
2025.07.14	01:30:03.932	0.86518	0.86519			6
2025.07.14	01:30:04.234	0.86515	0.86516			6
2025.07.14	01:30:05.141	0.86510	0.86511			6
2025.07.14	01:30:05.443	0.86512	0.86513			6
2025.07.14	01:30:05.748	0.86511	0.86512			6
2025.07.14	01:30:06.957	0.86509	0.86514			6
2025.07.14	01:30:08.416		0.86515			4
2025.07.14	01:30:09.502	0.86503	0.86509			6
2025.07.14	01:30:09.820	0.86498	0.86503			6
2025.07.14	01:30:10.122	0.86497				2
2025.07.14	01:30:17.444	0.86498				2
2025.07.14	01:30:19.494		0.86502			4
2025.07.14	01:30:19.903	0.86497				2
2025.07.14	01:30:23.984	0.86500	0.86504			6
2025.07.14	01:30:26.019	0.86499				2
2025.07.14	01:30:26.322	0.86497	0.86501			6
2025.07.14	01:30:27.220	0.86496				2
2025.07.14	01:30:29.123	0.86497	0.86503			6
2025.07.14	01:30:30.418	0.86498				2
2025.07.14	01:30:31.201	0.86497				2
2025.07.14	01:30:31.772	0.86498				2
2025.07.14	01:30:39.794	0.86499	0.86504			6
2025.07.14	01:30:41.680	0.86498				2
2025.07.14	01:30:43.078	0.86499				2
2025.07.14	01:30:43.419	0.86498				2
2025.07.14	01:30:43.881	0.86499				2
2025.07.14	01:30:44.924	0.86498				2
2025.07.14	01:30:47.251	0.86499				2
2025.07.14	01:30:47.864		0.86500			4
2025.07.14	01:30:48.627		0.86502			4
2025.07.14	01:30:54.406	0.86500				2
2025.07.14	01:30:55.285		0.86503			4
2025.07.14	01:30:57.122	0.86503	0.86508			6
2025.07.14	01:30:57.990		0.86505			4
2025.07.14	01:31:00.945	0.86503				2
2025.07.14	01:31:01.678	0.86504				2
2025.07.14	01:31:02.027	0.86503	0.86508			6
2025.07.14	01:31:02.704	0.86502	0.86506			6
2025.07.14	01:31:03.718		0.86508			4
2025.07.14	01:31:05.041	0.86507	0.86514			6
2025.07.14	01:31:13.670	0.86505	0.86509			6
2025.07.14	01:31:15.217	0.86504				2
2025.07.14	01:31:16.054	0.86505				2
2025.07.14	01:31:20.769	0.86503	0.86507			6
2025.07.14	01:31:21.257	0.86504				2
2025.07.14	01:31:21.769		0.86508			4
2025.07.14	01:31:27.905	0.86502	0.86506			6
2025.07.14	01:31:29.552		0.86503			4
2025.07.14	01:31:30.356		0.86504			4
2025.07.14	01:31:32.924	0.86501				2
2025.07.14	01:31:41.715	0.86502				2
2025.07.14	01:31:43.192	0.86504	0.86507			6
2025.07.14	01:31:43.836	0.86501	0.86505			6
2025.07.14	01:31:47.192		0.86506			4
2025.07.14	01:31:52.339	0.86503				2
2025.07.14	01:31:52.647	0.86504	0.86507			6
2025.07.14	01:32:00.377	0.86504				2
2025.07.14	01:32:01.442	0.86503				2
2025.07.14	01:32:06.715	0.86504	0.86508			6
2025.07.14	01:32:13.268	0.86501				2
2025.07.14	01:32:13.836	0.86503	0.86507			6
2025.07.14	01:32:14.140		0.86508			4
2025.07.14	01:32:15.178	0.86504	0.86506			6
2025.07.14	01:32:16.317	0.86503				2
2025.07.14	01:32:20.052	0.86505	0.86509			6
2025.07.14	01:32:28.627		0.86510			4
2025.07.14	01:32:29.572	0.86506	0.86513			6
2025.07.14	01:32:29.886	0.86508	0.86512			6
2025.07.14	01:32:30.277	0.86509	0.86513			6
2025.07.14	01:32:31.124	0.86507				2
2025.07.14	01:32:31.477		0.86514			4
2025.07.14	01:32:31.784	0.86508				2
2025.07.14	01:32:33.244		0.86512			4
2025.07.14	01:32:33.572		0.86514			4
2025.07.14	01:32:34.004	0.86510	0.86515			6
2025.07.14	01:32:34.761		0.86514			4
2025.07.14	01:32:36.166		0.86515			4
2025.07.14	01:32:44.167		0.86514			4
2025.07.14	01:32:50.394		0.86515			4
2025.07.14	01:32:57.693	0.86511	0.86516			6
2025.07.14	01:33:00.777	0.86511				2
2025.07.14	01:33:02.748	0.86509	0.86512			6
2025.07.14	01:33:03.063	0.86506				2
2025.07.14	01:33:03.576	0.86508				2
2025.07.14	01:33:04.430	0.86510	0.86514			6
2025.07.14	01:33:05.013	0.86509				2
2025.07.14	01:33:07.005	0.86510				2
2025.07.14	01:33:10.024	0.86509				2
2025.07.14	01:33:11.534		0.86513			4
2025.07.14	01:33:12.603		0.86512			4
2025.07.14	01:33:13.973		0.86513			4
2025.07.14	01:33:14.710		0.86514			4
2025.07.14	01:33:15.158	0.86510				2
2025.07.14	01:33:17.499	0.86509				2
2025.07.14	01:33:21.605		0.86512			4
2025.07.14	01:33:21.911	0.86506	0.86507			6
2025.07.14	01:33:22.296	0.86507	0.86508			6
2025.07.14	01:33:25.370	0.86505				2
2025.07.14	01:33:25.922	0.86504				2
2025.07.14	01:33:31.279		0.86507			4
2025.07.14	01:33:32.006		0.86508			4
2025.07.14	01:33:32.715	0.86501	0.86504			6
2025.07.14	01:33:36.346	0.86502				2
2025.07.14	01:33:36.980	0.86504	0.86508			6
2025.07.14	01:33:37.490		0.86507			4
2025.07.14	01:33:37.914		0.86508			4
2025.07.14	01:33:39.878	0.86503	0.86506			6
2025.07.14	01:33:42.890	0.86504	0.86508			6
2025.07.14	01:33:43.825		0.86507			4
2025.07.14	01:33:46.347	0.86501	0.86505			6
2025.07.14	01:33:46.661	0.86502	0.86504			6
2025.07.14	01:33:47.152	0.86503				2
2025.07.14	01:33:50.408	0.86502				2
2025.07.14	01:33:50.902	0.86504	0.86507			6
2025.07.14	01:33:52.073		0.86508			4
2025.07.14	01:33:59.531	0.86503				2
2025.07.14	01:33:59.837	0.86504				2
2025.07.14	01:34:00.525	0.86505	0.86509			6
2025.07.14	01:34:02.177	0.86504	0.86506			6
2025.07.14	01:34:06.720		0.86507			4
2025.07.14	01:34:11.405	0.86507	0.86511			6
2025.07.14	01:34:11.719	0.86506				2
2025.07.14	01:34:12.039	0.86508	0.86513			6
2025.07.14	01:34:13.531		0.86512			4
2025.07.14	01:34:19.586	0.86507				2
2025.07.14	01:34:20.006	0.86509	0.86513			6
2025.07.14	01:34:20.320		0.86512			4
2025.07.14	01:34:21.260	0.86507	0.86513			6
2025.07.14	01:34:23.301	0.86509				2
2025.07.14	01:34:23.682		0.86512			4
2025.07.14	01:34:24.512	0.86507	0.86513			6
2025.07.14	01:34:26.021	0.86508	0.86512			6
2025.07.14	01:34:26.345	0.86506	0.86513			6
2025.07.14	01:34:26.761		0.86512			4
2025.07.14	01:34:27.983	0.86507				2
2025.07.14	01:34:28.916	0.86506				2
2025.07.14	01:34:30.039	0.86508				2
2025.07.14	01:34:30.389	0.86507				2
2025.07.14	01:34:30.709	0.86508				2
2025.07.14	01:34:39.253	0.86509	0.86513			6
2025.07.14	01:34:40.670		0.86512			4
2025.07.14	01:34:45.704	0.86510				2
2025.07.14	01:34:47.778	0.86513	0.86515			6
2025.07.14	01:34:48.505		0.86514			4
2025.07.14	01:34:48.820	0.86512				2
2025.07.14	01:35:00.404	0.86512				2
2025.07.14	01:35:00.929	0.86513				2
2025.07.14	01:35:01.231		0.86517			4
2025.07.14	01:35:02.007		0.86516			4
2025.07.14	01:35:03.137	0.86514	0.86518			6
2025.07.14	01:35:04.388	0.86516				2
2025.07.14	01:35:09.101	0.86515				2
2025.07.14	01:35:11.757	0.86514				2
2025.07.14	01:35:12.409	0.86516				2
2025.07.14	01:35:15.004	0.86518	0.86519			6
2025.07.14	01:35:20.176	0.86516				2
2025.07.14	01:35:24.761	0.86515				2
2025.07.14	01:35:25.720	0.86516				2
2025.07.14	01:35:27.746	0.86515				2
2025.07.14	01:35:28.828	0.86516				2
2025.07.14	01:35:34.272	0.86515	0.86518			6
2025.07.14	01:35:35.117	0.86517	0.86519			6
2025.07.14	01:35:39.089	0.86521	0.86524			6
2025.07.14	01:35:39.408	0.86522				2
2025.07.14	01:35:40.351	0.86521	0.86523			6
2025.07.14	01:35:40.700	0.86522				2
2025.07.14	01:35:44.249	0.86517	0.86519			6
2025.07.14	01:35:46.158		0.86522			4
2025.07.14	01:35:52.392		0.86520			4
2025.07.14	01:35:54.802		0.86519			4
2025.07.14	01:35:57.086	0.86518				2
2025.07.14	01:36:00.516	0.86518				2
2025.07.14	01:36:02.048	0.86517				2
2025.07.14	01:36:02.761		0.86518			4
2025.07.14	01:36:05.678		0.86520			4
2025.07.14	01:36:07.331		0.86519			4
2025.07.14	01:36:09.297		0.86520			4
2025.07.14	01:36:11.125	0.86518				2
2025.07.14	01:36:12.094	0.86517				2
2025.07.14	01:36:13.006	0.86516	0.86519			6
2025.07.14	01:36:13.346	0.86517				2
2025.07.14	01:36:14.407	0.86516				2
2025.07.14	01:36:18.119	0.86518	0.86520			6
2025.07.14	01:36:19.614	0.86514	0.86517			6
2025.07.14	01:36:24.982	0.86515				2
2025.07.14	01:36:27.245		0.86518			4
2025.07.14	01:36:27.831		0.86519			4
2025.07.14	01:36:30.923	0.86513	0.86517			6
2025.07.14	01:36:32.358	0.86512	0.86516			6
2025.07.14	01:36:32.904	0.86513	0.86517			6
2025.07.14	01:36:40.816	0.86511	0.86515			6
2025.07.14	01:36:54.958	0.86512				2
2025.07.14	01:36:57.052	0.86514	0.86518			6
2025.07.14	01:36:59.195	0.86512	0.86516			6
2025.07.14	01:37:00.354	0.86512				2
2025.07.14	01:37:10.086	0.86514	0.86517			6
2025.07.14	01:37:10.398		0.86518			4
2025.07.14	01:37:11.039	0.86511	0.86514			6
2025.07.14	01:37:22.496	0.86513	0.86517			6
2025.07.14	01:37:24.346	0.86514	0.86518			6
2025.07.14	01:37:25.112		0.86517			4
2025.07.14	01:37:25.860		0.86519			4
2025.07.14	01:37:26.852		0.86517			4
2025.07.14	01:37:27.220	0.86513				2
2025.07.14	01:37:28.409	0.86514	0.86518			6
2025.07.14	01:37:28.856		0.86517			4
2025.07.14	01:37:29.226	0.86513				2
2025.07.14	01:37:29.873	0.86514	0.86519			6
2025.07.14	01:37:30.187	0.86515				2
2025.07.14	01:37:31.250	0.86514	0.86518			6
2025.07.14	01:37:31.573	0.86515				2
2025.07.14	01:37:35.705	0.86514	0.86520			6
2025.07.14	01:37:36.019	0.86516				2
2025.07.14	01:37:38.828	0.86515				2
2025.07.14	01:37:40.573	0.86516				2
2025.07.14	01:37:41.043	0.86518	0.86522			6
2025.07.14	01:37:43.102	0.86515	0.86519			6
2025.07.14	01:37:44.148		0.86518			4
2025.07.14	01:37:47.778	0.86516				2
2025.07.14	01:37:49.170		0.86519			4
2025.07.14	01:37:53.570		0.86521			4
2025.07.14	01:37:56.779		0.86519			4
2025.07.14	01:37:59.941	0.86517				2
2025.07.14	01:38:01.063	0.86517				2
2025.07.14	01:38:07.161	0.86516	0.86520			6
2025.07.14	01:38:10.161		0.86519			4
2025.07.14	01:38:20.632		0.86520			4
2025.07.14	01:38:30.692	0.86517				2
2025.07.14	01:38:31.882		0.86521			4
2025.07.14	01:38:32.749	0.86516	0.86520			6
2025.07.14	01:38:35.193	0.86517				2
2025.07.14	01:38:43.279	0.86516				2
2025.07.14	01:38:50.473		0.86519			4
2025.07.14	01:38:52.258	0.86515				2
2025.07.14	01:38:56.449	0.86516				2
2025.07.14	01:39:00.584	0.86516				2
2025.07.14	01:39:04.801	0.86517	0.86522			6
2025.07.14	01:39:09.318	0.86516	0.86520			6
2025.07.14	01:39:14.739	0.86515	0.86521			6
2025.07.14	01:39:15.069	0.86516				2
2025.07.14	01:39:19.701		0.86519			4
2025.07.14	01:39:21.711		0.86521			4
2025.07.14	01:39:33.203	0.86517				2
2025.07.14	01:39:34.297		0.86519			4
2025.07.14	01:39:35.004		0.86521			4
2025.07.14	01:39:38.296	0.86516				2
2025.07.14	01:39:38.890	0.86517				2
2025.07.14	01:39:41.790	0.86516	0.86522			6
2025.07.14	01:39:45.363	0.86517				2
2025.07.14	01:39:48.698	0.86516				2
2025.07.14	01:39:49.544		0.86521			4
2025.07.14	01:39:54.149		0.86520			4
2025.07.14	01:39:54.453	0.86517				2
2025.07.14	01:39:54.769	0.86516				2
2025.07.14	01:40:01.074	0.86516				2
2025.07.14	01:40:04.002	0.86514				2
2025.07.14	01:40:04.637	0.86515				2
2025.07.14	01:40:16.744		0.86518			4
2025.07.14	01:40:18.403	0.86513	0.86517			6
2025.07.14	01:40:19.456	0.86514				2
2025.07.14	01:40:27.317		0.86518			4
2025.07.14	01:40:27.826	0.86515				2
2025.07.14	01:40:32.089	0.86514	0.86516			6
2025.07.14	01:40:32.453	0.86515				2
2025.07.14	01:40:32.969	0.86514				2
2025.07.14	01:40:33.799	0.86511				2
2025.07.14	01:40:34.106	0.86512	0.86515			6
2025.07.14	01:40:34.560	0.86511				2
2025.07.14	01:41:00.404	0.86511				2
2025.07.14	01:41:02.452	0.86512	0.86516			6
2025.07.14	01:41:02.847	0.86511	0.86515			6
2025.07.14	01:41:06.949	0.86512				2
2025.07.14	01:41:10.241	0.86511	0.86516			6
2025.07.14	01:41:11.567	0.86512	0.86515			6
2025.07.14	01:41:12.117		0.86516			4
2025.07.14	01:41:19.226		0.86515			4
2025.07.14	01:41:23.534	0.86511	0.86514			6
2025.07.14	01:41:27.872	0.86514	0.86519			6
2025.07.14	01:41:28.184	0.86513	0.86518			6
2025.07.14	01:41:28.501	0.86514	0.86517			6
2025.07.14	01:41:30.643	0.86513	0.86519			6
2025.07.14	01:41:36.357	0.86515	0.86518			6
2025.07.14	01:41:36.659	0.86514				2
2025.07.14	01:41:40.084	0.86513	0.86516			6
2025.07.14	01:41:41.246		0.86517			4
2025.07.14	01:41:41.695	0.86514	0.86518			6
2025.07.14	01:41:49.475	0.86515				2
2025.07.14	01:41:58.663	0.86516	0.86521			6
2025.07.14	01:42:00.354	0.86516				2
2025.07.14	01:42:05.513	0.86515	0.86520			6
2025.07.14	01:42:12.106	0.86516				2
2025.07.14	01:42:24.628	0.86515				2
2025.07.14	01:42:43.726	0.86516	0.86518			6
2025.07.14	01:42:44.031		0.86519			4
2025.07.14	01:42:55.015	0.86514	0.86517			6
2025.07.14	01:42:55.320	0.86513				2
2025.07.14	01:42:55.646	0.86514				2
2025.07.14	01:42:56.018	0.86513				2
2025.07.14	01:42:57.278	0.86515	0.86518			6
2025.07.14	01:42:59.809	0.86514	0.86517			6
2025.07.14	01:43:00.169	0.86514				2
2025.07.14	01:43:02.132	0.86513				2
2025.07.14	01:43:02.440	0.86514				2
2025.07.14	01:43:02.978		0.86518			4
2025.07.14	01:43:07.814		0.86517			4
2025.07.14	01:43:13.696		0.86518			4
2025.07.14	01:43:16.663		0.86517			4
2025.07.14	01:43:24.738	0.86515	0.86519			6
2025.07.14	01:43:25.040	0.86514	0.86517			6
2025.07.14	01:43:26.489	0.86515				2
2025.07.14	01:43:31.574	0.86514				2
2025.07.14	01:43:35.282	0.86513	0.86516			6
2025.07.14	01:43:50.150	0.86511	0.86517			6
2025.07.14	01:43:50.462	0.86512	0.86515			6
2025.07.14	01:43:51.763	0.86511	0.86516			6
2025.07.14	01:43:54.352	0.86512	0.86515			6
2025.07.14	01:43:57.255	0.86511	0.86516			6
2025.07.14	01:43:58.793	0.86512				2
2025.07.14	01:43:59.099	0.86511				2
2025.07.14	01:44:00.292	0.86511				2
2025.07.14	01:44:01.241	0.86512	0.86515			6
2025.07.14	01:44:07.615	0.86511				2
2025.07.14	01:44:11.157		0.86514			4
2025.07.14	01:44:20.474	0.86510	0.86513			6
2025.07.14	01:44:33.077		0.86514			4
2025.07.14	01:44:37.245	0.86511				2
2025.07.14	01:44:39.245	0.86512				2
2025.07.14	01:44:42.680		0.86515			4
2025.07.14	01:44:43.044	0.86510				2
2025.07.14	01:44:45.012	0.86511	0.86513			6
2025.07.14	01:44:46.046	0.86510	0.86514			6
2025.07.14	01:44:46.524	0.86512	0.86515			6
2025.07.14	01:44:47.589	0.86510	0.86511			6
2025.07.14	01:44:47.902	0.86511	0.86513			6
2025.07.14	01:44:48.218	0.86510				2
2025.07.14	01:44:50.364		0.86514			4
2025.07.14	01:44:51.216	0.86511				2
2025.07.14	01:44:52.847	0.86510				2
2025.07.14	01:44:55.507	0.86509	0.86513			6
2025.07.14	01:44:55.820	0.86508	0.86511			6
2025.07.14	01:44:56.153		0.86512			4
2025.07.14	01:44:59.004	0.86510	0.86513			6
2025.07.14	01:45:00.272	0.86509				2
2025.07.14	01:45:00.850	0.86510				2
2025.07.14	01:45:01.174	0.86511	0.86514			6
2025.07.14	01:45:05.316	0.86510	0.86516			6
2025.07.14	01:45:10.243		0.86517			4
2025.07.14	01:45:10.573		0.86516			4
2025.07.14	01:45:11.578		0.86515			4
2025.07.14	01:45:12.749	0.86512				2
2025.07.14	01:45:13.060	0.86510	0.86514			6
2025.07.14	01:45:14.403	0.86511				2
2025.07.14	01:45:19.886	0.86512				2
2025.07.14	01:45:21.245	0.86513				2
2025.07.14	01:45:21.718		0.86515			4
2025.07.14	01:45:22.440		0.86514			4
2025.07.14	01:45:32.279	0.86514	0.86516			6
2025.07.14	01:45:32.618		0.86515			4
2025.07.14	01:45:46.232	0.86512	0.86514			6
2025.07.14	01:45:49.021	0.86511	0.86515			6
2025.07.14	01:45:56.057		0.86514			4
2025.07.14	01:45:59.367	0.86512	0.86515			6
2025.07.14	01:45:59.763	0.86511	0.86514			6
2025.07.14	01:46:00.417	0.86511				2
2025.07.14	01:46:06.075	0.86515	0.86516			6
2025.07.14	01:46:08.367	0.86512	0.86515			6
2025.07.14	01:46:08.678	0.86513	0.86516			6
2025.07.14	01:46:14.752	0.86514				2
2025.07.14	01:46:15.912	0.86513				2
2025.07.14	01:46:19.175		0.86517			4
2025.07.14	01:46:32.805		0.86516			4
2025.07.14	01:46:34.317	0.86512	0.86515			6
2025.07.14	01:46:34.711	0.86511	0.86514			6
2025.07.14	01:46:39.576	0.86512	0.86515			6
2025.07.14	01:46:40.546		0.86514			4
2025.07.14	01:46:41.027		0.86515			4
2025.07.14	01:46:42.356		0.86514			4
2025.07.14	01:46:42.682	0.86514	0.86516			6
2025.07.14	01:46:47.873		0.86517			4
2025.07.14	01:47:00.527	0.86514				2
2025.07.14	01:47:10.446	0.86513				2
2025.07.14	01:47:15.654	0.86514				2
2025.07.14	01:47:21.525	0.86513				2
2025.07.14	01:47:22.688	0.86514	0.86518			6
2025.07.14	01:47:23.085		0.86517			4
2025.07.14	01:47:39.112	0.86512	0.86515			6
2025.07.14	01:47:42.725	0.86513				2
2025.07.14	01:47:43.942	0.86514	0.86516			6
2025.07.14	01:47:44.317	0.86513				2
2025.07.14	01:47:45.293	0.86515	0.86517			6
2025.07.14	01:47:46.389	0.86514				2
2025.07.14	01:47:48.245	0.86513	0.86516			6
2025.07.14	01:47:57.350	0.86512	0.86515			6
2025.07.14	01:48:00.404	0.86511				2
2025.07.14	01:48:03.463	0.86512				2
2025.07.14	01:48:04.602	0.86514				2
2025.07.14	01:48:06.353	0.86513				2
2025.07.14	01:48:14.765	0.86516	0.86517			6
2025.07.14	01:48:15.133	0.86513				2
2025.07.14	01:48:17.443	0.86514	0.86516			6
2025.07.14	01:48:19.429	0.86515				2
2025.07.14	01:48:26.041	0.86514				2
2025.07.14	01:48:30.131		0.86517			4
2025.07.14	01:48:35.456		0.86516			4
2025.07.14	01:48:36.278		0.86515			4
2025.07.14	01:48:41.578	0.86515	0.86516			6
2025.07.14	01:48:45.402	0.86513				2
2025.07.14	01:48:48.337		0.86517			4
2025.07.14	01:49:00.138	0.86513				2
2025.07.14	01:49:01.182	0.86512				2
2025.07.14	01:49:02.370	0.86515				2
2025.07.14	01:49:02.862	0.86514				2
2025.07.14	01:49:05.837	0.86515	0.86520			6
2025.07.14	01:49:06.188	0.86517				2
2025.07.14	01:49:06.538	0.86515				2
2025.07.14	01:49:09.701	0.86517	0.86519			6
2025.07.14	01:49:10.416	0.86516				2
2025.07.14	01:49:11.148		0.86518			4
2025.07.14	01:49:15.578		0.86517			4
2025.07.14	01:49:20.392		0.86518			4
2025.07.14	01:49:21.003		0.86517			4
2025.07.14	01:49:26.166	0.86514	0.86516			6
2025.07.14	01:49:33.389		0.86517			4
2025.07.14	01:49:33.731		0.86516			4
2025.07.14	01:49:37.940	0.86512	0.86514			6
2025.07.14	01:49:38.813		0.86515			4
2025.07.14	01:49:40.321		0.86514			4
2025.07.14	01:49:57.055	0.86513	0.86515			6
2025.07.14	01:49:57.401		0.86514			4
2025.07.14	01:49:58.967	0.86512				2
2025.07.14	01:50:00.068	0.86511	0.86513			6
2025.07.14	01:50:10.992		0.86514			4
2025.07.14	01:50:13.584		0.86513			4
2025.07.14	01:50:16.662		0.86514			4
2025.07.14	01:50:17.563		0.86513			4
2025.07.14	01:50:22.267	0.86512	0.86514			6
2025.07.14	01:50:22.591	0.86509				2
2025.07.14	01:50:22.902	0.86510				2
2025.07.14	01:50:23.378		0.86515			4
2025.07.14	01:50:24.715		0.86514			4
2025.07.14	01:50:25.350	0.86512	0.86515			6
2025.07.14	01:50:30.451	0.86513				2
2025.07.14	01:50:32.238	0.86512				2
2025.07.14	01:50:37.778		0.86514			4
2025.07.14	01:50:38.690	0.86513	0.86515			6
2025.07.14	01:50:42.181	0.86510				2
2025.07.14	01:50:43.454	0.86512	0.86513			6
2025.07.14	01:50:45.526	0.86508				2
2025.07.14	01:50:46.568	0.86511	0.86514			6
2025.07.14	01:51:00.077	0.86511				2
2025.07.14	01:51:01.963	0.86512				2
2025.07.14	01:51:14.769	0.86511	0.86515			6
2025.07.14	01:51:15.119	0.86513	0.86516			6
2025.07.14	01:51:25.110	0.86515	0.86517			6
2025.07.14	01:51:27.175		0.86516			4
2025.07.14	01:51:33.019	0.86513	0.86517			6
2025.07.14	01:51:33.404	0.86514	0.86518			6
2025.07.14	01:51:33.709	0.86517				2
2025.07.14	01:51:34.015	0.86516	0.86520			6
2025.07.14	01:51:34.653	0.86517	0.86519			6
2025.07.14	01:51:41.764	0.86516	0.86518			6
2025.07.14	01:51:49.588	0.86518	0.86520			6
2025.07.14	01:51:53.527	0.86516	0.86518			6
2025.07.14	01:51:56.383	0.86514				2
2025.07.14	01:52:00.150	0.86515				2
2025.07.14	01:52:00.461		0.86520			4
2025.07.14	01:52:04.051		0.86519			4
2025.07.14	01:52:04.359		0.86518			4
2025.07.14	01:52:04.720	0.86514				2
2025.07.14	01:52:06.936	0.86513	0.86517			6
2025.07.14	01:52:07.938	0.86515	0.86518			6
2025.07.14	01:52:09.152	0.86514				2
2025.07.14	01:52:10.991	0.86516				2
2025.07.14	01:52:13.277		0.86517			4
2025.07.14	01:52:13.633	0.86515				2
2025.07.14	01:52:14.541	0.86516	0.86518			6
2025.07.14	01:52:17.250		0.86519			4
2025.07.14	01:52:18.625	0.86514				2
2025.07.14	01:52:20.529	0.86515				2
2025.07.14	01:52:21.378	0.86514				2
2025.07.14	01:52:22.387	0.86519	0.86521			6
2025.07.14	01:52:23.903	0.86517				2
2025.07.14	01:52:25.880	0.86519				2
2025.07.14	01:52:26.518	0.86521	0.86522			6
2025.07.14	01:52:26.848		0.86523			4
2025.07.14	01:52:27.804		0.86522			4
2025.07.14	01:52:28.981	0.86519				2
2025.07.14	01:52:29.297	0.86520	0.86521			6
2025.07.14	01:52:30.361	0.86518	0.86520			6
2025.07.14	01:52:30.678		0.86522			4
2025.07.14	01:52:30.981		0.86521			4
2025.07.14	01:52:31.298	0.86520				2
2025.07.14	01:52:31.679	0.86517	0.86519			6
2025.07.14	01:52:31.979	0.86515	0.86518			6
2025.07.14	01:52:32.939		0.86516			4
2025.07.14	01:52:33.272	0.86514				2
2025.07.14	01:52:33.590	0.86513				2
2025.07.14	01:52:34.012	0.86514				2
2025.07.14	01:52:36.027		0.86515			4
2025.07.14	01:52:36.389		0.86517			4
2025.07.14	01:52:36.707	0.86518	0.86519			6
2025.07.14	01:52:39.871	0.86515	0.86516			6
2025.07.14	01:52:41.087	0.86516	0.86517			6
2025.07.14	01:52:41.395	0.86513				2
2025.07.14	01:52:41.700	0.86514	0.86515			6
2025.07.14	01:52:43.080	0.86516	0.86517			6
2025.07.14	01:52:43.384	0.86517	0.86519			6
2025.07.14	01:52:43.768		0.86520			4
2025.07.14	01:52:44.194	0.86520	0.86521			6
2025.07.14	01:52:44.554		0.86522			4
2025.07.14	01:52:45.644	0.86516	0.86519			6
2025.07.14	01:52:45.954		0.86518			4
2025.07.14	01:52:53.993	0.86519	0.86520			6
2025.07.14	01:52:56.709	0.86517	0.86519			6
2025.07.14	01:52:58.127		0.86520			4
2025.07.14	01:52:58.440	0.86519				2
2025.07.14	01:52:59.499	0.86516	0.86519			6
2025.07.14	01:52:59.889	0.86518				2
2025.07.14	01:53:00.243	0.86516				2
2025.07.14	01:53:00.747	0.86517				2
2025.07.14	01:53:01.167		0.86518			4
2025.07.14	01:53:01.483	0.86515				2
2025.07.14	01:53:02.172	0.86517				2
2025.07.14	01:53:05.265	0.86515				2
2025.07.14	01:53:06.032	0.86517	0.86520			6
2025.07.14	01:53:07.269		0.86519			4
2025.07.14	01:53:07.641	0.86515	0.86518			6
2025.07.14	01:53:08.510	0.86517				2
2025.07.14	01:53:11.497	0.86516	0.86519			6
2025.07.14	01:53:16.522	0.86518				2
2025.07.14	01:53:16.876	0.86516	0.86520			6
2025.07.14	01:53:17.266		0.86519			4
2025.07.14	01:53:24.778		0.86520			4
2025.07.14	01:53:27.412	0.86517	0.86519			6
2025.07.14	01:53:28.058	0.86516				2
2025.07.14	01:53:29.831	0.86517	0.86518			6
2025.07.14	01:53:30.236	0.86516				2
2025.07.14	01:53:32.358	0.86515				2
2025.07.14	01:53:48.102	0.86516				2
2025.07.14	01:53:56.607		0.86517			4
2025.07.14	01:53:56.944	0.86514	0.86516			6
2025.07.14	01:54:00.134	0.86514				2
2025.07.14	01:54:08.151	0.86516	0.86517			6
2025.07.14	01:54:08.664		0.86518			4
2025.07.14	01:54:13.699		0.86519			4
2025.07.14	01:54:14.611	0.86515	0.86517			6
2025.07.14	01:54:18.340	0.86514				2
2025.07.14	01:54:26.327		0.86516			4
2025.07.14	01:54:26.645	0.86515				2
2025.07.14	01:54:38.596		0.86518			4
2025.07.14	01:54:44.128	0.86516				2
2025.07.14	01:54:46.142	0.86515				2
2025.07.14	01:54:48.122	0.86516				2
2025.07.14	01:54:54.934	0.86515				2
2025.07.14	01:54:56.537	0.86519	0.86520			6
2025.07.14	01:54:57.740	0.86517	0.86519			6
2025.07.14	01:55:00.529	0.86517				2
2025.07.14	01:55:00.878	0.86516				2
2025.07.14	01:55:03.308	0.86515				2
2025.07.14	01:55:05.374	0.86517				2
2025.07.14	01:55:06.194	0.86515				2
2025.07.14	01:55:08.214	0.86516	0.86518			6
2025.07.14	01:55:09.029	0.86515				2
2025.07.14	01:55:09.846	0.86517				2
2025.07.14	01:55:10.299	0.86518	0.86519			6
2025.07.14	01:55:13.671	0.86517	0.86518			6
2025.07.14	01:55:13.982	0.86516	0.86519			6
2025.07.14	01:55:28.161	0.86519	0.86520			6
2025.07.14	01:55:28.778	0.86517	0.86519			6
2025.07.14	01:55:32.541	0.86515	0.86520			6
2025.07.14	01:55:32.867	0.86516	0.86519			6
2025.07.14	01:55:33.822	0.86515	0.86520			6
2025.07.14	01:55:34.861	0.86516	0.86519			6
2025.07.14	01:55:38.996	0.86517				2
2025.07.14	01:55:39.506	0.86516	0.86517			6
2025.07.14	01:55:42.602	0.86517	0.86518			6
2025.07.14	01:55:43.354	0.86516	0.86517			6
2025.07.14	01:55:43.663	0.86515	0.86516			6
2025.07.14	01:55:49.856	0.86516	0.86517			6
2025.07.14	01:55:52.230	0.86515	0.86516			6
2025.07.14	01:55:54.871	0.86516	0.86517			6
2025.07.14	01:55:55.397	0.86515				2
2025.07.14	01:55:55.933		0.86516			4
2025.07.14	01:55:56.378		0.86517			4
2025.07.14	01:55:59.039		0.86516			4
2025.07.14	01:55:59.352	0.86516	0.86517			6
2025.07.14	01:56:00.191	0.86514	0.86515			6
2025.07.14	01:56:00.744	0.86515	0.86516			6
2025.07.14	01:56:04.456		0.86518			4
2025.07.14	01:56:05.787	0.86514				2
2025.07.14	01:56:10.377		0.86519			4
2025.07.14	01:56:10.681	0.86515				2
2025.07.14	01:56:13.317		0.86518			4
2025.07.14	01:56:14.575	0.86514	0.86519			6
2025.07.14	01:56:14.957	0.86515				2
2025.07.14	01:56:16.791	0.86514				2
2025.07.14	01:56:17.205	0.86515				2
2025.07.14	01:56:18.015	0.86514				2
2025.07.14	01:56:20.178	0.86515				2
2025.07.14	01:56:22.928	0.86513	0.86518			6
2025.07.14	01:56:23.264	0.86514				2
2025.07.14	01:56:32.204	0.86515				2
2025.07.14	01:56:32.757	0.86514	0.86519			6
2025.07.14	01:56:36.043		0.86520			4
2025.07.14	01:56:37.819	0.86512	0.86516			6
2025.07.14	01:56:39.742	0.86514	0.86519			6
2025.07.14	01:56:40.048		0.86518			4
2025.07.14	01:56:41.934	0.86510	0.86515			6
2025.07.14	01:56:42.240		0.86513			4
2025.07.14	01:56:49.224	0.86509	0.86510			6
2025.07.14	01:56:52.381	0.86507				2
2025.07.14	01:56:52.692	0.86509				2
2025.07.14	01:56:54.286	0.86507				2
2025.07.14	01:56:54.684	0.86509	0.86513			6
2025.07.14	01:56:56.212	0.86511	0.86515			6
2025.07.14	01:56:57.944		0.86513			4
2025.07.14	01:57:00.519	0.86511				2
2025.07.14	01:57:02.043		0.86515			4
2025.07.14	01:57:04.431		0.86514			4
2025.07.14	01:57:05.412		0.86515			4
2025.07.14	01:57:10.987	0.86509	0.86513			6
2025.07.14	01:57:11.294		0.86514			4
2025.07.14	01:57:13.288		0.86515			4
2025.07.14	01:57:14.783	0.86510				2
2025.07.14	01:57:15.867	0.86511				2
2025.07.14	01:57:16.762		0.86514			4
2025.07.14	01:57:17.299	0.86510				2
2025.07.14	01:57:17.698	0.86509				2
2025.07.14	01:57:18.581		0.86513			4
2025.07.14	01:57:22.627	0.86510				2
2025.07.14	01:57:24.246	0.86509				2
2025.07.14	01:57:29.637	0.86510				2
2025.07.14	01:57:29.976	0.86509				2
2025.07.14	01:57:34.306	0.86510	0.86512			6
2025.07.14	01:57:39.385	0.86509	0.86513			6
2025.07.14	01:57:41.907	0.86510				2
2025.07.14	01:57:50.718	0.86511	0.86514			6
2025.07.14	01:57:52.378	0.86509				2
2025.07.14	01:57:52.688		0.86513			4
2025.07.14	01:57:53.197		0.86512			4
2025.07.14	01:57:53.531		0.86513			4
2025.07.14	01:57:58.124		0.86514			4
2025.07.14	01:58:00.312	0.86509				2
2025.07.14	01:58:01.016	0.86508	0.86515			6
2025.07.14	01:58:01.402	0.86509				2
2025.07.14	01:58:02.374		0.86516			4
2025.07.14	01:58:04.266	0.86512				2
2025.07.14	01:58:04.744	0.86510				2
2025.07.14	01:58:09.072	0.86512				2
2025.07.14	01:58:09.486	0.86511				2
2025.07.14	01:58:10.010	0.86512	0.86515			6
2025.07.14	01:58:10.591		0.86516			4
2025.07.14	01:58:10.957	0.86511				2
2025.07.14	01:58:14.599	0.86510	0.86515			6
2025.07.14	01:58:18.373	0.86512	0.86516			6
2025.07.14	01:58:18.684	0.86510	0.86515			6
2025.07.14	01:58:25.015	0.86509				2
2025.07.14	01:58:25.321	0.86510				2
2025.07.14	01:58:39.305		0.86514			4
2025.07.14	01:58:44.860	0.86511	0.86515			6
2025.07.14	01:58:48.125	0.86510	0.86514			6
2025.07.14	01:58:49.135	0.86511				2
2025.07.14	01:58:49.438	0.86512	0.86515			6
2025.07.14	01:58:58.955		0.86514			4
2025.07.14	01:59:00.304	0.86512				2
2025.07.14	01:59:08.699		0.86515			4
2025.07.14	01:59:20.215	0.86511	0.86514			6
2025.07.14	01:59:23.518	0.86512	0.86515			6
2025.07.14	01:59:23.820	0.86511	0.86514			6
2025.07.14	01:59:31.355	0.86508	0.86510			6
2025.07.14	01:59:32.182	0.86509				2
2025.07.14	01:59:32.488	0.86508	0.86511			6
2025.07.14	01:59:34.779		0.86510			4
2025.07.14	01:59:39.788	0.86506	0.86509			6
2025.07.14	01:59:40.884	0.86501	0.86504			6
2025.07.14	01:59:41.521		0.86503			4
2025.07.14	01:59:42.004		0.86504			4
2025.07.14	01:59:42.354		0.86503			4
2025.07.14	01:59:42.918	0.86502				2
2025.07.14	01:59:46.173	0.86501				2
2025.07.14	01:59:51.884	0.86502				2
2025.07.14	01:59:55.841		0.86505			4
2025.07.14	01:59:59.988		0.86504			4
2025.07.14	02:00:00.373	0.86503				2
2025.07.14	02:00:02.247	0.86500	0.86503			6
2025.07.14	02:00:05.090	0.86503	0.86504			6
2025.07.14	02:00:06.363	0.86504	0.86505			6
2025.07.14	02:00:06.731	0.86502	0.86506			6
2025.07.14	02:00:07.699	0.86504				2
2025.07.14	02:00:12.162	0.86505				2
2025.07.14	02:00:13.250	0.86499	0.86503			6
2025.07.14	02:00:13.645	0.86498	0.86504			6
2025.07.14	02:00:14.929	0.86499	0.86502			6
2025.07.14	02:00:18.477		0.86500			4
2025.07.14	02:00:21.641		0.86502			4
2025.07.14	02:00:26.112	0.86498				2
2025.07.14	02:00:27.642	0.86497	0.86500			6
2025.07.14	02:00:28.748	0.86496	0.86501			6
2025.07.14	02:00:31.567	0.86498				2
2025.07.14	02:00:31.874		0.86502			4
2025.07.14	02:00:36.405	0.86497	0.86500			6
2025.07.14	02:00:37.784	0.86498	0.86501			6
2025.07.14	02:00:38.933	0.86497				2
2025.07.14	02:00:43.358	0.86496	0.86502			6
2025.07.14	02:00:43.659		0.86501			4
2025.07.14	02:00:47.908	0.86499	0.86502			6
2025.07.14	02:00:48.223	0.86498				2
2025.07.14	02:00:52.370	0.86499	0.86504			6
2025.07.14	02:00:52.680	0.86500				2
2025.07.14	02:00:56.252		0.86503			4
2025.07.14	02:00:57.164		0.86504			4
2025.07.14	02:00:58.257	0.86499	0.86503			6
2025.07.14	02:00:58.593	0.86498				2
2025.07.14	02:00:58.899		0.86501			4
2025.07.14	02:00:59.749		0.86502			4
2025.07.14	02:01:00.074	0.86498	0.86501			6
2025.07.14	02:01:00.427	0.86499	0.86503			6
2025.07.14	02:01:02.929		0.86504			4
2025.07.14	02:01:03.236		0.86502			4
2025.07.14	02:01:06.391	0.86498	0.86500			6
2025.07.14	02:01:07.242		0.86501			4
2025.07.14	02:01:10.113	0.86497	0.86499			6
2025.07.14	02:01:10.433	0.86498	0.86501			6
2025.07.14	02:01:11.139		0.86500			4
2025.07.14	02:01:12.397	0.86500	0.86502			6
2025.07.14	02:01:12.705		0.86503			4
2025.07.14	02:01:15.753	0.86501	0.86504			6
2025.07.14	02:01:16.126	0.86500	0.86503			6
2025.07.14	02:01:22.280		0.86504			4
2025.07.14	02:01:23.378	0.86501				2
2025.07.14	02:01:25.206	0.86499	0.86502			6
2025.07.14	02:01:28.117	0.86498	0.86501			6
2025.07.14	02:01:30.498		0.86502			4
2025.07.14	02:01:33.841	0.86499	0.86503			6
2025.07.14	02:01:36.045	0.86501				2
2025.07.14	02:01:36.417	0.86499	0.86502			6
2025.07.14	02:01:42.798	0.86498				2
2025.07.14	02:01:50.452	0.86499	0.86503			6
2025.07.14	02:01:56.285	0.86500				2
2025.07.14	02:01:59.795	0.86497	0.86501			6
2025.07.14	02:02:00.102	0.86498				2
2025.07.14	02:02:00.784	0.86497				2
2025.07.14	02:02:01.165	0.86498				2
2025.07.14	02:02:01.638	0.86497	0.86500			6
2025.07.14	02:02:01.941	0.86498	0.86501			6
2025.07.14	02:02:02.323		0.86500			4
2025.07.14	02:02:04.057	0.86497	0.86501			6
2025.07.14	02:02:05.697	0.86498	0.86500			6
2025.07.14	02:02:06.851	0.86499				2
2025.07.14	02:02:07.162	0.86498	0.86501			6
2025.07.14	02:02:07.592	0.86497	0.86502			6
2025.07.14	02:02:07.932	0.86498	0.86501			6
2025.07.14	02:02:08.751	0.86497	0.86502			6
2025.07.14	02:02:10.174	0.86498	0.86501			6
2025.07.14	02:02:15.967	0.86499				2
2025.07.14	02:02:17.357	0.86498	0.86500			6
2025.07.14	02:02:24.252	0.86499				2
2025.07.14	02:02:27.254	0.86498	0.86501			6
2025.07.14	02:02:27.561		0.86500			4
2025.07.14	02:02:30.807	0.86499				2
2025.07.14	02:02:34.156	0.86498	0.86499			6
2025.07.14	02:02:34.460		0.86500			4
2025.07.14	02:02:36.853	0.86497				2
2025.07.14	02:02:40.800	0.86498				2
2025.07.14	02:02:41.186	0.86497				2
2025.07.14	02:02:43.799	0.86499	0.86502			6
2025.07.14	02:02:44.329		0.86501			4
2025.07.14	02:02:44.639	0.86498	0.86502			6
2025.07.14	02:02:45.537		0.86501			4
2025.07.14	02:02:46.883	0.86499	0.86502			6
2025.07.14	02:02:47.957	0.86500	0.86503			6
2025.07.14	02:02:55.319	0.86499				2
2025.07.14	02:02:55.693	0.86501	0.86504			6
2025.07.14	02:02:59.372	0.86502	0.86505			6
2025.07.14	02:03:00.046	0.86502				2
2025.07.14	02:03:49.742	0.86500	0.86503			6
2025.07.14	02:03:54.231	0.86501				2
2025.07.14	02:03:54.912	0.86500	0.86502			6
2025.07.14	02:03:55.779	0.86499				2
2025.07.14	02:03:56.710	0.86500				2
2025.07.14	02:03:57.082	0.86499				2
2025.07.14	02:04:01.709	0.86499				2
2025.07.14	02:04:13.204		0.86503			4
2025.07.14	02:04:14.120	0.86500				2
2025.07.14	02:04:15.524		0.86502			4
2025.07.14	02:04:15.862		0.86503			4
2025.07.14	02:04:20.483		0.86502			4
2025.07.14	02:04:23.166		0.86503			4
2025.07.14	02:04:27.423	0.86499	0.86502			6
2025.07.14	02:04:28.577	0.86498	0.86499			6
2025.07.14	02:04:31.942	0.86499	0.86501			6
2025.07.14	02:04:34.799		0.86502			4
2025.07.14	02:04:40.534	0.86500				2
2025.07.14	02:04:45.103	0.86503	0.86506			6
2025.07.14	02:04:46.123	0.86504				2
2025.07.14	02:04:47.776		0.86507			4
2025.07.14	02:04:48.348		0.86506			4
2025.07.14	02:04:48.667		0.86507			4
2025.07.14	02:04:52.677	0.86505	0.86508			6
2025.07.14	02:04:56.384		0.86507			4
2025.07.14	02:04:57.509	0.86504				2
2025.07.14	02:05:01.007	0.86504				2
2025.07.14	02:05:03.389	0.86506	0.86509			6
2025.07.14	02:05:03.818	0.86505	0.86508			6
2025.07.14	02:05:06.873	0.86506				2
2025.07.14	02:05:09.861		0.86507			4
2025.07.14	02:05:10.407		0.86508			4
2025.07.14	02:05:10.748		0.86509			4
2025.07.14	02:05:14.343		0.86507			4
2025.07.14	02:05:15.397		0.86508			4
2025.07.14	02:05:18.079		0.86507			4
2025.07.14	02:05:18.497		0.86509			4
2025.07.14	02:05:23.538	0.86504	0.86506			6
2025.07.14	02:05:23.840	0.86507	0.86508			6
2025.07.14	02:05:24.172	0.86506				2
2025.07.14	02:05:25.282	0.86507	0.86509			6
2025.07.14	02:05:26.293		0.86510			4
2025.07.14	02:05:29.081	0.86506				2
2025.07.14	02:05:34.471	0.86507				2
2025.07.14	02:05:34.781	0.86506				2
2025.07.14	02:05:35.727		0.86509			4
2025.07.14	02:05:36.140	0.86504	0.86507			6
2025.07.14	02:05:42.456	0.86503	0.86508			6
2025.07.14	02:05:43.331	0.86505				2
2025.07.14	02:05:43.633	0.86506	0.86509			6
2025.07.14	02:05:48.176	0.86505	0.86507			6
2025.07.14	02:05:48.480	0.86504				2
2025.07.14	02:05:49.891		0.86508			4
2025.07.14	02:05:50.515		0.86509			4
2025.07.14	02:05:51.586	0.86505				2
2025.07.14	02:05:55.691	0.86504	0.86508			6
2025.07.14	02:06:00.255	0.86504				2
2025.07.14	02:06:05.796	0.86505				2
2025.07.14	02:06:06.681	0.86506				2
2025.07.14	02:06:08.067	0.86505				2
2025.07.14	02:06:10.063	0.86504				2
2025.07.14	02:06:14.452	0.86505				2
2025.07.14	02:06:15.545	0.86504				2
2025.07.14	02:06:16.889	0.86505				2
2025.07.14	02:06:17.902		0.86507			4
2025.07.14	02:06:19.675	0.86504				2
2025.07.14	02:06:21.382	0.86503	0.86506			6
2025.07.14	02:06:21.710	0.86502				2
2025.07.14	02:06:22.028		0.86505			4
2025.07.14	02:06:22.562	0.86503	0.86506			6
2025.07.14	02:06:23.662	0.86505	0.86507			6
2025.07.14	02:06:27.728	0.86504				2
2025.07.14	02:06:29.788	0.86505	0.86508			6
2025.07.14	02:06:43.528	0.86506	0.86509			6
2025.07.14	02:06:55.280	0.86507	0.86510			6
2025.07.14	02:06:58.386		0.86509			4
2025.07.14	02:07:00.448	0.86502	0.86505			6
2025.07.14	02:07:03.959	0.86503				2
2025.07.14	02:07:06.709	0.86502				2
2025.07.14	02:07:07.878	0.86503				2
2025.07.14	02:07:08.612	0.86502				2
2025.07.14	02:07:09.792	0.86503				2
2025.07.14	02:07:10.143	0.86502				2
2025.07.14	02:07:11.630	0.86503				2
2025.07.14	02:07:12.564	0.86507	0.86510			6
2025.07.14	02:07:13.200	0.86508	0.86511			6
2025.07.14	02:07:14.053	0.86507	0.86510			6
2025.07.14	02:07:14.353	0.86508	0.86511			6
2025.07.14	02:07:15.182	0.86509	0.86512			6
2025.07.14	02:07:17.347	0.86511	0.86514			6
2025.07.14	02:07:22.351	0.86512				2
2025.07.14	02:07:28.573	0.86511				2
2025.07.14	02:07:28.933	0.86512				2
2025.07.14	02:07:29.241		0.86515			4
2025.07.14	02:07:32.055	0.86513				2
2025.07.14	02:07:32.503		0.86516			4
2025.07.14	02:07:35.458	0.86512				2
2025.07.14	02:07:37.142	0.86513				2
2025.07.14	02:07:39.500	0.86511	0.86515			6
2025.07.14	02:07:39.801	0.86512				2
2025.07.14	02:07:43.071	0.86513				2
2025.07.14	02:07:44.654	0.86512				2
2025.07.14	02:07:49.567	0.86513				2
2025.07.14	02:07:49.963		0.86516			4
2025.07.14	02:07:54.323	0.86512	0.86515			6
2025.07.14	02:07:54.847	0.86513	0.86516			6
2025.07.14	02:07:56.076	0.86514				2
2025.07.14	02:07:59.883	0.86513				2
2025.07.14	02:08:00.517	0.86513	0.86515			6
2025.07.14	02:08:04.605	0.86512				2
2025.07.14	02:08:05.299		0.86514			4
2025.07.14	02:08:06.846	0.86511				2
2025.07.14	02:08:17.463	0.86512				2
2025.07.14	02:08:17.973	0.86511				2
2025.07.14	02:08:18.765	0.86512				2
2025.07.14	02:08:22.230	0.86514	0.86515			6
2025.07.14	02:08:23.608		0.86516			4
2025.07.14	02:08:28.258	0.86513				2
2025.07.14	02:08:29.229		0.86515			4
2025.07.14	02:08:31.361	0.86514				2
2025.07.14	02:08:33.867		0.86516			4
