<DATE>	<TIME>	<BID>	<ASK>	<LAST>	<VOLUME>	<FLAGS>
2025.10.24	00:03:31.223	0.87121	0.87212			6
2025.10.24	00:03:34.811	0.87135				2
2025.10.24	00:04:10.760	0.87135				2
2025.10.24	00:04:11.461	0.87128				2
2025.10.24	00:04:32.940	0.87119	0.87212			6
2025.10.24	00:05:00.757	0.87119				2
2025.10.24	00:05:32.942	0.87117	0.87212			6
2025.10.24	00:06:02.215	0.87117				2
2025.10.24	00:06:34.648		0.87212			4
2025.10.24	00:07:00.756	0.87117				2
2025.10.24	00:07:37.143		0.87212			4
2025.10.24	00:08:01.406	0.87117				2
2025.10.24	00:08:32.941	0.87118				2
2025.10.24	00:08:41.690		0.87212			4
2025.10.24	00:09:10.234	0.87118				2
2025.10.24	00:09:45.194		0.87212			4
2025.10.24	00:10:00.376	0.87140				2
2025.10.24	00:10:11.560	0.87152	0.87216			6
2025.10.24	00:10:26.694		0.87214			4
2025.10.24	00:10:27.298	0.87153	0.87216			6
2025.10.24	00:10:32.466	0.87152				2
2025.10.24	00:10:33.723		0.87218			4
2025.10.24	00:10:34.076	0.87153	0.87220			6
2025.10.24	00:10:42.103	0.87152	0.87212			6
2025.10.24	00:10:46.920		0.87216			4
2025.10.24	00:10:55.905		0.87214			4
2025.10.24	00:11:00.069	0.87152				2
2025.10.24	00:11:03.635		0.87216			4
2025.10.24	00:11:03.938	0.87153				2
2025.10.24	00:11:04.888	0.87133	0.87241			6
2025.10.24	00:11:06.354	0.87141	0.87212			6
2025.10.24	00:11:08.370	0.87153	0.87216			6
2025.10.24	00:11:09.353	0.87141	0.87212			6
2025.10.24	00:11:21.988	0.87153	0.87214			6
2025.10.24	00:11:22.954	0.87141	0.87212			6
2025.10.24	00:11:26.452	0.87142				2
2025.10.24	00:11:28.006	0.87141				2
2025.10.24	00:11:28.824	0.87153	0.87216			6
2025.10.24	00:11:29.732	0.87141	0.87212			6
2025.10.24	00:11:35.563	0.87153	0.87214			6
2025.10.24	00:11:35.899		0.87216			4
2025.10.24	00:11:36.551	0.87141	0.87212			6
2025.10.24	00:11:44.455	0.87142				2
2025.10.24	00:12:04.027	0.87142				2
2025.10.24	00:12:07.305	0.87141				2
2025.10.24	00:12:08.925	0.87142				2
2025.10.24	00:12:46.390		0.87212			4
2025.10.24	00:13:00.917	0.87142				2
2025.10.24	00:13:48.210		0.87212			4
2025.10.24	00:14:02.153	0.87142				2
2025.10.24	00:14:51.408		0.87212			4
2025.10.24	00:15:00.406	0.87142				2
2025.10.24	00:15:02.349		0.87210			4
2025.10.24	00:15:02.765		0.87204			4
2025.10.24	00:15:03.091	0.87143	0.87210			6
2025.10.24	00:15:03.895	0.87144	0.87202			6
2025.10.24	00:15:04.562		0.87208			4
2025.10.24	00:15:04.865	0.87142	0.87201			6
2025.10.24	00:15:05.169	0.87144				2
2025.10.24	00:15:05.476	0.87142				2
2025.10.24	00:15:05.786	0.87144				2
2025.10.24	00:15:06.096	0.87143				2
2025.10.24	00:15:07.331	0.87144				2
2025.10.24	00:15:07.945	0.87143				2
2025.10.24	00:15:12.957		0.87206			4
2025.10.24	00:15:13.460	0.87144				2
2025.10.24	00:15:14.754	0.87143				2
2025.10.24	00:15:18.662	0.87142	0.87202			6
2025.10.24	00:15:18.978	0.87144				2
2025.10.24	00:15:19.285	0.87143				2
2025.10.24	00:15:20.288	0.87144				2
2025.10.24	00:15:20.907	0.87143				2
2025.10.24	00:15:31.033	0.87144	0.87198			6
2025.10.24	00:15:31.339		0.87202			4
2025.10.24	00:15:31.957	0.87143				2
2025.10.24	00:15:32.890	0.87144				2
2025.10.24	00:15:33.198	0.87143				2
2025.10.24	00:15:33.506	0.87144				2
2025.10.24	00:15:34.120	0.87143				2
2025.10.24	00:15:34.437	0.87145				2
2025.10.24	00:15:34.750	0.87144				2
2025.10.24	00:15:35.361	0.87145				2
2025.10.24	00:15:35.662	0.87143				2
2025.10.24	00:15:35.977	0.87145				2
2025.10.24	00:15:37.202	0.87144				2
2025.10.24	00:15:37.817	0.87145				2
2025.10.24	00:15:38.474	0.87143				2
2025.10.24	00:15:38.786	0.87145				2
2025.10.24	00:15:39.089	0.87144				2
2025.10.24	00:15:40.022	0.87143				2
2025.10.24	00:15:40.341	0.87144				2
2025.10.24	00:15:41.356	0.87143				2
2025.10.24	00:15:41.670	0.87144				2
2025.10.24	00:15:42.073	0.87143	0.87208			6
2025.10.24	00:15:42.378	0.87145				2
2025.10.24	00:15:42.724	0.87144				2
2025.10.24	00:15:43.404	0.87143				2
2025.10.24	00:15:43.719	0.87145				2
2025.10.24	00:15:44.079	0.87143				2
2025.10.24	00:15:44.380	0.87144				2
2025.10.24	00:15:44.768	0.87145				2
2025.10.24	00:15:45.081	0.87144				2
2025.10.24	00:15:47.861	0.87143				2
2025.10.24	00:15:48.177	0.87145				2
2025.10.24	00:15:48.509	0.87143				2
2025.10.24	00:15:48.821	0.87144				2
2025.10.24	00:15:49.780	0.87145				2
2025.10.24	00:15:50.153	0.87143				2
2025.10.24	00:15:50.458	0.87145				2
2025.10.24	00:15:51.094	0.87144				2
2025.10.24	00:15:51.455	0.87145				2
2025.10.24	00:15:51.773	0.87144				2
2025.10.24	00:15:52.804	0.87145				2
2025.10.24	00:15:53.113	0.87144				2
2025.10.24	00:15:53.977	0.87143	0.87202			6
2025.10.24	00:15:54.282	0.87145				2
2025.10.24	00:15:55.115	0.87143				2
2025.10.24	00:15:55.720	0.87144				2
2025.10.24	00:15:56.051	0.87145				2
2025.10.24	00:15:56.672	0.87144				2
2025.10.24	00:15:57.054	0.87145				2
2025.10.24	00:15:57.358	0.87144				2
2025.10.24	00:15:57.669	0.87145				2
2025.10.24	00:15:58.006	0.87144				2
2025.10.24	00:15:58.850	0.87145				2
2025.10.24	00:15:59.241	0.87143				2
2025.10.24	00:15:59.557	0.87145				2
2025.10.24	00:16:00.022	0.87145				2
2025.10.24	00:16:01.085	0.87144				2
2025.10.24	00:16:01.403	0.87143				2
2025.10.24	00:16:01.719	0.87145				2
2025.10.24	00:16:02.045	0.87144				2
2025.10.24	00:16:03.339	0.87143				2
2025.10.24	00:16:03.657	0.87144				2
2025.10.24	00:16:03.993	0.87143				2
2025.10.24	00:16:04.599	0.87145				2
2025.10.24	00:16:05.314	0.87144				2
2025.10.24	00:16:08.303		0.87200			4
2025.10.24	00:16:08.647	0.87145				2
2025.10.24	00:16:09.013	0.87143				2
2025.10.24	00:16:09.325	0.87145				2
2025.10.24	00:16:09.644	0.87144				2
2025.10.24	00:16:10.294	0.87145				2
2025.10.24	00:16:10.710	0.87144				2
2025.10.24	00:16:11.031	0.87145				2
2025.10.24	00:16:11.344	0.87143				2
2025.10.24	00:16:11.658	0.87145				2
2025.10.24	00:16:12.736	0.87144				2
2025.10.24	00:16:13.855	0.87143				2
2025.10.24	00:16:14.160	0.87144				2
2025.10.24	00:16:14.467	0.87145				2
2025.10.24	00:16:15.144	0.87144				2
2025.10.24	00:16:15.450	0.87143				2
2025.10.24	00:16:15.760	0.87145				2
2025.10.24	00:16:16.734	0.87143				2
2025.10.24	00:16:17.038	0.87145				2
2025.10.24	00:16:17.655	0.87143				2
2025.10.24	00:16:17.959	0.87145				2
2025.10.24	00:16:18.322	0.87144				2
2025.10.24	00:16:18.632	0.87145				2
2025.10.24	00:16:18.955	0.87143				2
2025.10.24	00:16:19.260	0.87145				2
2025.10.24	00:16:20.000	0.87144				2
2025.10.24	00:16:20.368	0.87145				2
2025.10.24	00:16:20.776	0.87144				2
2025.10.24	00:16:21.131	0.87143				2
2025.10.24	00:16:21.446	0.87144				2
2025.10.24	00:16:21.933	0.87143				2
2025.10.24	00:16:22.239	0.87144				2
2025.10.24	00:16:22.579	0.87143				2
2025.10.24	00:16:23.198	0.87145				2
2025.10.24	00:16:23.517	0.87144				2
2025.10.24	00:16:24.224	0.87145				2
2025.10.24	00:16:24.601	0.87144				2
2025.10.24	00:16:26.152	0.87143				2
2025.10.24	00:16:26.458	0.87145				2
2025.10.24	00:16:26.762	0.87144				2
2025.10.24	00:16:27.070	0.87145				2
2025.10.24	00:16:27.928	0.87144				2
2025.10.24	00:16:28.653	0.87143				2
2025.10.24	00:16:28.961	0.87145				2
2025.10.24	00:16:29.289	0.87143				2
2025.10.24	00:16:29.598	0.87145				2
2025.10.24	00:16:30.241	0.87144				2
2025.10.24	00:16:32.500	0.87145				2
2025.10.24	00:16:33.209	0.87144				2
2025.10.24	00:16:33.579	0.87143				2
2025.10.24	00:16:33.897	0.87145				2
2025.10.24	00:16:35.482	0.87144				2
2025.10.24	00:16:37.900	0.87145				2
2025.10.24	00:16:38.638	0.87144				2
2025.10.24	00:16:39.655	0.87145				2
2025.10.24	00:16:40.028	0.87144				2
2025.10.24	00:16:42.054	0.87143				2
2025.10.24	00:16:42.358	0.87144				2
2025.10.24	00:16:43.637	0.87145				2
2025.10.24	00:16:43.978	0.87144				2
2025.10.24	00:16:44.285	0.87145				2
2025.10.24	00:16:44.596	0.87143				2
2025.10.24	00:16:44.907	0.87145				2
2025.10.24	00:16:45.324	0.87143				2
2025.10.24	00:16:45.939	0.87144				2
2025.10.24	00:16:46.254	0.87145				2
2025.10.24	00:16:46.588	0.87144				2
2025.10.24	00:16:47.344	0.87145				2
2025.10.24	00:16:49.018	0.87144				2
2025.10.24	00:16:49.344	0.87143				2
2025.10.24	00:16:49.646	0.87145				2
2025.10.24	00:16:50.277	0.87143				2
2025.10.24	00:16:50.592	0.87145				2
2025.10.24	00:16:51.219	0.87144				2
2025.10.24	00:16:51.525	0.87145				2
2025.10.24	00:16:52.553	0.87144				2
2025.10.24	00:16:53.226	0.87145				2
2025.10.24	00:16:53.609	0.87144	0.87203			6
2025.10.24	00:16:53.913	0.87145	0.87200			6
2025.10.24	00:16:54.226		0.87205			4
2025.10.24	00:16:54.576		0.87204			4
2025.10.24	00:16:54.922		0.87201			4
2025.10.24	00:16:55.230		0.87202			4
2025.10.24	00:16:55.576		0.87201			4
2025.10.24	00:16:56.242		0.87200			4
2025.10.24	00:16:56.591		0.87197			4
2025.10.24	00:16:56.926		0.87199			4
2025.10.24	00:16:57.232		0.87200			4
2025.10.24	00:16:57.569		0.87201			4
2025.10.24	00:16:57.904		0.87203			4
2025.10.24	00:16:58.253		0.87202			4
2025.10.24	00:16:58.602		0.87205			4
2025.10.24	00:16:58.949		0.87197			4
2025.10.24	00:16:59.255		0.87200			4
2025.10.24	00:16:59.565		0.87203			4
2025.10.24	00:16:59.915		0.87208			4
2025.10.24	00:17:00.231	0.87145	0.87205			6
2025.10.24	00:17:00.559	0.87144	0.87201			6
2025.10.24	00:17:02.098	0.87145				2
2025.10.24	00:17:02.399	0.87144				2
2025.10.24	00:17:02.718	0.87145				2
2025.10.24	00:17:03.025	0.87144				2
2025.10.24	00:17:03.338	0.87145				2
2025.10.24	00:17:03.639	0.87144				2
2025.10.24	00:17:05.579	0.87143				2
2025.10.24	00:17:05.889	0.87144				2
2025.10.24	00:17:06.511	0.87145				2
2025.10.24	00:17:06.818	0.87144				2
2025.10.24	00:17:07.121	0.87145				2
2025.10.24	00:17:07.438	0.87144				2
2025.10.24	00:17:08.678	0.87145				2
2025.10.24	00:17:08.980	0.87144				2
2025.10.24	00:17:09.297	0.87143				2
2025.10.24	00:17:09.598	0.87144				2
2025.10.24	00:17:09.911	0.87145				2
2025.10.24	00:17:10.219	0.87144				2
2025.10.24	00:17:10.524	0.87145				2
2025.10.24	00:17:10.837	0.87144				2
2025.10.24	00:17:11.143	0.87145				2
2025.10.24	00:17:12.685	0.87144				2
2025.10.24	00:17:13.299	0.87145				2
2025.10.24	00:17:13.618	0.87144				2
2025.10.24	00:17:13.931	0.87145				2
2025.10.24	00:17:14.237	0.87144				2
2025.10.24	00:17:14.859	0.87143				2
2025.10.24	00:17:15.162	0.87144				2
2025.10.24	00:17:15.558	0.87145				2
2025.10.24	00:17:15.879	0.87143				2
2025.10.24	00:17:16.197	0.87145				2
2025.10.24	00:17:17.125	0.87144				2
2025.10.24	00:17:17.740	0.87145				2
2025.10.24	00:17:18.060	0.87144				2
2025.10.24	00:17:18.371	0.87145				2
2025.10.24	00:17:18.679	0.87144				2
2025.10.24	00:17:18.984	0.87145				2
2025.10.24	00:17:20.537	0.87144				2
2025.10.24	00:17:21.460	0.87145				2
2025.10.24	00:17:21.778	0.87144				2
2025.10.24	00:17:22.398	0.87145				2
2025.10.24	00:17:23.639	0.87144				2
2025.10.24	00:17:23.956	0.87145				2
2025.10.24	00:17:24.579	0.87144				2
2025.10.24	00:17:24.880	0.87145				2
2025.10.24	00:17:26.127	0.87144				2
2025.10.24	00:17:26.438	0.87143				2
2025.10.24	00:17:26.741	0.87145				2
2025.10.24	00:17:27.376	0.87144				2
2025.10.24	00:17:27.685	0.87145				2
2025.10.24	00:17:27.998	0.87144				2
2025.10.24	00:17:28.299	0.87145				2
2025.10.24	00:17:29.245	0.87144				2
2025.10.24	00:17:29.861	0.87145				2
2025.10.24	00:17:30.490	0.87144				2
2025.10.24	00:17:31.422	0.87145				2
2025.10.24	00:17:31.737	0.87144				2
2025.10.24	00:17:32.056	0.87145				2
2025.10.24	00:17:32.676	0.87144				2
2025.10.24	00:17:33.297	0.87145				2
2025.10.24	00:17:33.916	0.87144				2
2025.10.24	00:17:34.217	0.87145				2
2025.10.24	00:17:34.529	0.87144				2
2025.10.24	00:17:34.837	0.87145				2
2025.10.24	00:17:35.139	0.87144				2
2025.10.24	00:17:35.457	0.87145				2
2025.10.24	00:17:36.696	0.87144				2
2025.10.24	00:17:36.999	0.87145				2
2025.10.24	00:17:37.316	0.87144				2
2025.10.24	00:17:37.715	0.87145				2
2025.10.24	00:17:38.041	0.87144				2
2025.10.24	00:17:38.687	0.87143				2
2025.10.24	00:17:38.999	0.87145				2
2025.10.24	00:17:39.361	0.87144				2
2025.10.24	00:17:40.152	0.87145				2
2025.10.24	00:17:40.492	0.87143				2
2025.10.24	00:17:40.799	0.87144				2
2025.10.24	00:17:41.119	0.87145				2
2025.10.24	00:17:41.866	0.87144				2
2025.10.24	00:17:43.836	0.87145				2
2025.10.24	00:17:45.071	0.87146				2
2025.10.24	00:17:45.999	0.87144				2
2025.10.24	00:17:46.301	0.87145				2
2025.10.24	00:17:46.917	0.87146				2
2025.10.24	00:17:47.546	0.87145				2
2025.10.24	00:17:47.859	0.87146				2
2025.10.24	00:17:48.782	0.87144				2
2025.10.24	00:17:49.092	0.87145				2
2025.10.24	00:17:49.399	0.87146				2
2025.10.24	00:17:50.020	0.87145				2
2025.10.24	00:17:50.951	0.87146				2
2025.10.24	00:17:52.497	0.87145				2
2025.10.24	00:17:52.799	0.87146				2
2025.10.24	00:17:53.109	0.87145				2
2025.10.24	00:17:53.717	0.87146				2
2025.10.24	00:17:54.021	0.87145				2
2025.10.24	00:17:54.637	0.87146				2
2025.10.24	00:17:55.577	0.87145				2
2025.10.24	00:17:55.887	0.87146				2
2025.10.24	00:17:56.817	0.87145				2
2025.10.24	00:17:57.135	0.87146				2
2025.10.24	00:17:57.437	0.87145				2
2025.10.24	00:17:57.746	0.87146				2
2025.10.24	00:17:58.059	0.87145				2
2025.10.24	00:17:58.360	0.87146				2
2025.10.24	00:17:59.606	0.87145				2
2025.10.24	00:18:00.222	0.87145				2
2025.10.24	00:18:00.852		0.87201			4
2025.10.24	00:18:02.080	0.87146				2
2025.10.24	00:18:02.711	0.87145				2
2025.10.24	00:18:03.028	0.87146				2
2025.10.24	00:18:03.339	0.87145				2
2025.10.24	00:18:03.641	0.87146				2
2025.10.24	00:18:04.271	0.87145				2
2025.10.24	00:18:05.492	0.87144				2
2025.10.24	00:18:05.798	0.87145				2
2025.10.24	00:18:06.103	0.87146				2
2025.10.24	00:18:06.552	0.87145				2
2025.10.24	00:18:06.857	0.87146				2
2025.10.24	00:18:07.510	0.87145				2
2025.10.24	00:18:08.125	0.87146				2
2025.10.24	00:18:09.059	0.87145				2
2025.10.24	00:18:09.378	0.87146				2
2025.10.24	00:18:10.300	0.87145				2
2025.10.24	00:18:10.616	0.87146				2
2025.10.24	00:18:10.918	0.87145				2
2025.10.24	00:18:11.237	0.87146				2
2025.10.24	00:18:13.721	0.87145				2
2025.10.24	00:18:14.965	0.87146				2
2025.10.24	00:18:15.899	0.87144				2
2025.10.24	00:18:16.217	0.87145				2
2025.10.24	00:18:16.526	0.87146				2
2025.10.24	00:18:16.838	0.87145				2
2025.10.24	00:18:17.140	0.87146				2
2025.10.24	00:18:17.459	0.87145				2
2025.10.24	00:18:18.097	0.87146				2
2025.10.24	00:18:18.402	0.87145				2
2025.10.24	00:18:18.718	0.87146				2
2025.10.24	00:18:19.032	0.87145				2
2025.10.24	00:18:19.645	0.87146				2
2025.10.24	00:18:20.261	0.87145				2
2025.10.24	00:18:21.192	0.87146				2
2025.10.24	00:18:21.497	0.87145				2
2025.10.24	00:18:21.804	0.87146				2
2025.10.24	00:18:22.117	0.87145				2
2025.10.24	00:18:22.420	0.87146				2
2025.10.24	00:18:22.737	0.87144				2
2025.10.24	00:18:23.049	0.87146				2
2025.10.24	00:18:23.356	0.87145				2
2025.10.24	00:18:24.599	0.87146				2
2025.10.24	00:18:27.768	0.87145				2
2025.10.24	00:18:28.410	0.87146				2
2025.10.24	00:18:29.020	0.87145				2
2025.10.24	00:18:29.320	0.87146				2
2025.10.24	00:18:29.635	0.87145				2
2025.10.24	00:18:30.877	0.87146				2
2025.10.24	00:18:31.498	0.87145				2
2025.10.24	00:18:32.118	0.87146				2
2025.10.24	00:18:32.736	0.87145				2
2025.10.24	00:18:33.041	0.87144				2
2025.10.24	00:18:33.357	0.87145				2
2025.10.24	00:18:33.977	0.87146				2
2025.10.24	00:18:34.288	0.87145				2
2025.10.24	00:18:34.599	0.87146				2
2025.10.24	00:18:36.156	0.87145				2
2025.10.24	00:18:36.776	0.87146				2
2025.10.24	00:18:37.696	0.87145				2
2025.10.24	00:18:38.010	0.87146				2
2025.10.24	00:18:38.621	0.87145				2
2025.10.24	00:18:38.936	0.87146				2
2025.10.24	00:18:39.247	0.87145				2
2025.10.24	00:18:39.552	0.87146				2
2025.10.24	00:18:40.253	0.87145				2
2025.10.24	00:18:40.665	0.87146				2
2025.10.24	00:18:41.278	0.87145				2
2025.10.24	00:18:41.642	0.87146				2
2025.10.24	00:18:42.522	0.87145				2
2025.10.24	00:18:42.832	0.87146				2
2025.10.24	00:18:43.445	0.87145				2
2025.10.24	00:18:44.172	0.87144				2
2025.10.24	00:18:44.490	0.87146				2
2025.10.24	00:18:45.135	0.87145				2
2025.10.24	00:18:45.746	0.87146				2
2025.10.24	00:18:46.679	0.87145				2
2025.10.24	00:18:46.987	0.87146				2
2025.10.24	00:18:47.918	0.87145				2
2025.10.24	00:18:48.220	0.87146				2
2025.10.24	00:18:48.521	0.87145				2
2025.10.24	00:18:49.767	0.87146				2
2025.10.24	00:18:50.999	0.87145				2
2025.10.24	00:18:51.303	0.87146				2
2025.10.24	00:18:51.610	0.87145				2
2025.10.24	00:18:52.225	0.87146				2
2025.10.24	00:18:52.842	0.87145				2
2025.10.24	00:18:54.086	0.87146				2
2025.10.24	00:18:54.700	0.87145				2
2025.10.24	00:18:56.407	0.87146				2
2025.10.24	00:18:57.379	0.87145				2
2025.10.24	00:18:59.003	0.87146				2
2025.10.24	00:19:00.075	0.87146				2
2025.10.24	00:19:00.380	0.87145				2
2025.10.24	00:19:01.127		0.87201			4
2025.10.24	00:19:01.750	0.87146				2
2025.10.24	00:19:02.368	0.87145				2
2025.10.24	00:19:03.599	0.87146				2
2025.10.24	00:19:04.217	0.87145				2
2025.10.24	00:19:04.826	0.87146				2
2025.10.24	00:19:05.138	0.87145				2
2025.10.24	00:19:05.440	0.87146				2
2025.10.24	00:19:05.757	0.87145				2
2025.10.24	00:19:06.061	0.87146				2
2025.10.24	00:19:06.373	0.87145				2
2025.10.24	00:19:06.678	0.87144				2
2025.10.24	00:19:06.985	0.87143				2
2025.10.24	00:19:12.090	0.87144				2
2025.10.24	00:19:12.409	0.87143				2
2025.10.24	00:19:13.065	0.87144				2
2025.10.24	00:19:14.439	0.87143				2
2025.10.24	00:19:14.830	0.87142				2
2025.10.24	00:19:15.139	0.87144				2
2025.10.24	00:19:15.446	0.87143				2
2025.10.24	00:19:15.759	0.87141				2
2025.10.24	00:19:16.065	0.87143				2
2025.10.24	00:19:17.404	0.87141				2
2025.10.24	00:19:17.718	0.87142				2
2025.10.24	00:19:18.103	0.87141				2
2025.10.24	00:19:18.718	0.87143				2
2025.10.24	00:19:19.338	0.87142				2
2025.10.24	00:19:20.502	0.87141				2
2025.10.24	00:19:20.818	0.87142				2
2025.10.24	00:19:21.863	0.87141				2
2025.10.24	00:19:22.165	0.87143				2
2025.10.24	00:19:22.851	0.87141				2
2025.10.24	00:19:23.158	0.87142				2
2025.10.24	00:19:23.482	0.87143				2
2025.10.24	00:19:24.190	0.87142				2
2025.10.24	00:19:24.546	0.87143				2
2025.10.24	00:19:25.833	0.87142				2
2025.10.24	00:19:26.893	0.87143				2
2025.10.24	00:19:28.233	0.87145				2
2025.10.24	00:19:29.009	0.87143				2
2025.10.24	00:19:29.379	0.87142				2
2025.10.24	00:19:30.760	0.87143				2
2025.10.24	00:19:33.918	0.87142				2
2025.10.24	00:19:34.302	0.87143				2
2025.10.24	00:19:34.684	0.87142				2
2025.10.24	00:19:35.070	0.87143				2
2025.10.24	00:19:35.489	0.87142				2
2025.10.24	00:19:35.879	0.87143				2
2025.10.24	00:19:36.283	0.87142				2
2025.10.24	00:19:36.696	0.87143				2
2025.10.24	00:19:37.085	0.87142				2
2025.10.24	00:19:37.473	0.87143				2
2025.10.24	00:19:37.855	0.87142				2
2025.10.24	00:19:38.239	0.87143				2
2025.10.24	00:19:38.622	0.87142				2
2025.10.24	00:19:38.996	0.87143				2
2025.10.24	00:19:39.379	0.87142				2
2025.10.24	00:19:39.765	0.87143				2
2025.10.24	00:19:40.149	0.87142				2
2025.10.24	00:19:40.535	0.87143				2
2025.10.24	00:19:40.917	0.87142				2
2025.10.24	00:19:41.304	0.87143				2
2025.10.24	00:19:41.681	0.87142				2
2025.10.24	00:19:42.068	0.87143				2
2025.10.24	00:19:42.459	0.87142				2
2025.10.24	00:19:42.842	0.87143				2
2025.10.24	00:19:43.227	0.87142				2
2025.10.24	00:19:43.633	0.87143				2
2025.10.24	00:19:44.153	0.87142				2
2025.10.24	00:19:44.718	0.87143				2
2025.10.24	00:19:45.128	0.87142				2
2025.10.24	00:19:45.540	0.87143				2
2025.10.24	00:19:45.942	0.87142				2
2025.10.24	00:19:46.353	0.87143				2
2025.10.24	00:19:46.757	0.87142				2
2025.10.24	00:19:47.170	0.87143				2
2025.10.24	00:19:47.581	0.87142				2
2025.10.24	00:19:47.993	0.87143				2
2025.10.24	00:19:48.376	0.87142				2
2025.10.24	00:19:48.765	0.87143				2
2025.10.24	00:19:49.151	0.87142				2
2025.10.24	00:19:49.542	0.87143				2
2025.10.24	00:19:49.940	0.87142				2
2025.10.24	00:19:50.338	0.87143				2
2025.10.24	00:19:50.744	0.87142				2
2025.10.24	00:19:51.149	0.87143				2
2025.10.24	00:19:51.559	0.87142				2
2025.10.24	00:19:51.967	0.87143				2
2025.10.24	00:19:52.362	0.87142				2
2025.10.24	00:19:52.753	0.87143				2
2025.10.24	00:19:53.396	0.87142				2
2025.10.24	00:19:53.793	0.87143				2
2025.10.24	00:19:54.178	0.87142				2
2025.10.24	00:19:55.868	0.87143				2
2025.10.24	00:19:56.267	0.87142				2
2025.10.24	00:19:56.674	0.87143				2
2025.10.24	00:19:57.086	0.87142				2
2025.10.24	00:19:57.496	0.87143				2
2025.10.24	00:19:57.907	0.87142				2
2025.10.24	00:19:58.306	0.87143				2
2025.10.24	00:19:58.709	0.87142				2
2025.10.24	00:19:59.083	0.87143				2
2025.10.24	00:19:59.476	0.87142				2
2025.10.24	00:19:59.868	0.87143				2
2025.10.24	00:20:00.263	0.87142				2
2025.10.24	00:20:00.672	0.87143				2
2025.10.24	00:20:01.082	0.87142				2
2025.10.24	00:20:01.501	0.87143	0.87201			6
2025.10.24	00:20:03.704	0.87142				2
2025.10.24	00:20:04.089	0.87143				2
2025.10.24	00:20:04.493	0.87142				2
2025.10.24	00:20:04.899	0.87143				2
2025.10.24	00:20:06.201	0.87142				2
2025.10.24	00:20:06.974	0.87143				2
2025.10.24	00:20:07.311	0.87142				2
2025.10.24	00:20:07.640	0.87143				2
2025.10.24	00:20:07.975	0.87142				2
2025.10.24	00:20:08.306	0.87143				2
2025.10.24	00:20:08.640	0.87142				2
2025.10.24	00:20:08.980	0.87143				2
2025.10.24	00:20:09.307	0.87142				2
2025.10.24	00:20:09.638	0.87143				2
2025.10.24	00:20:09.974	0.87142				2
2025.10.24	00:20:10.551	0.87140				2
2025.10.24	00:20:13.073	0.87142				2
2025.10.24	00:20:16.034	0.87143				2
2025.10.24	00:20:16.762	0.87142				2
2025.10.24	00:20:17.493	0.87141				2
2025.10.24	00:20:17.801	0.87143				2
2025.10.24	00:20:18.644	0.87144				2
2025.10.24	00:20:19.063	0.87143				2
2025.10.24	00:20:19.478	0.87144				2
2025.10.24	00:20:20.210	0.87143				2
2025.10.24	00:20:20.940	0.87144				2
2025.10.24	00:20:22.660	0.87143				2
2025.10.24	00:20:24.446	0.87144				2
2025.10.24	00:20:26.345	0.87143				2
2025.10.24	00:20:27.952	0.87144				2
2025.10.24	00:20:30.433	0.87143				2
2025.10.24	00:20:31.161	0.87144				2
2025.10.24	00:20:33.056	0.87142				2
2025.10.24	00:20:33.357	0.87143				2
2025.10.24	00:20:37.003	0.87144				2
2025.10.24	00:20:39.485	0.87143				2
2025.10.24	00:20:42.842	0.87144				2
2025.10.24	00:20:46.252	0.87143				2
2025.10.24	00:20:50.152	0.87144				2
2025.10.24	00:20:51.307	0.87143				2
2025.10.24	00:20:53.057	0.87144				2
2025.10.24	00:20:54.069	0.87143				2
2025.10.24	00:20:55.956	0.87144				2
2025.10.24	00:20:57.342	0.87143				2
2025.10.24	00:20:58.551	0.87144				2
2025.10.24	00:21:00.370	0.87143				2
2025.10.24	00:21:01.878		0.87201			4
2025.10.24	00:21:04.024	0.87144				2
2025.10.24	00:21:05.156	0.87143				2
2025.10.24	00:21:06.039	0.87144				2
2025.10.24	00:21:07.630	0.87143				2
2025.10.24	00:21:08.227	0.87144				2
2025.10.24	00:21:12.356	0.87143				2
2025.10.24	00:21:14.376	0.87144				2
2025.10.24	00:21:16.141	0.87143				2
2025.10.24	00:21:16.766	0.87144				2
2025.10.24	00:21:17.645	0.87143				2
2025.10.24	00:21:18.531	0.87144				2
2025.10.24	00:21:20.168	0.87143				2
2025.10.24	00:21:20.911	0.87144				2
2025.10.24	00:21:23.570	0.87143				2
2025.10.24	00:21:24.827	0.87144				2
2025.10.24	00:21:25.332	0.87143				2
2025.10.24	00:21:27.474	0.87144				2
2025.10.24	00:21:28.611	0.87143				2
2025.10.24	00:21:30.353	0.87144				2
2025.10.24	00:21:30.876	0.87143				2
2025.10.24	00:21:31.758	0.87144				2
2025.10.24	00:21:32.394	0.87143				2
2025.10.24	00:21:34.907	0.87144				2
2025.10.24	00:21:44.125	0.87143				2
2025.10.24	00:21:46.552	0.87144				2
2025.10.24	00:21:48.661	0.87143				2
2025.10.24	00:21:49.163	0.87142				2
2025.10.24	00:21:49.631	0.87143	0.87198			6
2025.10.24	00:21:50.060	0.87142				2
2025.10.24	00:21:50.387	0.87141				2
2025.10.24	00:21:50.711	0.87143				2
2025.10.24	00:21:51.356	0.87142				2
2025.10.24	00:21:53.199	0.87141				2
2025.10.24	00:21:54.187	0.87142				2
2025.10.24	00:21:59.994	0.87143				2
2025.10.24	00:22:00.403	0.87142				2
2025.10.24	00:22:06.052	0.87143				2
2025.10.24	00:22:06.698	0.87142				2
2025.10.24	00:22:07.054	0.87143				2
2025.10.24	00:22:07.412	0.87142				2
2025.10.24	00:22:08.222	0.87143				2
2025.10.24	00:22:08.656	0.87142				2
2025.10.24	00:22:14.406	0.87143				2
2025.10.24	00:22:16.333	0.87142				2
2025.10.24	00:22:44.060	0.87141				2
2025.10.24	00:22:44.442	0.87143				2
2025.10.24	00:22:44.780	0.87142				2
2025.10.24	00:22:50.752	0.87143	0.87198			6
2025.10.24	00:23:00.533	0.87143				2
2025.10.24	00:23:02.028	0.87142				2
2025.10.24	00:23:08.755	0.87143				2
2025.10.24	00:23:13.213	0.87145				2
2025.10.24	00:23:13.585		0.87199			4
2025.10.24	00:23:13.940		0.87207			4
2025.10.24	00:23:14.346		0.87195			4
2025.10.24	00:23:14.665	0.87148				2
2025.10.24	00:23:14.982	0.87143	0.87198			6
2025.10.24	00:23:15.297		0.87195			4
2025.10.24	00:23:16.075		0.87197			4
2025.10.24	00:23:16.379		0.87195			4
2025.10.24	00:23:16.771	0.87142	0.87207			6
2025.10.24	00:23:17.641	0.87143				2
2025.10.24	00:23:18.679		0.87195			4
2025.10.24	00:23:18.989		0.87198			4
2025.10.24	00:23:20.134		0.87207			4
2025.10.24	00:23:24.697	0.87142				2
2025.10.24	00:23:26.348		0.87198			4
2025.10.24	00:23:27.216		0.87195			4
2025.10.24	00:23:27.603		0.87207			4
2025.10.24	00:23:28.946		0.87199			4
2025.10.24	00:23:29.262	0.87143	0.87207			6
2025.10.24	00:23:29.628		0.87195			4
2025.10.24	00:23:30.011		0.87207			4
2025.10.24	00:23:30.692		0.87199			4
2025.10.24	00:23:31.077	0.87141	0.87207			6
2025.10.24	00:23:31.473	0.87142				2
2025.10.24	00:23:32.558	0.87143				2
2025.10.24	00:23:32.929		0.87195			4
2025.10.24	00:23:33.239		0.87201			4
2025.10.24	00:23:35.411		0.87197			4
2025.10.24	00:23:36.131		0.87207			4
2025.10.24	00:23:36.453		0.87195			4
2025.10.24	00:23:36.772		0.87201			4
2025.10.24	00:23:37.092		0.87197			4
2025.10.24	00:23:37.419		0.87201			4
2025.10.24	00:23:39.376	0.87142				2
2025.10.24	00:23:43.455	0.87143				2
2025.10.24	00:23:44.618	0.87142				2
2025.10.24	00:23:44.920	0.87143				2
2025.10.24	00:23:48.016	0.87142				2
2025.10.24	00:23:51.953	0.87143				2
2025.10.24	00:23:53.425		0.87198			4
2025.10.24	00:23:53.765		0.87207			4
2025.10.24	00:23:54.592		0.87201			4
2025.10.24	00:23:54.979		0.87207			4
2025.10.24	00:23:56.729		0.87201			4
2025.10.24	00:24:00.018	0.87143				2
2025.10.24	00:24:17.561	0.87142				2
2025.10.24	00:24:17.870	0.87143				2
2025.10.24	00:24:18.185	0.87142				2
2025.10.24	00:24:21.066	0.87143				2
2025.10.24	00:24:23.787	0.87142				2
2025.10.24	00:24:24.859	0.87143				2
2025.10.24	00:24:25.919	0.87142				2
2025.10.24	00:24:26.687	0.87143				2
2025.10.24	00:24:26.993	0.87142				2
2025.10.24	00:24:27.314	0.87143				2
2025.10.24	00:24:27.939	0.87142				2
2025.10.24	00:24:28.312		0.87207			4
2025.10.24	00:24:28.991		0.87195			4
2025.10.24	00:24:29.379		0.87207			4
2025.10.24	00:24:30.349		0.87199			4
2025.10.24	00:24:31.617	0.87143				2
2025.10.24	00:24:45.251	0.87142				2
2025.10.24	00:24:45.597	0.87143				2
2025.10.24	00:24:45.975		0.87207			4
2025.10.24	00:24:47.914		0.87199			4
2025.10.24	00:24:48.218		0.87207			4
2025.10.24	00:24:48.897	0.87142				2
2025.10.24	00:24:49.670	0.87143				2
2025.10.24	00:24:50.402	0.87142				2
2025.10.24	00:24:51.439	0.87143				2
2025.10.24	00:24:52.105	0.87142				2
2025.10.24	00:24:52.781	0.87143				2
2025.10.24	00:24:53.860	0.87142				2
2025.10.24	00:24:54.221		0.87201			4
2025.10.24	00:24:54.610		0.87199			4
2025.10.24	00:24:54.996		0.87207			4
2025.10.24	00:24:55.302	0.87143				2
2025.10.24	00:24:56.456	0.87142				2
2025.10.24	00:24:57.638	0.87143				2
2025.10.24	00:24:58.318	0.87142				2
2025.10.24	00:24:58.685	0.87143				2
2025.10.24	00:24:58.998	0.87142				2
2025.10.24	00:24:59.326	0.87143				2
2025.10.24	00:24:59.636		0.87201			4
2025.10.24	00:24:59.936	0.87142				2
2025.10.24	00:25:00.238	0.87143	0.87196			6
2025.10.24	00:25:00.801		0.87207			4
2025.10.24	00:25:01.108	0.87142				2
2025.10.24	00:25:02.642		0.87195			4
2025.10.24	00:25:04.031		0.87201			4
2025.10.24	00:25:08.154	0.87143				2
2025.10.24	00:25:13.220		0.87204			4
2025.10.24	00:25:16.253	0.87142				2
2025.10.24	00:25:18.517		0.87198			4
2025.10.24	00:25:20.342	0.87143				2
2025.10.24	00:25:36.362	0.87142				2
2025.10.24	00:25:41.907	0.87143				2
2025.10.24	00:26:00.696	0.87143				2
2025.10.24	00:26:05.055	0.87141				2
2025.10.24	00:26:05.383	0.87143				2
2025.10.24	00:26:18.575		0.87198			4
2025.10.24	00:26:20.394	0.87142	0.87204			6
2025.10.24	00:26:23.325		0.87198			4
2025.10.24	00:26:25.110	0.87143				2
2025.10.24	00:26:30.299	0.87146				2
2025.10.24	00:26:32.355	0.87147				2
2025.10.24	00:26:35.152	0.87145				2
2025.10.24	00:26:35.463	0.87147				2
2025.10.24	00:26:40.129	0.87144				2
2025.10.24	00:26:40.440	0.87143				2
2025.10.24	00:26:41.563	0.87144				2
2025.10.24	00:26:51.121	0.87143				2
2025.10.24	00:27:01.851	0.87143				2
2025.10.24	00:27:11.040	0.87144				2
2025.10.24	00:27:16.896	0.87143				2
2025.10.24	00:27:21.052	0.87144				2
2025.10.24	00:27:23.563		0.87198			4
2025.10.24	00:27:32.799	0.87143				2
2025.10.24	00:27:35.152	0.87144				2
2025.10.24	00:27:37.466	0.87142				2
2025.10.24	00:27:37.945	0.87143				2
2025.10.24	00:27:44.503	0.87144				2
2025.10.24	00:28:01.281	0.87144				2
2025.10.24	00:28:06.451	0.87143				2
2025.10.24	00:28:09.052	0.87144				2
2025.10.24	00:28:17.452	0.87143				2
2025.10.24	00:28:19.930	0.87144				2
2025.10.24	00:28:22.872	0.87143				2
2025.10.24	00:28:25.255		0.87198			4
2025.10.24	00:28:26.751	0.87144				2
2025.10.24	00:28:30.758	0.87142				2
2025.10.24	00:28:31.063	0.87144				2
2025.10.24	00:28:32.304	0.87146	0.87200			6
2025.10.24	00:28:32.616	0.87147				2
2025.10.24	00:28:33.241	0.87146				2
2025.10.24	00:28:33.578	0.87147				2
2025.10.24	00:28:34.561	0.87146				2
2025.10.24	00:28:34.922	0.87147				2
2025.10.24	00:28:35.286	0.87146				2
2025.10.24	00:28:35.945	0.87147				2
2025.10.24	00:28:36.309	0.87146				2
2025.10.24	00:28:36.673	0.87147				2
2025.10.24	00:28:37.623	0.87146				2
2025.10.24	00:28:37.992	0.87147				2
2025.10.24	00:28:38.353	0.87145				2
2025.10.24	00:28:39.014	0.87147				2
2025.10.24	00:28:39.376	0.87146				2
2025.10.24	00:28:39.741	0.87147				2
2025.10.24	00:28:40.352	0.87146				2
2025.10.24	00:28:40.714	0.87147				2
2025.10.24	00:28:41.052	0.87146				2
2025.10.24	00:28:41.401	0.87147				2
2025.10.24	00:28:41.734	0.87146				2
2025.10.24	00:28:42.075	0.87147				2
2025.10.24	00:28:42.413	0.87146				2
2025.10.24	00:28:42.755	0.87147				2
2025.10.24	00:28:43.094	0.87145				2
2025.10.24	00:28:43.433	0.87147				2
2025.10.24	00:28:43.773	0.87146				2
2025.10.24	00:28:44.120	0.87147				2
2025.10.24	00:28:44.452	0.87146				2
2025.10.24	00:28:44.794	0.87147				2
2025.10.24	00:28:45.149	0.87146				2
2025.10.24	00:28:45.514	0.87147				2
2025.10.24	00:28:46.170	0.87146				2
2025.10.24	00:28:51.325	0.87147				2
2025.10.24	00:28:51.667	0.87146				2
2025.10.24	00:28:52.412	0.87147				2
2025.10.24	00:28:53.435	0.87146				2
2025.10.24	00:28:55.136	0.87147				2
2025.10.24	00:29:00.385	0.87146				2
2025.10.24	00:29:02.090	0.87147				2
2025.10.24	00:29:04.799	0.87146				2
2025.10.24	00:29:07.656	0.87147				2
2025.10.24	00:29:08.206	0.87146				2
2025.10.24	00:29:11.260	0.87147				2
2025.10.24	00:29:16.624	0.87146				2
2025.10.24	00:29:19.394	0.87147				2
2025.10.24	00:29:21.557	0.87146				2
2025.10.24	00:29:23.243	0.87147				2
2025.10.24	00:29:28.303	0.87146				2
2025.10.24	00:29:29.797		0.87203			4
2025.10.24	00:29:30.151	0.87145				2
2025.10.24	00:29:30.504	0.87147				2
2025.10.24	00:29:32.563		0.87198			4
2025.10.24	00:29:34.021	0.87145				2
2025.10.24	00:29:34.366	0.87147				2
2025.10.24	00:29:36.844	0.87145				2
2025.10.24	00:29:37.151	0.87146	0.87203			6
2025.10.24	00:29:37.457	0.87147				2
2025.10.24	00:29:38.058	0.87148				2
2025.10.24	00:29:39.867	0.87147				2
2025.10.24	00:29:41.890	0.87148				2
2025.10.24	00:29:45.537	0.87146				2
2025.10.24	00:29:45.942	0.87148				2
2025.10.24	00:29:46.348	0.87147				2
2025.10.24	00:29:52.286	0.87148				2
2025.10.24	00:30:00.304	0.87147				2
2025.10.24	00:30:01.228	0.87146				2
2025.10.24	00:30:03.933	0.87148				2
2025.10.24	00:30:13.231		0.87198			4
2025.10.24	00:30:17.314	0.87150	0.87199			6
2025.10.24	00:30:18.268	0.87148	0.87201			6
2025.10.24	00:30:24.357	0.87149				2
2025.10.24	00:30:25.853	0.87150				2
2025.10.24	00:30:28.852	0.87149				2
2025.10.24	00:30:34.363	0.87147				2
2025.10.24	00:30:49.752	0.87148				2
2025.10.24	00:31:00.001	0.87147				2
2025.10.24	00:31:00.951	0.87148				2
2025.10.24	00:31:02.741	0.87149				2
2025.10.24	00:31:14.755		0.87205			4
2025.10.24	00:31:17.387	0.87151				2
2025.10.24	00:31:17.892	0.87149	0.87203			6
2025.10.24	00:31:19.251		0.87204			4
2025.10.24	00:31:19.803	0.87150	0.87203			6
2025.10.24	00:31:22.711		0.87204			4
2025.10.24	00:31:23.512		0.87203			4
2025.10.24	00:31:29.758	0.87148	0.87204			6
2025.10.24	00:31:31.784	0.87149				2
2025.10.24	00:31:34.536		0.87203			4
2025.10.24	00:31:36.352		0.87204			4
2025.10.24	00:31:39.102	0.87148	0.87205			6
2025.10.24	00:31:39.552	0.87150	0.87203			6
2025.10.24	00:31:40.694		0.87204			4
2025.10.24	00:31:42.051	0.87149	0.87205			6
2025.10.24	00:31:44.752		0.87204			4
2025.10.24	00:31:45.812	0.87148				2
2025.10.24	00:31:46.122		0.87203			4
2025.10.24	00:31:48.266	0.87149				2
2025.10.24	00:31:49.031	0.87148	0.87204			6
2025.10.24	00:31:49.504	0.87149	0.87203			6
2025.10.24	00:31:51.751	0.87148	0.87204			6
2025.10.24	00:32:00.757	0.87148				2
2025.10.24	00:32:01.606	0.87152	0.87206			6
2025.10.24	00:32:02.339	0.87150	0.87207			6
2025.10.24	00:32:03.341	0.87152				2
2025.10.24	00:32:08.922		0.87212			4
2025.10.24	00:32:09.574	0.87153				2
2025.10.24	00:32:13.733		0.87210			4
2025.10.24	00:32:15.073	0.87154				2
2025.10.24	00:32:23.945		0.87215			4
2025.10.24	00:32:26.318	0.87157	0.87217			6
2025.10.24	00:32:26.897	0.87152				2
2025.10.24	00:32:27.325		0.87216			4
2025.10.24	00:32:28.737	0.87151	0.87211			6
2025.10.24	00:32:34.169	0.87150				2
2025.10.24	00:32:38.757		0.87216			4
2025.10.24	00:32:43.732		0.87210			4
2025.10.24	00:32:53.972		0.87214			4
2025.10.24	00:32:58.733		0.87209			4
2025.10.24	00:33:03.935	0.87150				2
2025.10.24	00:33:08.791		0.87214			4
2025.10.24	00:33:09.104		0.87210			4
2025.10.24	00:33:53.969	0.87149				2
2025.10.24	00:33:57.621		0.87215			4
2025.10.24	00:33:58.732		0.87208			4
2025.10.24	00:34:01.222	0.87149				2
2025.10.24	00:34:08.840		0.87213			4
2025.10.24	00:34:09.761		0.87210			4
2025.10.24	00:34:11.067	0.87150				2
2025.10.24	00:34:24.925		0.87215			4
2025.10.24	00:34:28.731		0.87210			4
2025.10.24	00:34:37.282		0.87209			4
2025.10.24	00:34:38.870		0.87214			4
2025.10.24	00:34:42.324	0.87153				2
2025.10.24	00:34:43.733		0.87209			4
2025.10.24	00:34:54.086		0.87214			4
2025.10.24	00:34:57.619		0.87211			4
2025.10.24	00:34:58.734		0.87209			4
2025.10.24	00:35:00.566	0.87153				2
2025.10.24	00:35:03.377		0.87208			4
2025.10.24	00:35:11.640		0.87207			4
2025.10.24	00:35:12.052	0.87154				2
2025.10.24	00:35:20.520		0.87209			4
2025.10.24	00:35:21.854	0.87155				2
2025.10.24	00:35:23.966		0.87211			4
2025.10.24	00:35:24.953	0.87156				2
2025.10.24	00:35:27.651	0.87155				2
2025.10.24	00:35:32.196	0.87156				2
2025.10.24	00:35:38.819	0.87158	0.87210			6
2025.10.24	00:35:39.172	0.87156				2
2025.10.24	00:35:39.749		0.87213			4
2025.10.24	00:35:41.751	0.87157				2
2025.10.24	00:35:53.667	0.87159				2
2025.10.24	00:35:54.353	0.87160				2
2025.10.24	00:35:58.327	0.87154	0.87214			6
2025.10.24	00:35:58.637	0.87157				2
2025.10.24	00:36:00.355	0.87157				2
2025.10.24	00:36:03.359	0.87159				2
2025.10.24	00:36:03.934	0.87158				2
2025.10.24	00:36:07.799	0.87156				2
2025.10.24	00:36:36.679	0.87155				2
2025.10.24	00:36:38.822	0.87156				2
2025.10.24	00:36:44.604	0.87155				2
2025.10.24	00:36:46.676	0.87156				2
2025.10.24	00:36:47.600	0.87157				2
2025.10.24	00:36:48.013	0.87156				2
2025.10.24	00:36:48.342	0.87157				2
2025.10.24	00:36:48.682	0.87155				2
2025.10.24	00:36:49.091	0.87156				2
2025.10.24	00:36:49.755	0.87155				2
2025.10.24	00:36:51.352	0.87156				2
2025.10.24	00:36:53.360	0.87157				2
2025.10.24	00:36:53.709	0.87156				2
2025.10.24	00:36:56.788	0.87157				2
2025.10.24	00:36:58.490	0.87158	0.87214			6
2025.10.24	00:36:59.799	0.87156				2
2025.10.24	00:37:00.893	0.87157				2
2025.10.24	00:37:01.233	0.87158				2
2025.10.24	00:37:01.546	0.87156	0.87215			6
2025.10.24	00:37:04.346	0.87157				2
2025.10.24	00:37:07.800	0.87156				2
2025.10.24	00:37:08.519	0.87157	0.87214			6
2025.10.24	00:37:09.803		0.87215			4
2025.10.24	00:37:18.577	0.87158	0.87214			6
2025.10.24	00:37:19.751		0.87213			4
2025.10.24	00:37:24.352	0.87157	0.87214			6
2025.10.24	00:37:27.351	0.87158	0.87213			6
2025.10.24	00:37:27.819	0.87159	0.87214			6
2025.10.24	00:37:28.641		0.87215			4
2025.10.24	00:37:29.804	0.87160	0.87214			6
2025.10.24	00:37:30.351	0.87159	0.87215			6
2025.10.24	00:37:36.876	0.87158				2
2025.10.24	00:37:39.653	0.87159	0.87214			6
2025.10.24	00:37:41.851		0.87213			4
2025.10.24	00:37:44.751		0.87214			4
2025.10.24	00:37:47.015	0.87158	0.87215			6
2025.10.24	00:37:52.184		0.87214			4
2025.10.24	00:37:54.053		0.87215			4
2025.10.24	00:37:56.151		0.87214			4
2025.10.24	00:37:58.252		0.87215			4
2025.10.24	00:37:58.587		0.87214			4
2025.10.24	00:37:59.466		0.87215			4
2025.10.24	00:38:00.352	0.87158	0.87213			6
2025.10.24	00:38:01.464	0.87159				2
2025.10.24	00:38:05.391	0.87158	0.87214			6
2025.10.24	00:38:07.704	0.87159	0.87213			6
2025.10.24	00:38:09.951	0.87158	0.87214			6
2025.10.24	00:38:12.952	0.87159	0.87213			6
2025.10.24	00:38:28.335	0.87161	0.87210			6
2025.10.24	00:38:28.912	0.87162	0.87209			6
2025.10.24	00:38:45.955		0.87208			4
2025.10.24	00:38:51.691	0.87163				2
2025.10.24	00:38:53.751	0.87162	0.87209			6
2025.10.24	00:38:58.251	0.87163	0.87208			6
2025.10.24	00:39:00.109	0.87162	0.87209			6
2025.10.24	00:39:03.652	0.87163	0.87208			6
2025.10.24	00:39:09.612	0.87162	0.87209			6
2025.10.24	00:39:22.799	0.87163	0.87208			6
2025.10.24	00:39:24.029	0.87164	0.87207			6
2025.10.24	00:39:27.656	0.87163	0.87208			6
2025.10.24	00:39:30.221	0.87154	0.87206			6
2025.10.24	00:39:31.336	0.87163	0.87215			6
2025.10.24	00:39:32.395		0.87214			4
2025.10.24	00:39:34.852		0.87215			4
2025.10.24	00:39:44.154		0.87214			4
2025.10.24	00:39:50.453		0.87215			4
2025.10.24	00:39:53.451		0.87214			4
2025.10.24	00:40:01.993	0.87163	0.87215			6
2025.10.24	00:40:03.333	0.87165	0.87213			6
2025.10.24	00:40:04.770	0.87163	0.87214			6
2025.10.24	00:40:08.384	0.87164	0.87215			6
2025.10.24	00:40:15.572	0.87168	0.87213			6
2025.10.24	00:40:16.167	0.87167	0.87215			6
2025.10.24	00:40:16.475	0.87164	0.87218			6
2025.10.24	00:40:16.800	0.87163	0.87219			6
2025.10.24	00:40:19.318		0.87215			4
2025.10.24	00:40:21.353	0.87164				2
2025.10.24	00:40:39.661	0.87165				2
2025.10.24	00:40:42.753	0.87164				2
2025.10.24	00:41:00.352	0.87164				2
2025.10.24	00:41:16.398	0.87165				2
2025.10.24	00:41:21.409		0.87215			4
2025.10.24	00:41:23.770	0.87164				2
2025.10.24	00:41:25.259	0.87165				2
2025.10.24	00:41:27.479	0.87164				2
2025.10.24	00:41:30.054	0.87165				2
2025.10.24	00:41:49.271	0.87164				2
2025.10.24	00:41:51.653	0.87165				2
2025.10.24	00:42:00.053	0.87165				2
2025.10.24	00:42:08.453	0.87166				2
2025.10.24	00:42:09.616	0.87165				2
2025.10.24	00:42:22.806	0.87167	0.87215			6
2025.10.24	00:42:23.353	0.87170	0.87211			6
2025.10.24	00:42:23.790	0.87169	0.87212			6
2025.10.24	00:42:24.100	0.87165	0.87217			6
2025.10.24	00:42:26.374		0.87216			4
2025.10.24	00:42:36.268	0.87164				2
2025.10.24	00:42:39.052	0.87165				2
2025.10.24	00:42:45.111		0.87213			4
2025.10.24	00:42:45.909	0.87166				2
2025.10.24	00:42:47.232	0.87165	0.87212			6
2025.10.24	00:42:47.961	0.87166				2
2025.10.24	00:42:50.355		0.87213			4
2025.10.24	00:42:53.453	0.87167				2
2025.10.24	00:42:54.184	0.87166	0.87212			6
2025.10.24	00:42:54.488		0.87213			4
2025.10.24	00:42:55.763		0.87212			4
2025.10.24	00:42:56.100		0.87213			4
2025.10.24	00:42:57.270		0.87211			4
2025.10.24	00:42:58.387	0.87167				2
2025.10.24	00:43:00.756	0.87167				2
2025.10.24	00:43:21.010		0.87213			4
2025.10.24	00:43:22.800		0.87212			4
2025.10.24	00:43:24.310	0.87166				2
2025.10.24	00:43:24.988	0.87167				2
2025.10.24	00:43:37.801	0.87168	0.87211			6
2025.10.24	00:43:39.952	0.87167				2
2025.10.24	00:43:41.557	0.87168				2
2025.10.24	00:44:02.350	0.87168				2
2025.10.24	00:44:04.851	0.87167				2
2025.10.24	00:44:11.406	0.87168				2
2025.10.24	00:44:13.610		0.87212			4
2025.10.24	00:44:31.095	0.87167	0.87208			6
2025.10.24	00:44:35.752	0.87168				2
2025.10.24	00:44:39.353	0.87167				2
2025.10.24	00:44:42.354	0.87168				2
2025.10.24	00:44:45.366	0.87166	0.87209			6
2025.10.24	00:44:47.197	0.87167	0.87208			6
2025.10.24	00:44:50.308	0.87166				2
2025.10.24	00:44:51.557		0.87209			4
2025.10.24	00:44:52.272	0.87165	0.87210			6
2025.10.24	00:44:53.162	0.87166	0.87209			6
2025.10.24	00:44:56.452	0.87167	0.87208			6
2025.10.24	00:45:00.054	0.87167				2
2025.10.24	00:45:00.699	0.87166				2
2025.10.24	00:45:03.171	0.87159	0.87216			6
2025.10.24	00:45:06.690	0.87166	0.87208			6
2025.10.24	00:45:11.073	0.87178	0.87196			6
2025.10.24	00:45:13.876	0.87175	0.87191			6
2025.10.24	00:45:14.328	0.87177	0.87194			6
2025.10.24	00:45:14.911		0.87196			4
2025.10.24	00:45:15.240	0.87178	0.87197			6
2025.10.24	00:45:15.552	0.87172	0.87195			6
2025.10.24	00:45:15.858	0.87171				2
2025.10.24	00:45:17.926	0.87170	0.87196			6
2025.10.24	00:45:19.802	0.87179				2
2025.10.24	00:45:21.740	0.87178				2
2025.10.24	00:45:25.004	0.87179				2
2025.10.24	00:45:26.347	0.87174				2
2025.10.24	00:45:27.352		0.87195			4
2025.10.24	00:45:30.353		0.87196			4
2025.10.24	00:45:31.899	0.87176	0.87194			6
2025.10.24	00:45:35.157	0.87177				2
2025.10.24	00:45:35.812	0.87176				2
2025.10.24	00:45:41.558	0.87175	0.87195			6
2025.10.24	00:46:00.441	0.87175				2
2025.10.24	00:46:04.255	0.87174	0.87196			6
2025.10.24	00:46:05.850	0.87179				2
2025.10.24	00:46:17.291		0.87195			4
2025.10.24	00:46:33.953		0.87196			4
2025.10.24	00:46:37.803	0.87178	0.87197			6
2025.10.24	00:46:47.953	0.87179	0.87196			6
2025.10.24	00:47:00.352	0.87179				2
2025.10.24	00:47:03.134	0.87170	0.87203			6
2025.10.24	00:47:06.650	0.87179	0.87196			6
2025.10.24	00:47:09.619	0.87178	0.87197			6
2025.10.24	00:47:10.092	0.87179	0.87196			6
2025.10.24	00:47:18.354	0.87181	0.87200			6
2025.10.24	00:47:21.995	0.87183	0.87199			6
2025.10.24	00:47:22.355	0.87182				2
2025.10.24	00:47:22.706	0.87180	0.87201			6
2025.10.24	00:47:26.375	0.87183	0.87202			6
2025.10.24	00:47:26.940		0.87200			4
2025.10.24	00:47:27.264	0.87179	0.87201			6
2025.10.24	00:47:36.384	0.87178				2
2025.10.24	00:47:39.281	0.87179				2
2025.10.24	00:47:41.407	0.87178				2
2025.10.24	00:47:47.635	0.87179				2
2025.10.24	00:47:48.011	0.87178				2
2025.10.24	00:48:00.052	0.87178				2
2025.10.24	00:48:12.351	0.87177				2
2025.10.24	00:48:26.557	0.87178				2
2025.10.24	00:48:30.362		0.87201			4
2025.10.24	00:48:36.746	0.87177				2
2025.10.24	00:48:38.782	0.87178	0.87199			6
2025.10.24	00:48:48.798	0.87177				2
2025.10.24	00:48:50.491	0.87179				2
2025.10.24	00:48:51.064	0.87178				2
2025.10.24	00:48:52.181	0.87177				2
2025.10.24	00:48:56.177	0.87174	0.87193			6
2025.10.24	00:48:56.558	0.87173				2
2025.10.24	00:48:57.642	0.87174				2
2025.10.24	00:49:01.370	0.87174	0.87194			6
2025.10.24	00:49:03.353	0.87175	0.87193			6
2025.10.24	00:49:05.969	0.87173	0.87195			6
2025.10.24	00:49:06.614	0.87174	0.87194			6
2025.10.24	00:49:32.284	0.87175	0.87193			6
2025.10.24	00:49:32.925	0.87174	0.87194			6
2025.10.24	00:49:33.235	0.87175	0.87193			6
2025.10.24	00:49:35.071	0.87174	0.87194			6
2025.10.24	00:49:36.269	0.87175	0.87193			6
2025.10.24	00:49:51.409	0.87174	0.87194			6
2025.10.24	00:49:52.063	0.87176	0.87192			6
2025.10.24	00:49:52.974	0.87174	0.87194			6
2025.10.24	00:49:56.931	0.87176	0.87192			6
2025.10.24	00:49:57.560	0.87174	0.87194			6
2025.10.24	00:50:01.254	0.87174				2
2025.10.24	00:50:03.099	0.87175	0.87193			6
2025.10.24	00:50:03.690	0.87173				2
2025.10.24	00:50:07.910		0.87192			4
2025.10.24	00:50:08.286		0.87193			4
2025.10.24	00:50:15.199	0.87174	0.87192			6
2025.10.24	00:50:18.267	0.87173	0.87193			6
2025.10.24	00:50:21.365	0.87172	0.87194			6
2025.10.24	00:50:24.353	0.87173	0.87193			6
2025.10.24	00:50:24.662	0.87172	0.87194			6
2025.10.24	00:50:32.972		0.87193			4
2025.10.24	00:50:35.152	0.87173				2
2025.10.24	00:50:36.020		0.87192			4
2025.10.24	00:50:38.508	0.87174				2
2025.10.24	00:50:39.322	0.87170	0.87196			6
2025.10.24	00:50:39.741		0.87198			4
2025.10.24	00:50:40.058		0.87196			4
2025.10.24	00:50:40.369	0.87174	0.87192			6
2025.10.24	00:50:40.710		0.87193			4
2025.10.24	00:50:41.178	0.87171	0.87194			6
2025.10.24	00:50:41.605	0.87172	0.87193			6
2025.10.24	00:50:48.473	0.87175	0.87191			6
2025.10.24	00:50:48.802	0.87174	0.87192			6
2025.10.24	00:50:49.562	0.87175				2
2025.10.24	00:50:55.519	0.87174	0.87193			6
2025.10.24	00:50:55.826	0.87175	0.87191			6
2025.10.24	00:50:56.191	0.87173	0.87192			6
2025.10.24	00:50:57.242	0.87174	0.87191			6
2025.10.24	00:50:58.346	0.87175				2
2025.10.24	00:50:58.759	0.87173	0.87193			6
2025.10.24	00:51:00.350	0.87175	0.87191			6
2025.10.24	00:51:02.993	0.87173	0.87193			6
2025.10.24	00:51:04.497	0.87175	0.87191			6
2025.10.24	00:51:04.801	0.87174	0.87192			6
2025.10.24	00:51:06.041	0.87173	0.87193			6
2025.10.24	00:51:06.861		0.87192			4
2025.10.24	00:51:08.386	0.87174	0.87191			6
2025.10.24	00:51:08.688	0.87173	0.87192			6
2025.10.24	00:51:08.988	0.87172	0.87193			6
2025.10.24	00:51:09.293	0.87173	0.87192			6
2025.10.24	00:51:14.419	0.87172	0.87193			6
2025.10.24	00:51:17.804	0.87170	0.87195			6
2025.10.24	00:51:18.522	0.87172	0.87193			6
2025.10.24	00:51:18.840	0.87173	0.87192			6
2025.10.24	00:51:21.931	0.87174	0.87191			6
2025.10.24	00:51:25.800	0.87173	0.87192			6
2025.10.24	00:51:29.074	0.87172	0.87193			6
2025.10.24	00:51:29.426	0.87174	0.87191			6
2025.10.24	00:51:31.284	0.87173	0.87192			6
2025.10.24	00:51:39.685	0.87172	0.87190			6
2025.10.24	00:51:40.040	0.87171	0.87192			6
2025.10.24	00:51:40.397	0.87172	0.87191			6
2025.10.24	00:51:40.710	0.87173	0.87190			6
2025.10.24	00:51:41.989	0.87172				2
2025.10.24	00:51:48.225	0.87171	0.87191			6
2025.10.24	00:51:59.761	0.87173	0.87190			6
2025.10.24	00:52:00.759	0.87173				2
2025.10.24	00:52:03.446	0.87171	0.87191			6
2025.10.24	00:52:04.220	0.87172	0.87190			6
2025.10.24	00:52:06.659	0.87171	0.87192			6
2025.10.24	00:52:09.803	0.87174	0.87197			6
2025.10.24	00:52:13.552	0.87175	0.87196			6
2025.10.24	00:52:16.282	0.87174	0.87198			6
2025.10.24	00:52:16.604		0.87197			4
2025.10.24	00:52:19.157	0.87173	0.87198			6
2025.10.24	00:52:19.604		0.87192			4
2025.10.24	00:52:20.287	0.87174	0.87191			6
2025.10.24	00:52:21.635	0.87173				2
2025.10.24	00:52:29.003	0.87172	0.87193			6
2025.10.24	00:52:29.334	0.87173				2
2025.10.24	00:52:29.672	0.87172	0.87191			6
2025.10.24	00:52:36.860		0.87190			4
2025.10.24	00:52:39.798		0.87193			4
2025.10.24	00:52:41.658	0.87173	0.87191			6
2025.10.24	00:52:48.505	0.87174	0.87197			6
2025.10.24	00:52:49.251	0.87175				2
2025.10.24	00:52:50.072		0.87199			4
2025.10.24	00:52:52.752		0.87198			4
2025.10.24	00:52:53.615	0.87176				2
2025.10.24	00:52:55.251	0.87175				2
2025.10.24	00:52:57.729		0.87200			4
2025.10.24	00:53:03.100	0.87175	0.87199			6
2025.10.24	00:53:03.926	0.87176				2
2025.10.24	00:53:04.615	0.87175				2
2025.10.24	00:53:06.774	0.87174				2
2025.10.24	00:53:07.804		0.87200			4
2025.10.24	00:53:09.900	0.87175				2
2025.10.24	00:53:12.665	0.87174				2
2025.10.24	00:53:12.992	0.87176				2
2025.10.24	00:53:15.021	0.87177				2
2025.10.24	00:53:22.803	0.87175				2
2025.10.24	00:53:24.885	0.87174				2
2025.10.24	00:53:30.331	0.87175	0.87198			6
2025.10.24	00:53:33.652	0.87174				2
2025.10.24	00:53:38.110	0.87172	0.87199			6
2025.10.24	00:54:00.231	0.87172				2
2025.10.24	00:54:03.997		0.87197			4
2025.10.24	00:54:09.683		0.87199			4
2025.10.24	00:54:44.127		0.87196			4
2025.10.24	00:54:48.386		0.87198			4
2025.10.24	00:54:54.330		0.87200			4
2025.10.24	00:54:54.743		0.87198			4
2025.10.24	00:54:55.294	0.87170				2
2025.10.24	00:54:58.383	0.87174	0.87200			6
2025.10.24	00:54:58.707	0.87175				2
2025.10.24	00:55:00.354	0.87175				2
2025.10.24	00:55:02.456	0.87176				2
2025.10.24	00:55:18.659	0.87175				2
2025.10.24	00:55:23.008	0.87176				2
2025.10.24	00:55:28.385		0.87202			4
2025.10.24	00:55:38.153		0.87201			4
2025.10.24	00:55:39.753		0.87197			4
2025.10.24	00:55:49.716		0.87200			4
2025.10.24	00:55:50.763		0.87204			4
2025.10.24	00:55:56.142	0.87177				2
2025.10.24	00:55:59.767		0.87201			4
2025.10.24	00:56:01.416	0.87177				2
2025.10.24	00:56:12.350		0.87202			4
2025.10.24	00:56:20.313	0.87172				2
2025.10.24	00:56:20.620	0.87170				2
2025.10.24	00:56:21.368		0.87207			4
2025.10.24	00:56:28.619		0.87202			4
2025.10.24	00:56:29.402		0.87200			4
2025.10.24	00:56:29.716	0.87169				2
2025.10.24	00:56:37.680	0.87168				2
2025.10.24	00:56:51.092		0.87198			4
2025.10.24	00:57:05.141	0.87168				2
2025.10.24	00:57:07.552	0.87169				2
2025.10.24	00:57:10.869	0.87167				2
2025.10.24	00:57:36.993	0.87168	0.87199			6
2025.10.24	00:57:40.638		0.87198			4
2025.10.24	00:57:41.123	0.87169				2
2025.10.24	00:57:41.463	0.87171				2
2025.10.24	00:57:41.930	0.87172				2
2025.10.24	00:57:47.622	0.87171				2
2025.10.24	00:57:52.166	0.87170	0.87196			6
2025.10.24	00:57:55.900	0.87171				2
2025.10.24	00:57:56.301		0.87201			4
2025.10.24	00:57:56.942		0.87200			4
2025.10.24	00:58:00.432	0.87171				2
2025.10.24	00:58:08.030		0.87197			4
2025.10.24	00:58:09.769		0.87198			4
2025.10.24	00:58:10.143	0.87172				2
2025.10.24	00:58:11.935		0.87200			4
2025.10.24	00:58:14.184	0.87171				2
2025.10.24	00:58:22.195		0.87201			4
2025.10.24	00:58:22.504		0.87200			4
2025.10.24	00:58:22.932	0.87170				2
2025.10.24	00:58:23.841	0.87171	0.87201			6
2025.10.24	00:58:24.145		0.87200			4
2025.10.24	00:58:24.969		0.87198			4
2025.10.24	00:58:27.528	0.87168	0.87190			6
2025.10.24	00:58:27.838	0.87159	0.87189			6
2025.10.24	00:58:29.082	0.87161	0.87190			6
2025.10.24	00:58:29.692	0.87159	0.87189			6
2025.10.24	00:58:30.059	0.87158				2
2025.10.24	00:58:30.916		0.87190			4
2025.10.24	00:58:31.238	0.87161				2
2025.10.24	00:58:32.654	0.87159				2
2025.10.24	00:58:33.445	0.87161				2
2025.10.24	00:58:33.812		0.87189			4
2025.10.24	00:58:34.261	0.87159	0.87190			6
2025.10.24	00:58:36.996	0.87161	0.87188			6
2025.10.24	00:58:37.706		0.87189			4
2025.10.24	00:58:38.855	0.87159				2
2025.10.24	00:58:39.179	0.87161				2
2025.10.24	00:58:39.760		0.87188			4
2025.10.24	00:58:40.104		0.87189			4
2025.10.24	00:58:41.810	0.87162				2
2025.10.24	00:58:45.269	0.87164	0.87187			6
2025.10.24	00:58:45.612	0.87162	0.87189			6
2025.10.24	00:58:47.988	0.87167	0.87188			6
2025.10.24	00:58:53.499	0.87166	0.87189			6
2025.10.24	00:58:55.744	0.87165	0.87191			6
2025.10.24	00:58:56.142	0.87167	0.87188			6
2025.10.24	00:58:56.772	0.87163	0.87189			6
2025.10.24	00:58:58.899	0.87165	0.87187			6
2025.10.24	00:58:59.835	0.87163	0.87189			6
2025.10.24	00:59:00.410	0.87163				2
2025.10.24	00:59:01.215	0.87165	0.87187			6
2025.10.24	00:59:02.061	0.87164	0.87189			6
2025.10.24	00:59:08.461	0.87163				2
2025.10.24	00:59:23.413	0.87162				2
2025.10.24	00:59:35.223	0.87161	0.87190			6
2025.10.24	00:59:36.219	0.87162	0.87189			6
2025.10.24	00:59:43.704	0.87163	0.87188			6
2025.10.24	00:59:44.930	0.87162	0.87189			6
2025.10.24	00:59:46.494	0.87164	0.87188			6
2025.10.24	00:59:48.800	0.87162	0.87189			6
2025.10.24	00:59:49.575	0.87164				2
2025.10.24	00:59:50.707	0.87167				2
2025.10.24	00:59:51.022	0.87168	0.87194			6
2025.10.24	00:59:51.476	0.87167	0.87196			6
2025.10.24	00:59:51.799	0.87169	0.87194			6
2025.10.24	00:59:53.078		0.87193			4
2025.10.24	00:59:53.895	0.87167	0.87195			6
2025.10.24	00:59:56.959	0.87169	0.87194			6
2025.10.24	00:59:57.602	0.87167	0.87196			6
2025.10.24	00:59:59.046	0.87169	0.87194			6
2025.10.24	01:00:00.223	0.87166	0.87189			6
2025.10.24	01:00:00.530	0.87167	0.87191			6
2025.10.24	01:00:00.846	0.87164	0.87193			6
2025.10.24	01:00:01.163	0.87161				2
2025.10.24	01:00:01.485	0.87164	0.87194			6
2025.10.24	01:00:01.968	0.87166	0.87192			6
2025.10.24	01:00:02.281	0.87161	0.87194			6
2025.10.24	01:00:02.588	0.87167				2
2025.10.24	01:00:02.897	0.87168				2
2025.10.24	01:00:03.476	0.87167	0.87199			6
2025.10.24	01:00:03.816	0.87166	0.87197			6
2025.10.24	01:00:04.119		0.87198			4
2025.10.24	01:00:04.421	0.87165	0.87196			6
2025.10.24	01:00:04.771	0.87167	0.87197			6
2025.10.24	01:00:05.073	0.87166	0.87196			6
2025.10.24	01:00:05.376	0.87165	0.87197			6
2025.10.24	01:00:05.726	0.87168	0.87198			6
2025.10.24	01:00:06.074	0.87167	0.87199			6
2025.10.24	01:00:06.377	0.87168	0.87200			6
2025.10.24	01:00:06.729	0.87169	0.87199			6
2025.10.24	01:00:07.077	0.87155	0.87197			6
2025.10.24	01:00:07.401	0.87152				2
2025.10.24	01:00:07.796	0.87153	0.87190			6
2025.10.24	01:00:08.160	0.87169	0.87197			6
2025.10.24	01:00:08.478	0.87154				2
2025.10.24	01:00:09.857		0.87196			4
2025.10.24	01:00:12.066		0.87197			4
2025.10.24	01:00:12.395		0.87196			4
2025.10.24	01:00:13.067		0.87195			4
2025.10.24	01:00:15.136		0.87196			4
2025.10.24	01:00:19.321		0.87194			4
2025.10.24	01:00:19.627		0.87195			4
2025.10.24	01:00:20.966	0.87156				2
2025.10.24	01:00:21.268	0.87154	0.87196			6
2025.10.24	01:00:21.995	0.87156	0.87193			6
2025.10.24	01:00:23.330	0.87160				2
2025.10.24	01:00:23.666	0.87156	0.87192			6
2025.10.24	01:00:24.037	0.87160				2
2025.10.24	01:00:24.515	0.87157				2
2025.10.24	01:00:24.889	0.87159				2
2025.10.24	01:00:25.688	0.87158	0.87193			6
2025.10.24	01:00:26.392	0.87181	0.87197			6
2025.10.24	01:00:27.855	0.87179				2
2025.10.24	01:00:28.611	0.87178				2
2025.10.24	01:00:28.926		0.87198			4
2025.10.24	01:00:30.133	0.87179	0.87197			6
2025.10.24	01:00:30.759	0.87180				2
2025.10.24	01:00:34.927	0.87178				2
2025.10.24	01:00:35.239		0.87196			4
2025.10.24	01:00:36.067		0.87195			4
2025.10.24	01:00:36.952	0.87173	0.87194			6
2025.10.24	01:00:37.267	0.87172				2
2025.10.24	01:00:37.582	0.87173				2
2025.10.24	01:00:38.519	0.87177				2
2025.10.24	01:00:39.930	0.87175				2
2025.10.24	01:00:40.621	0.87176				2
2025.10.24	01:00:40.939		0.87192			4
2025.10.24	01:00:41.496	0.87177				2
2025.10.24	01:00:42.465	0.87178				2
2025.10.24	01:00:43.200	0.87180	0.87194			6
2025.10.24	01:00:45.203	0.87177				2
2025.10.24	01:00:46.245		0.87195			4
2025.10.24	01:00:47.499	0.87180	0.87197			6
2025.10.24	01:00:48.463	0.87179	0.87194			6
2025.10.24	01:00:48.891	0.87178				2
2025.10.24	01:00:51.499		0.87195			4
2025.10.24	01:00:53.712	0.87179	0.87196			6
2025.10.24	01:00:54.105		0.87197			4
2025.10.24	01:00:54.625		0.87188			4
2025.10.24	01:00:56.710	0.87180				2
2025.10.24	01:00:57.211	0.87179				2
2025.10.24	01:00:57.519	0.87180				2
2025.10.24	01:01:00.307	0.87180				2
2025.10.24	01:01:00.619	0.87181				2
2025.10.24	01:01:02.172	0.87180				2
2025.10.24	01:01:02.772	0.87182	0.87198			6
2025.10.24	01:01:03.525		0.87199			4
2025.10.24	01:01:04.545	0.87180	0.87198			6
2025.10.24	01:01:09.660		0.87199			4
2025.10.24	01:01:29.813	0.87181				2
2025.10.24	01:01:35.112	0.87182				2
2025.10.24	01:01:36.659	0.87184				2
2025.10.24	01:01:38.604	0.87183				2
2025.10.24	01:01:38.990	0.87186				2
2025.10.24	01:01:39.660	0.87187				2
2025.10.24	01:01:41.984	0.87186				2
2025.10.24	01:01:44.316	0.87183	0.87198			6
2025.10.24	01:01:46.109	0.87184	0.87199			6
2025.10.24	01:01:47.109		0.87187			4
2025.10.24	01:01:48.030	0.87186				2
2025.10.24	01:01:51.793	0.87185	0.87186			6
2025.10.24	01:01:52.971	0.87184				2
2025.10.24	01:01:57.108	0.87185				2
2025.10.24	01:01:58.111	0.87182				2
2025.10.24	01:02:00.500	0.87183				2
2025.10.24	01:02:01.153		0.87185			4
2025.10.24	01:02:02.683		0.87186			4
2025.10.24	01:02:09.246	0.87176	0.87177			6
2025.10.24	01:02:10.185	0.87177	0.87178			6
2025.10.24	01:02:16.954	0.87178	0.87179			6
2025.10.24	01:02:23.352	0.87179	0.87186			6
2025.10.24	01:02:29.448	0.87176	0.87184			6
2025.10.24	01:02:34.991	0.87175				2
2025.10.24	01:02:37.884	0.87174				2
2025.10.24	01:02:42.696	0.87175				2
2025.10.24	01:03:01.712	0.87175				2
2025.10.24	01:03:07.401		0.87183			4
2025.10.24	01:03:26.602	0.87177	0.87184			6
2025.10.24	01:03:27.954	0.87178				2
2025.10.24	01:03:47.192		0.87183			4
2025.10.24	01:04:00.503	0.87177				2
2025.10.24	01:04:15.383	0.87176				2
2025.10.24	01:04:23.960	0.87175				2
2025.10.24	01:04:29.311	0.87174				2
2025.10.24	01:04:37.254	0.87175				2
2025.10.24	01:04:39.353	0.87174				2
2025.10.24	01:04:46.456	0.87171	0.87179			6
2025.10.24	01:04:46.768	0.87170	0.87180			6
2025.10.24	01:04:47.487		0.87179			4
2025.10.24	01:04:50.758		0.87180			4
2025.10.24	01:04:52.261	0.87173	0.87181			6
2025.10.24	01:05:00.105	0.87173	0.87180			6
2025.10.24	01:05:04.027	0.87174	0.87182			6
2025.10.24	01:05:24.161	0.87182	0.87185			6
2025.10.24	01:05:24.479	0.87181				2
2025.10.24	01:05:25.041	0.87180				2
2025.10.24	01:05:27.123		0.87184			4
2025.10.24	01:05:31.740	0.87185	0.87190			6
2025.10.24	01:05:37.288		0.87189			4
2025.10.24	01:05:53.152		0.87188			4
2025.10.24	01:06:00.351	0.87183				2
2025.10.24	01:06:03.480	0.87182				2
2025.10.24	01:06:07.472		0.87187			4
2025.10.24	01:06:15.915		0.87186			4
2025.10.24	01:06:20.207	0.87181	0.87183			6
2025.10.24	01:06:20.512		0.87182			4
2025.10.24	01:07:00.655	0.87181				2
2025.10.24	01:07:03.506	0.87180	0.87181			6
2025.10.24	01:07:15.374	0.87175				2
2025.10.24	01:07:16.125	0.87180				2
2025.10.24	01:07:55.477		0.87183			4
2025.10.24	01:08:00.353	0.87180				2
2025.10.24	01:08:15.887		0.87185			4
2025.10.24	01:08:20.556		0.87182			4
2025.10.24	01:08:32.455		0.87183			4
2025.10.24	01:08:35.751		0.87182			4
2025.10.24	01:09:00.556	0.87180				2
2025.10.24	01:09:01.891		0.87181			4
2025.10.24	01:09:02.902		0.87182			4
2025.10.24	01:09:19.552		0.87183			4
2025.10.24	01:09:23.873		0.87182			4
2025.10.24	01:09:25.036	0.87181	0.87187			6
2025.10.24	01:09:26.132	0.87184	0.87190			6
2025.10.24	01:09:28.091	0.87183				2
2025.10.24	01:09:29.682		0.87189			4
2025.10.24	01:09:42.712	0.87184	0.87190			6
2025.10.24	01:10:00.410	0.87183				2
2025.10.24	01:10:01.253	0.87180	0.87183			6
2025.10.24	01:10:30.560		0.87184			4
2025.10.24	01:10:42.777		0.87183			4
2025.10.24	01:10:45.329		0.87184			4
2025.10.24	01:10:49.515	0.87179				2
2025.10.24	01:11:00.759	0.87179				2
2025.10.24	01:11:06.878		0.87185			4
2025.10.24	01:11:08.152		0.87184			4
2025.10.24	01:11:25.955	0.87181				2
2025.10.24	01:11:29.917	0.87180				2
2025.10.24	01:11:33.584	0.87179				2
2025.10.24	01:11:36.653		0.87183			4
2025.10.24	01:11:37.819		0.87185			4
2025.10.24	01:11:40.254		0.87184			4
2025.10.24	01:11:42.632		0.87183			4
2025.10.24	01:11:42.980	0.87180	0.87187			6
2025.10.24	01:11:43.975		0.87186			4
2025.10.24	01:12:00.069	0.87180				2
2025.10.24	01:12:04.392		0.87187			4
2025.10.24	01:12:15.359	0.87179	0.87185			6
2025.10.24	01:12:16.046		0.87184			4
2025.10.24	01:12:31.069		0.87185			4
2025.10.24	01:12:39.412		0.87186			4
2025.10.24	01:12:44.452		0.87185			4
2025.10.24	01:12:54.652		0.87186			4
2025.10.24	01:13:02.347	0.87179				2
2025.10.24	01:13:05.155		0.87185			4
2025.10.24	01:13:05.759	0.87181				2
2025.10.24	01:13:14.452		0.87186			4
2025.10.24	01:13:27.344		0.87185			4
2025.10.24	01:13:30.242		0.87184			4
2025.10.24	01:13:44.834		0.87188			4
2025.10.24	01:13:59.454		0.87189			4
2025.10.24	01:14:03.047	0.87181				2
2025.10.24	01:14:03.441		0.87190			4
2025.10.24	01:14:06.485		0.87189			4
2025.10.24	01:14:11.911		0.87188			4
2025.10.24	01:14:12.316		0.87189			4
2025.10.24	01:14:18.351	0.87182	0.87190			6
2025.10.24	01:14:27.667		0.87188			4
2025.10.24	01:14:30.422	0.87181				2
2025.10.24	01:15:00.386	0.87181				2
2025.10.24	01:15:12.039	0.87183	0.87186			6
2025.10.24	01:15:12.342		0.87187			4
2025.10.24	01:15:13.202		0.87188			4
2025.10.24	01:15:16.835		0.87187			4
2025.10.24	01:15:18.811		0.87188			4
2025.10.24	01:15:20.849	0.87178	0.87186			6
2025.10.24	01:15:26.752		0.87187			4
2025.10.24	01:15:28.351		0.87186			4
2025.10.24	01:15:28.664		0.87184			4
2025.10.24	01:15:31.409	0.87177				2
2025.10.24	01:15:35.753		0.87185			4
2025.10.24	01:15:45.541	0.87175	0.87183			6
2025.10.24	01:16:01.008	0.87175				2
2025.10.24	01:16:03.833		0.87184			4
2025.10.24	01:16:09.054		0.87183			4
2025.10.24	01:16:11.362	0.87178	0.87185			6
2025.10.24	01:16:11.776		0.87186			4
2025.10.24	01:16:12.952		0.87185			4
2025.10.24	01:16:26.455		0.87186			4
2025.10.24	01:16:30.651	0.87179				2
2025.10.24	01:16:31.781		0.87182			4
2025.10.24	01:16:33.566		0.87181			4
2025.10.24	01:16:36.496	0.87181	0.87183			6
2025.10.24	01:16:38.789	0.87182	0.87184			6
2025.10.24	01:16:48.914	0.87181	0.87185			6
2025.10.24	01:16:58.590		0.87184			4
2025.10.24	01:17:00.424	0.87181				2
2025.10.24	01:17:24.402	0.87182				2
2025.10.24	01:17:29.659	0.87181				2
2025.10.24	01:17:35.303		0.87185			4
2025.10.24	01:17:35.638		0.87184			4
2025.10.24	01:17:47.868		0.87185			4
2025.10.24	01:17:55.896		0.87184			4
2025.10.24	01:18:00.440	0.87181				2
2025.10.24	01:18:07.652		0.87185			4
2025.10.24	01:18:09.422		0.87184			4
2025.10.24	01:18:18.376		0.87185			4
2025.10.24	01:18:21.323	0.87179				2
2025.10.24	01:18:57.700	0.87180				2
2025.10.24	01:19:00.434	0.87180				2
2025.10.24	01:19:13.123		0.87184			4
2025.10.24	01:19:14.434	0.87179				2
2025.10.24	01:19:19.115	0.87180	0.87183			6
2025.10.24	01:20:00.448	0.87180				2
2025.10.24	01:20:06.235	0.87179	0.87182			6
2025.10.24	01:20:06.727	0.87178				2
2025.10.24	01:20:14.588		0.87180			4
2025.10.24	01:20:18.495		0.87182			4
2025.10.24	01:20:18.796	0.87177				2
2025.10.24	01:20:20.760	0.87180	0.87183			6
2025.10.24	01:20:23.653	0.87178	0.87182			6
2025.10.24	01:20:45.395	0.87177				2
2025.10.24	01:21:00.391	0.87177				2
2025.10.24	01:21:01.237	0.87178				2
2025.10.24	01:21:04.474	0.87177				2
2025.10.24	01:21:25.788		0.87182			4
2025.10.24	01:22:00.652	0.87177				2
2025.10.24	01:22:09.823		0.87183			4
2025.10.24	01:22:15.248		0.87184			4
2025.10.24	01:22:19.683	0.87178				2
2025.10.24	01:22:20.150		0.87183			4
2025.10.24	01:22:41.541		0.87182			4
2025.10.24	01:22:42.052	0.87177				2
2025.10.24	01:22:48.652	0.87178				2
2025.10.24	01:22:49.385	0.87177				2
2025.10.24	01:22:51.834	0.87178				2
2025.10.24	01:23:00.982	0.87178				2
2025.10.24	01:23:01.654		0.87180			4
2025.10.24	01:23:08.333		0.87182			4
2025.10.24	01:23:12.787		0.87180			4
2025.10.24	01:23:14.232		0.87182			4
2025.10.24	01:23:14.639		0.87180			4
2025.10.24	01:23:15.416		0.87182			4
2025.10.24	01:23:15.875		0.87180			4
2025.10.24	01:23:16.177		0.87182			4
2025.10.24	01:23:56.939		0.87180			4
2025.10.24	01:23:57.336		0.87182			4
2025.10.24	01:24:00.305	0.87178				2
2025.10.24	01:24:00.626	0.87180	0.87184			6
2025.10.24	01:24:00.939	0.87178				2
2025.10.24	01:24:05.611	0.87180				2
2025.10.24	01:24:05.960	0.87178				2
2025.10.24	01:24:06.309	0.87180				2
2025.10.24	01:24:06.648	0.87178				2
2025.10.24	01:24:06.999	0.87180				2
2025.10.24	01:24:07.318	0.87178				2
2025.10.24	01:24:07.699	0.87180				2
2025.10.24	01:24:08.051	0.87178				2
2025.10.24	01:24:08.402	0.87180				2
2025.10.24	01:24:08.739	0.87178				2
2025.10.24	01:24:09.091	0.87180				2
2025.10.24	01:24:09.431	0.87178				2
2025.10.24	01:24:17.160	0.87177				2
2025.10.24	01:24:23.734		0.87182			4
2025.10.24	01:24:27.481	0.87178				2
2025.10.24	01:24:38.705	0.87180	0.87184			6
2025.10.24	01:24:42.803	0.87179				2
2025.10.24	01:24:43.953	0.87180				2
2025.10.24	01:25:00.308	0.87180				2
2025.10.24	01:25:00.758	0.87179				2
2025.10.24	01:25:05.071		0.87183			4
2025.10.24	01:25:14.181	0.87180				2
2025.10.24	01:25:20.774	0.87178	0.87179			6
2025.10.24	01:25:21.359		0.87181			4
2025.10.24	01:25:26.037		0.87179			4
2025.10.24	01:25:28.427		0.87180			4
2025.10.24	01:25:33.447	0.87177				2
2025.10.24	01:25:43.421	0.87176				2
2025.10.24	01:26:05.075	0.87176				2
2025.10.24	01:26:28.474		0.87180			4
2025.10.24	01:26:43.383	0.87177				2
2025.10.24	01:26:48.118	0.87176				2
2025.10.24	01:27:00.126	0.87176				2
2025.10.24	01:27:02.307	0.87177				2
2025.10.24	01:27:13.371	0.87175	0.87179			6
2025.10.24	01:27:13.680	0.87174				2
2025.10.24	01:27:15.851	0.87173	0.87177			6
2025.10.24	01:27:16.899	0.87174	0.87180			6
2025.10.24	01:27:17.332		0.87177			4
2025.10.24	01:27:31.698		0.87178			4
2025.10.24	01:27:41.946		0.87177			4
2025.10.24	01:27:49.681	0.87175				2
2025.10.24	01:28:00.407	0.87175				2
2025.10.24	01:28:16.380		0.87179			4
2025.10.24	01:28:23.634		0.87177			4
2025.10.24	01:28:34.067		0.87179			4
2025.10.24	01:28:34.497		0.87177			4
2025.10.24	01:28:40.150		0.87179			4
2025.10.24	01:28:40.845	0.87174	0.87177			6
2025.10.24	01:28:41.490		0.87179			4
2025.10.24	01:28:41.797	0.87177				2
2025.10.24	01:28:42.101	0.87175	0.87177			6
2025.10.24	01:28:46.932		0.87181			4
2025.10.24	01:28:47.431		0.87177			4
2025.10.24	01:28:48.449	0.87174				2
2025.10.24	01:28:54.451	0.87176	0.87179			6
2025.10.24	01:29:00.311	0.87176				2
2025.10.24	01:29:02.350	0.87175				2
2025.10.24	01:29:06.562	0.87176				2
2025.10.24	01:29:28.920	0.87175	0.87177			6
2025.10.24	01:29:52.763		0.87179			4
2025.10.24	01:29:53.330		0.87177			4
2025.10.24	01:30:00.164	0.87175				2
2025.10.24	01:30:03.208	0.87178	0.87179			6
2025.10.24	01:30:06.413	0.87177	0.87178			6
2025.10.24	01:30:06.716	0.87174	0.87177			6
2025.10.24	01:30:07.192		0.87179			4
2025.10.24	01:30:09.375	0.87175				2
2025.10.24	01:30:15.366		0.87180			4
2025.10.24	01:30:24.473	0.87176				2
2025.10.24	01:30:26.397	0.87174	0.87179			6
2025.10.24	01:30:27.506	0.87175	0.87180			6
2025.10.24	01:30:27.811		0.87178			4
2025.10.24	01:30:28.120	0.87173	0.87177			6
2025.10.24	01:30:28.443	0.87172	0.87176			6
2025.10.24	01:30:30.382	0.87170	0.87175			6
2025.10.24	01:30:38.670	0.87171				2
2025.10.24	01:30:38.989	0.87172				2
2025.10.24	01:30:50.603	0.87175	0.87179			6
2025.10.24	01:30:53.166	0.87174	0.87177			6
2025.10.24	01:30:55.614	0.87175	0.87179			6
2025.10.24	01:30:57.219		0.87177			4
2025.10.24	01:30:58.127	0.87174				2
2025.10.24	01:30:58.615		0.87179			4
2025.10.24	01:30:59.050		0.87177			4
2025.10.24	01:30:59.685	0.87176	0.87179			6
2025.10.24	01:30:59.996	0.87175	0.87177			6
2025.10.24	01:31:00.298	0.87175				2
2025.10.24	01:31:00.807		0.87179			4
2025.10.24	01:31:01.890		0.87177			4
2025.10.24	01:31:02.272		0.87179			4
2025.10.24	01:31:03.332		0.87177			4
2025.10.24	01:31:05.061		0.87179			4
2025.10.24	01:31:05.461		0.87177			4
2025.10.24	01:31:05.772	0.87176	0.87180			6
2025.10.24	01:31:18.722	0.87177				2
2025.10.24	01:31:27.686	0.87176				2
2025.10.24	01:31:28.777	0.87177				2
2025.10.24	01:31:48.416	0.87176				2
2025.10.24	01:31:53.752	0.87177				2
2025.10.24	01:31:55.156	0.87176				2
2025.10.24	01:32:00.460	0.87176				2
2025.10.24	01:32:06.353		0.87180			4
2025.10.24	01:32:10.680	0.87177				2
2025.10.24	01:32:20.419	0.87176				2
2025.10.24	01:32:28.034	0.87177				2
2025.10.24	01:32:29.999		0.87179			4
2025.10.24	01:32:30.474	0.87176				2
2025.10.24	01:32:45.654	0.87175				2
2025.10.24	01:32:48.464	0.87176				2
2025.10.24	01:33:00.474	0.87176				2
2025.10.24	01:33:29.044	0.87177				2
2025.10.24	01:33:30.479		0.87179			4
2025.10.24	01:33:31.979	0.87176				2
2025.10.24	01:33:46.179	0.87177				2
2025.10.24	01:34:00.492	0.87177	0.87178			6
2025.10.24	01:34:03.127		0.87179			4
2025.10.24	01:34:03.651	0.87176				2
2025.10.24	01:34:22.125	0.87177				2
2025.10.24	01:34:24.116		0.87178			4
2025.10.24	01:34:29.752	0.87176				2
2025.10.24	01:35:03.129	0.87176				2
2025.10.24	01:35:25.136		0.87178			4
2025.10.24	01:35:44.533	0.87177				2
2025.10.24	01:35:46.781	0.87176				2
2025.10.24	01:35:53.878	0.87177				2
2025.10.24	01:36:04.880	0.87177				2
2025.10.24	01:36:08.864	0.87175				2
2025.10.24	01:36:41.407		0.87178			4
2025.10.24	01:36:46.604	0.87174				2
2025.10.24	01:37:00.052	0.87174				2
2025.10.24	01:37:04.313		0.87179			4
2025.10.24	01:37:48.679	0.87175				2
2025.10.24	01:37:50.568	0.87177				2
2025.10.24	01:37:50.871	0.87176				2
2025.10.24	01:37:51.623	0.87177	0.87180			6
2025.10.24	01:37:51.926	0.87179				2
2025.10.24	01:37:53.026	0.87180	0.87181			6
2025.10.24	01:37:53.725	0.87176	0.87179			6
2025.10.24	01:37:54.038	0.87178	0.87180			6
2025.10.24	01:38:00.768	0.87177				2
2025.10.24	01:38:03.732	0.87178	0.87179			6
2025.10.24	01:38:07.798		0.87180			4
2025.10.24	01:38:23.316	0.87179				2
2025.10.24	01:38:27.470	0.87178	0.87179			6
2025.10.24	01:39:01.371	0.87178				2
2025.10.24	01:39:32.152		0.87179			4
2025.10.24	01:40:00.807	0.87178				2
2025.10.24	01:40:34.210		0.87179			4
2025.10.24	01:40:36.605	0.87177				2
2025.10.24	01:40:43.068		0.87180			4
2025.10.24	01:41:01.736	0.87177				2
2025.10.24	01:41:43.098		0.87180			4
2025.10.24	01:41:48.516		0.87179			4
2025.10.24	01:41:48.837	0.87178	0.87180			6
2025.10.24	01:41:49.169	0.87177				2
2025.10.24	01:41:58.226	0.87178				2
2025.10.24	01:42:00.428	0.87178				2
2025.10.24	01:42:03.272	0.87177				2
2025.10.24	01:42:03.709	0.87178				2
2025.10.24	01:42:05.236	0.87177				2
2025.10.24	01:42:09.653	0.87176				2
2025.10.24	01:42:28.549		0.87183			4
2025.10.24	01:42:29.050		0.87179			4
2025.10.24	01:42:56.153	0.87175	0.87178			6
2025.10.24	01:43:07.117	0.87175				2
2025.10.24	01:43:11.494		0.87179			4
2025.10.24	01:43:26.228		0.87178			4
2025.10.24	01:43:29.652	0.87177	0.87179			6
2025.10.24	01:43:30.217	0.87176				2
2025.10.24	01:43:34.281		0.87177			4
2025.10.24	01:43:34.599		0.87180			4
2025.10.24	01:43:35.048		0.87179			4
2025.10.24	01:43:35.999	0.87177	0.87178			6
2025.10.24	01:43:59.767	0.87178	0.87179			6
2025.10.24	01:44:00.520	0.87178				2
2025.10.24	01:44:12.781	0.87179	0.87180			6
2025.10.24	01:44:18.306	0.87177	0.87178			6
2025.10.24	01:44:32.667	0.87176				2
2025.10.24	01:44:42.954	0.87177				2
2025.10.24	01:44:47.181	0.87176				2
2025.10.24	01:45:00.052	0.87176				2
2025.10.24	01:45:00.687	0.87177				2
2025.10.24	01:45:18.534		0.87178			4
2025.10.24	01:45:27.590	0.87178	0.87179			6
2025.10.24	01:45:29.028	0.87176	0.87177			6
2025.10.24	01:45:38.107		0.87178			4
2025.10.24	01:45:45.830	0.87179	0.87180			6
2025.10.24	01:46:00.514	0.87179				2
2025.10.24	01:46:09.354	0.87177	0.87178			6
2025.10.24	01:46:42.564	0.87176				2
2025.10.24	01:46:42.905	0.87175				2
2025.10.24	01:46:43.216		0.87179			4
2025.10.24	01:47:00.430	0.87175				2
2025.10.24	01:47:02.448	0.87176				2
2025.10.24	01:47:43.919		0.87179			4
2025.10.24	01:48:02.603	0.87176				2
2025.10.24	01:48:09.380	0.87177				2
2025.10.24	01:48:10.851	0.87176				2
2025.10.24	01:48:16.431		0.87178			4
2025.10.24	01:48:22.959	0.87178	0.87180			6
2025.10.24	01:48:47.682	0.87177	0.87179			6
2025.10.24	01:48:54.044	0.87176				2
2025.10.24	01:49:01.059	0.87176				2
2025.10.24	01:49:27.358	0.87177				2
2025.10.24	01:49:35.030	0.87176				2
2025.10.24	01:49:35.646	0.87177				2
2025.10.24	01:49:48.498	0.87176	0.87178			6
2025.10.24	01:49:55.095	0.87177	0.87179			6
2025.10.24	01:49:59.812	0.87176				2
2025.10.24	01:50:00.143	0.87176				2
2025.10.24	01:50:05.668	0.87177				2
2025.10.24	01:50:11.905	0.87178				2
2025.10.24	01:50:43.853	0.87179	0.87180			6
2025.10.24	01:51:00.052	0.87178	0.87179			6
2025.10.24	01:51:06.416	0.87179	0.87180			6
2025.10.24	01:51:10.332	0.87178	0.87179			6
2025.10.24	01:51:20.363	0.87179	0.87180			6
2025.10.24	01:51:37.506	0.87178	0.87179			6
2025.10.24	01:51:55.657		0.87182			4
2025.10.24	01:52:00.428	0.87178				2
2025.10.24	01:52:07.478	0.87179	0.87183			6
2025.10.24	01:52:39.163		0.87180			4
2025.10.24	01:52:40.762	0.87178	0.87179			6
2025.10.24	01:52:45.424	0.87179	0.87180			6
2025.10.24	01:52:50.626	0.87177	0.87178			6
2025.10.24	01:52:57.012	0.87179	0.87180			6
2025.10.24	01:52:59.410	0.87178	0.87179			6
2025.10.24	01:53:00.410	0.87178				2
2025.10.24	01:53:05.064	0.87177	0.87178			6
2025.10.24	01:53:53.303	0.87178	0.87179			6
2025.10.24	01:54:02.114	0.87178				2
2025.10.24	01:54:11.453	0.87177	0.87178			6
2025.10.24	01:54:23.226	0.87176				2
2025.10.24	01:54:34.981	0.87177				2
2025.10.24	01:55:02.159	0.87177				2
2025.10.24	01:55:05.294		0.87182			4
2025.10.24	01:55:07.207	0.87176	0.87181			6
2025.10.24	01:55:12.561	0.87177	0.87180			6
2025.10.24	01:55:14.945		0.87182			4
2025.10.24	01:55:17.813	0.87178	0.87183			6
2025.10.24	01:55:37.396	0.87177	0.87182			6
2025.10.24	01:55:45.470	0.87178	0.87183			6
2025.10.24	01:55:51.470	0.87177	0.87182			6
2025.10.24	01:56:00.461	0.87177				2
2025.10.24	01:56:11.171		0.87183			4
2025.10.24	01:56:18.122		0.87182			4
2025.10.24	01:56:37.816	0.87178				2
2025.10.24	01:56:38.316	0.87177				2
2025.10.24	01:56:38.631	0.87178				2
2025.10.24	01:56:38.946	0.87177				2
2025.10.24	01:56:39.265	0.87178				2
2025.10.24	01:56:39.576	0.87177				2
2025.10.24	01:56:39.895	0.87178	0.87183			6
2025.10.24	01:57:00.937	0.87177	0.87182			6
2025.10.24	01:57:01.386	0.87178	0.87183			6
2025.10.24	01:57:11.305	0.87177				2
2025.10.24	01:57:13.415	0.87179				2
2025.10.24	01:57:21.023		0.87184			4
2025.10.24	01:57:21.368		0.87183			4
2025.10.24	01:57:27.378	0.87177	0.87178			6
2025.10.24	01:57:28.375	0.87179	0.87180			6
2025.10.24	01:57:43.899	0.87178	0.87179			6
2025.10.24	01:57:46.589	0.87179	0.87180			6
2025.10.24	01:57:48.381	0.87178	0.87179			6
2025.10.24	01:57:49.991	0.87176	0.87178			6
2025.10.24	01:57:52.492	0.87177				2
2025.10.24	01:58:00.709	0.87177				2
2025.10.24	01:58:03.950	0.87178	0.87179			6
2025.10.24	01:58:25.548	0.87177	0.87178			6
2025.10.24	01:58:30.466	0.87176				2
2025.10.24	01:58:36.820	0.87177				2
2025.10.24	01:58:38.763	0.87178	0.87179			6
2025.10.24	01:58:46.612	0.87177	0.87178			6
2025.10.24	01:59:00.548	0.87177				2
2025.10.24	01:59:02.182	0.87178	0.87179			6
2025.10.24	01:59:02.571	0.87177	0.87178			6
2025.10.24	01:59:07.250	0.87178	0.87179			6
2025.10.24	01:59:29.180	0.87179	0.87180			6
2025.10.24	01:59:33.285	0.87176	0.87178			6
2025.10.24	01:59:33.905	0.87177				2
2025.10.24	01:59:35.728	0.87179	0.87180			6
2025.10.24	01:59:41.511	0.87178	0.87179			6
2025.10.24	01:59:45.651	0.87177	0.87178			6
2025.10.24	01:59:57.654	0.87178	0.87179			6
2025.10.24	01:59:58.025	0.87177	0.87178			6
2025.10.24	01:59:59.341	0.87178	0.87179			6
2025.10.24	02:00:00.364	0.87176	0.87178			6
2025.10.24	02:00:00.679	0.87175				2
2025.10.24	02:00:08.391		0.87179			4
2025.10.24	02:00:20.022	0.87176				2
2025.10.24	02:00:27.513	0.87175	0.87178			6
2025.10.24	02:00:33.982	0.87174	0.87177			6
2025.10.24	02:00:35.765		0.87178			4
2025.10.24	02:00:37.446	0.87176	0.87179			6
2025.10.24	02:00:48.366	0.87175	0.87177			6
2025.10.24	02:00:49.679	0.87174				2
2025.10.24	02:00:50.112	0.87173				2
2025.10.24	02:00:51.322	0.87174	0.87175			6
2025.10.24	02:00:52.120	0.87173	0.87174			6
2025.10.24	02:00:52.471	0.87172				2
2025.10.24	02:00:53.521	0.87173				2
2025.10.24	02:00:53.927	0.87172				2
2025.10.24	02:01:00.346	0.87172				2
2025.10.24	02:01:04.976	0.87173				2
2025.10.24	02:01:10.227		0.87175			4
2025.10.24	02:01:10.540	0.87171	0.87173			6
2025.10.24	02:01:10.874		0.87174			4
2025.10.24	02:01:12.580	0.87175	0.87176			6
2025.10.24	02:01:12.898	0.87172	0.87174			6
2025.10.24	02:01:15.384	0.87173				2
2025.10.24	02:01:19.686	0.87171				2
2025.10.24	02:01:20.413		0.87173			4
2025.10.24	02:01:25.504	0.87170				2
2025.10.24	02:01:30.758	0.87172	0.87175			6
2025.10.24	02:01:39.467	0.87170	0.87174			6
2025.10.24	02:01:41.798	0.87173	0.87177			6
2025.10.24	02:01:58.042		0.87176			4
2025.10.24	02:01:59.510	0.87172				2
2025.10.24	02:02:00.042	0.87173	0.87175			6
2025.10.24	02:02:03.122		0.87176			4
2025.10.24	02:02:08.389	0.87172	0.87175			6
2025.10.24	02:02:16.638	0.87173	0.87177			6
2025.10.24	02:02:19.225		0.87176			4
2025.10.24	02:02:23.685	0.87175	0.87177			6
2025.10.24	02:02:24.379	0.87174				2
2025.10.24	02:02:27.356	0.87176	0.87179			6
2025.10.24	02:02:28.755		0.87180			4
2025.10.24	02:02:30.393		0.87179			4
2025.10.24	02:02:32.917	0.87175	0.87180			6
2025.10.24	02:02:37.363	0.87173	0.87176			6
2025.10.24	02:02:38.663	0.87172	0.87175			6
2025.10.24	02:02:51.199	0.87173				2
2025.10.24	02:02:57.241		0.87176			4
2025.10.24	02:02:59.374		0.87175			4
2025.10.24	02:03:00.416	0.87173				2
2025.10.24	02:03:00.871	0.87172				2
2025.10.24	02:03:01.177	0.87171	0.87174			6
2025.10.24	02:03:07.929		0.87173			4
2025.10.24	02:03:10.396	0.87170				2
2025.10.24	02:03:14.865	0.87172	0.87175			6
2025.10.24	02:03:15.180	0.87170	0.87173			6
2025.10.24	02:03:35.229	0.87171				2
2025.10.24	02:03:43.641	0.87170				2
2025.10.24	02:04:00.433	0.87170				2
2025.10.24	02:04:05.624		0.87174			4
2025.10.24	02:04:14.333		0.87173			4
2025.10.24	02:05:00.521	0.87170				2
2025.10.24	02:05:06.681	0.87171	0.87172			6
2025.10.24	02:05:08.262	0.87172	0.87173			6
2025.10.24	02:05:09.867	0.87171	0.87172			6
2025.10.24	02:05:10.218	0.87170	0.87173			6
2025.10.24	02:05:20.757		0.87175			4
2025.10.24	02:05:22.348	0.87169	0.87173			6
2025.10.24	02:05:26.000		0.87174			4
2025.10.24	02:05:35.197		0.87173			4
2025.10.24	02:05:35.898	0.87170				2
2025.10.24	02:05:49.701	0.87169	0.87174			6
2025.10.24	02:05:52.180		0.87173			4
2025.10.24	02:06:01.529	0.87168				2
2025.10.24	02:06:02.404		0.87170			4
2025.10.24	02:06:02.890		0.87174			4
2025.10.24	02:06:03.359	0.87169				2
2025.10.24	02:06:06.184		0.87172			4
2025.10.24	02:06:14.690		0.87173			4
2025.10.24	02:06:19.680		0.87172			4
2025.10.24	02:06:20.450		0.87173			4
2025.10.24	02:06:34.787		0.87172			4
2025.10.24	02:06:48.507	0.87168				2
2025.10.24	02:06:51.653	0.87169	0.87171			6
2025.10.24	02:07:00.512	0.87169	0.87174			6
2025.10.24	02:07:19.003	0.87170	0.87175			6
2025.10.24	02:07:29.466	0.87168	0.87172			6
2025.10.24	02:07:31.607	0.87169				2
2025.10.24	02:07:39.560	0.87168	0.87173			6
2025.10.24	02:07:48.055	0.87169	0.87172			6
2025.10.24	02:08:05.675	0.87170				2
2025.10.24	02:08:13.978	0.87169	0.87173			6
2025.10.24	02:08:17.341		0.87172			4
2025.10.24	02:08:41.802	0.87170				2
2025.10.24	02:08:45.639	0.87169				2
2025.10.24	02:08:46.783		0.87173			4
2025.10.24	02:09:02.946	0.87169	0.87172			6
2025.10.24	02:10:00.406	0.87169				2
2025.10.24	02:10:04.303		0.87172			4
2025.10.24	02:10:29.118	0.87170				2
2025.10.24	02:10:31.709	0.87169				2
2025.10.24	02:10:40.977	0.87170	0.87175			6
2025.10.24	02:10:41.281	0.87171				2
2025.10.24	02:10:41.715		0.87174			4
2025.10.24	02:10:45.101		0.87175			4
2025.10.24	02:10:54.194	0.87172				2
2025.10.24	02:11:04.353	0.87172				2
2025.10.24	02:11:44.597		0.87174			4
2025.10.24	02:11:53.331	0.87170	0.87172			6
2025.10.24	02:11:53.685	0.87169				2
2025.10.24	02:11:54.346		0.87171			4
2025.10.24	02:11:56.282	0.87168				2
2025.10.24	02:11:59.388	0.87169				2
2025.10.24	02:12:00.648	0.87169				2
2025.10.24	02:12:07.905	0.87170	0.87172			6
2025.10.24	02:12:15.099	0.87169				2
2025.10.24	02:12:19.822	0.87170				2
2025.10.24	02:12:22.404	0.87172	0.87173			6
2025.10.24	02:12:40.780	0.87170	0.87172			6
2025.10.24	02:13:00.667	0.87170				2
2025.10.24	02:13:00.981	0.87169	0.87171			6
2025.10.24	02:13:01.958	0.87172	0.87173			6
2025.10.24	02:13:11.907	0.87169	0.87171			6
2025.10.24	02:13:38.243	0.87168				2
2025.10.24	02:13:39.680	0.87169				2
2025.10.24	02:13:52.476	0.87168				2
2025.10.24	02:13:59.364	0.87169				2
2025.10.24	02:14:00.445	0.87169				2
2025.10.24	02:14:01.384	0.87168				2
2025.10.24	02:14:11.940		0.87171			4
2025.10.24	02:14:55.886	0.87169				2
2025.10.24	02:14:56.638	0.87168				2
2025.10.24	02:14:56.972	0.87169				2
2025.10.24	02:15:00.308	0.87169				2
2025.10.24	02:15:06.370		0.87172			4
2025.10.24	02:15:10.257		0.87171			4
2025.10.24	02:15:22.051		0.87172			4
2025.10.24	02:15:24.099		0.87171			4
2025.10.24	02:16:02.160	0.87169				2
2025.10.24	02:16:03.522	0.87170				2
2025.10.24	02:16:20.861	0.87169				2
2025.10.24	02:16:29.201		0.87171			4
2025.10.24	02:16:29.693		0.87172			4
2025.10.24	02:16:32.037	0.87168				2
2025.10.24	02:16:35.910	0.87169				2
2025.10.24	02:16:37.943		0.87171			4
2025.10.24	02:16:38.529		0.87172			4
2025.10.24	02:16:48.892	0.87168				2
2025.10.24	02:16:49.982	0.87169				2
2025.10.24	02:16:50.540		0.87173			4
2025.10.24	02:17:00.591	0.87169				2
2025.10.24	02:17:01.399	0.87168	0.87172			6
2025.10.24	02:17:08.831	0.87169				2
2025.10.24	02:17:11.798		0.87171			4
2025.10.24	02:17:18.763	0.87168	0.87172			6
2025.10.24	02:17:19.542	0.87169				2
2025.10.24	02:17:24.652		0.87171			4
2025.10.24	02:17:36.617	0.87168	0.87172			6
2025.10.24	02:17:47.288	0.87169	0.87171			6
2025.10.24	02:17:53.744		0.87172			4
2025.10.24	02:17:54.629	0.87170				2
2025.10.24	02:17:54.970		0.87171			4
2025.10.24	02:18:00.630	0.87170				2
2025.10.24	02:18:03.123	0.87168				2
2025.10.24	02:18:05.303	0.87167	0.87170			6
2025.10.24	02:18:06.113		0.87169			4
2025.10.24	02:18:08.035	0.87166	0.87168			6
2025.10.24	02:18:12.654		0.87169			4
2025.10.24	02:18:29.707	0.87167				2
2025.10.24	02:18:30.208		0.87170			4
2025.10.24	02:18:58.508		0.87169			4
2025.10.24	02:18:59.013		0.87170			4
2025.10.24	02:18:59.506		0.87169			4
2025.10.24	02:19:00.407	0.87167				2
2025.10.24	02:19:05.762		0.87170			4
2025.10.24	02:19:09.253	0.87166	0.87169			6
2025.10.24	02:19:21.319		0.87170			4
2025.10.24	02:19:21.974		0.87169			4
2025.10.24	02:19:27.627		0.87170			4
2025.10.24	02:19:45.997		0.87169			4
2025.10.24	02:20:01.370	0.87166				2
2025.10.24	02:20:02.661		0.87170			4
2025.10.24	02:20:23.768		0.87169			4
2025.10.24	02:21:00.685	0.87166				2
2025.10.24	02:21:01.714	0.87167				2
2025.10.24	02:21:24.060	0.87166	0.87169			6
2025.10.24	02:22:00.006	0.87166				2
2025.10.24	02:22:10.638	0.87169	0.87171			6
2025.10.24	02:22:11.021	0.87168				2
2025.10.24	02:22:14.348		0.87170			4
2025.10.24	02:22:22.046	0.87167				2
2025.10.24	02:22:23.459		0.87169			4
2025.10.24	02:22:51.311		0.87168			4
2025.10.24	02:23:01.628	0.87167				2
2025.10.24	02:23:10.611	0.87166				2
2025.10.24	02:23:15.608	0.87167				2
2025.10.24	02:23:17.229	0.87166				2
2025.10.24	02:23:52.298		0.87168			4
2025.10.24	02:24:04.242	0.87166				2
2025.10.24	02:24:27.784	0.87169	0.87172			6
2025.10.24	02:24:28.345		0.87171			4
2025.10.24	02:24:38.638		0.87172			4
2025.10.24	02:24:42.741	0.87170				2
2025.10.24	02:24:45.387	0.87171				2
2025.10.24	02:24:46.477		0.87173			4
2025.10.24	02:24:48.957		0.87174			4
2025.10.24	02:24:52.254		0.87173			4
2025.10.24	02:25:06.284	0.87171				2
2025.10.24	02:25:11.369	0.87172				2
2025.10.24	02:25:27.185	0.87170	0.87172			6
2025.10.24	02:25:41.411	0.87171				2
2025.10.24	02:26:00.609	0.87171				2
2025.10.24	02:26:07.747	0.87172	0.87173			6
2025.10.24	02:26:09.882	0.87171				2
2025.10.24	02:26:11.390		0.87172			4
2025.10.24	02:26:13.536	0.87172	0.87174			6
2025.10.24	02:26:55.809		0.87173			4
2025.10.24	02:27:01.370	0.87172				2
2025.10.24	02:27:10.368		0.87174			4
2025.10.24	02:28:00.441	0.87172				2
2025.10.24	02:28:14.199		0.87174			4
2025.10.24	02:28:27.349		0.87173			4
2025.10.24	02:28:36.654	0.87173	0.87174			6
2025.10.24	02:28:51.019		0.87175			4
2025.10.24	02:28:51.330	0.87172	0.87174			6
2025.10.24	02:29:00.319	0.87172				2
2025.10.24	02:29:51.342		0.87174			4
2025.10.24	02:30:00.275	0.87171				2
2025.10.24	02:30:02.397	0.87172				2
2025.10.24	02:30:21.697	0.87170	0.87172			6
2025.10.24	02:30:22.413	0.87169	0.87173			6
2025.10.24	02:30:30.425		0.87172			4
2025.10.24	02:30:33.315	0.87170	0.87173			6
2025.10.24	02:30:38.958	0.87171	0.87174			6
2025.10.24	02:30:41.985	0.87170	0.87173			6
2025.10.24	02:30:42.879	0.87171	0.87174			6
2025.10.24	02:31:00.413	0.87171				2
2025.10.24	02:31:10.097		0.87173			4
2025.10.24	02:31:43.802		0.87174			4
2025.10.24	02:32:00.404	0.87171				2
2025.10.24	02:32:08.979		0.87173			4
2025.10.24	02:32:37.416		0.87174			4
2025.10.24	02:32:49.302	0.87174	0.87176			6
2025.10.24	02:33:00.582	0.87172	0.87174			6
2025.10.24	02:33:00.961	0.87173	0.87175			6
2025.10.24	02:33:01.280	0.87172	0.87174			6
2025.10.24	02:33:10.414	0.87171				2
2025.10.24	02:33:15.736	0.87172				2
2025.10.24	02:33:20.782	0.87170	0.87173			6
2025.10.24	02:33:30.678		0.87172			4
2025.10.24	02:33:31.445		0.87173			4
2025.10.24	02:33:37.357		0.87172			4
2025.10.24	02:33:40.057		0.87173			4
2025.10.24	02:33:41.191		0.87172			4
2025.10.24	02:33:46.573		0.87173			4
2025.10.24	02:33:49.339	0.87171				2
2025.10.24	02:33:52.318	0.87170				2
2025.10.24	02:34:00.912	0.87170				2
2025.10.24	02:34:43.743		0.87172			4
2025.10.24	02:35:02.747	0.87170				2
2025.10.24	02:35:30.329		0.87171			4
2025.10.24	02:35:31.469		0.87172			4
2025.10.24	02:35:32.299		0.87171			4
2025.10.24	02:35:36.542		0.87172			4
2025.10.24	02:36:06.706	0.87170				2
2025.10.24	02:36:08.119	0.87171				2
2025.10.24	02:36:14.494	0.87169	0.87171			6
2025.10.24	02:36:15.987	0.87170	0.87172			6
2025.10.24	02:36:19.437		0.87173			4
2025.10.24	02:36:20.680	0.87171				2
2025.10.24	02:36:33.385	0.87170				2
2025.10.24	02:36:38.153	0.87171	0.87174			6
2025.10.24	02:36:38.510	0.87172				2
2025.10.24	02:36:53.009		0.87173			4
2025.10.24	02:37:01.076	0.87172				2
2025.10.24	02:37:04.608	0.87171				2
2025.10.24	02:37:44.609		0.87172			4
2025.10.24	02:37:45.273		0.87173			4
2025.10.24	02:37:53.463		0.87172			4
2025.10.24	02:37:58.207		0.87173			4
2025.10.24	02:38:00.411	0.87172				2
2025.10.24	02:38:10.257	0.87169	0.87171			6
2025.10.24	02:38:10.571		0.87173			4
2025.10.24	02:38:11.139		0.87172			4
2025.10.24	02:38:11.568		0.87173			4
2025.10.24	02:38:12.331		0.87172			4
2025.10.24	02:38:13.149	0.87171				2
2025.10.24	02:38:40.111	0.87169	0.87171			6
2025.10.24	02:38:40.620		0.87170			4
2025.10.24	02:38:41.263	0.87170	0.87171			6
2025.10.24	02:38:51.917	0.87169				2
2025.10.24	02:39:03.772	0.87169				2
2025.10.24	02:39:06.207		0.87170			4
2025.10.24	02:39:12.555	0.87171	0.87172			6
2025.10.24	02:39:55.734	0.87170	0.87171			6
2025.10.24	02:40:00.085	0.87170				2
2025.10.24	02:40:04.912		0.87172			4
2025.10.24	02:40:05.331		0.87171			4
2025.10.24	02:41:03.575	0.87170				2
2025.10.24	02:41:18.241		0.87172			4
2025.10.24	02:41:20.948	0.87169				2
2025.10.24	02:41:29.603	0.87171	0.87173			6
2025.10.24	02:41:30.205	0.87173	0.87175			6
2025.10.24	02:41:56.035	0.87172	0.87174			6
2025.10.24	02:42:00.570	0.87172				2
2025.10.24	02:42:21.357	0.87171				2
2025.10.24	02:42:37.723	0.87172				2
2025.10.24	02:42:38.342	0.87174	0.87175			6
2025.10.24	02:42:41.303	0.87172				2
2025.10.24	02:43:01.369	0.87172				2
2025.10.24	02:43:04.130	0.87173				2
2025.10.24	02:43:04.689	0.87172				2
2025.10.24	02:43:08.355		0.87174			4
2025.10.24	02:43:10.061	0.87173				2
2025.10.24	02:43:15.653	0.87172				2
2025.10.24	02:43:23.700		0.87175			4
2025.10.24	02:43:24.108	0.87174	0.87176			6
2025.10.24	02:43:24.578	0.87175				2
2025.10.24	02:43:24.951	0.87174				2
2025.10.24	02:43:25.315	0.87173	0.87175			6
2025.10.24	02:43:32.013	0.87174				2
2025.10.24	02:43:39.154	0.87173				2
2025.10.24	02:43:46.472	0.87174				2
2025.10.24	02:43:49.923	0.87173				2
2025.10.24	02:43:55.810		0.87174			4
2025.10.24	02:43:59.614	0.87172	0.87175			6
2025.10.24	02:44:00.292	0.87173				2
2025.10.24	02:44:03.700	0.87172				2
2025.10.24	02:44:04.142	0.87173				2
2025.10.24	02:44:05.392	0.87174				2
2025.10.24	02:44:05.790	0.87175	0.87176			6
2025.10.24	02:44:06.866	0.87174	0.87175			6
2025.10.24	02:44:07.207	0.87175	0.87176			6
2025.10.24	02:44:07.672	0.87174	0.87175			6
2025.10.24	02:44:13.420		0.87176			4
2025.10.24	02:44:15.967	0.87173	0.87175			6
2025.10.24	02:44:17.939	0.87172				2
2025.10.24	02:44:25.290		0.87174			4
2025.10.24	02:44:26.348	0.87171				2
2025.10.24	02:44:26.693	0.87172				2
2025.10.24	02:44:34.400	0.87175	0.87176			6
2025.10.24	02:44:51.305	0.87173	0.87175			6
2025.10.24	02:44:51.649	0.87174				2
2025.10.24	02:44:54.111	0.87175	0.87176			6
2025.10.24	02:44:54.583	0.87173	0.87175			6
2025.10.24	02:44:55.677	0.87174				2
2025.10.24	02:44:57.695	0.87173				2
2025.10.24	02:45:01.512	0.87174				2
2025.10.24	02:45:02.396	0.87175	0.87176			6
2025.10.24	02:45:04.294	0.87174	0.87175			6
2025.10.24	02:45:04.612	0.87175	0.87176			6
2025.10.24	02:45:05.188		0.87177			4
2025.10.24	02:45:05.686		0.87176			4
2025.10.24	02:45:06.277	0.87174	0.87175			6
2025.10.24	02:45:07.749	0.87175	0.87176			6
2025.10.24	02:45:10.756	0.87173	0.87175			6
2025.10.24	02:45:12.931	0.87174				2
2025.10.24	02:45:42.805	0.87173	0.87174			6
2025.10.24	02:45:58.161	0.87174	0.87175			6
2025.10.24	02:46:04.491	0.87172	0.87174			6
2025.10.24	02:46:04.896	0.87173				2
2025.10.24	02:46:08.687	0.87174	0.87175			6
2025.10.24	02:46:10.356	0.87173				2
2025.10.24	02:46:28.085	0.87172				2
2025.10.24	02:46:29.067		0.87174			4
2025.10.24	02:46:33.331	0.87173				2
2025.10.24	02:46:33.722		0.87175			4
2025.10.24	02:46:40.919		0.87174			4
2025.10.24	02:46:42.652	0.87172				2
2025.10.24	02:46:48.654	0.87173				2
2025.10.24	02:46:53.801	0.87174	0.87175			6
2025.10.24	02:46:59.226	0.87173				2
2025.10.24	02:47:03.445	0.87173				2
2025.10.24	02:47:06.989	0.87174				2
2025.10.24	02:47:11.913	0.87173	0.87174			6
2025.10.24	02:47:15.185	0.87172				2
2025.10.24	02:47:17.846	0.87173				2
2025.10.24	02:47:24.280	0.87174	0.87175			6
2025.10.24	02:47:26.542	0.87173				2
2025.10.24	02:47:26.910	0.87174				2
2025.10.24	02:47:30.145	0.87172	0.87174			6
2025.10.24	02:47:32.081	0.87173	0.87175			6
2025.10.24	02:47:36.386		0.87174			4
2025.10.24	02:47:36.832	0.87172				2
2025.10.24	02:47:48.661	0.87173				2
2025.10.24	02:48:00.449	0.87172	0.87173			6
2025.10.24	02:48:07.433		0.87175			4
2025.10.24	02:48:07.745	0.87174	0.87176			6
2025.10.24	02:48:09.952		0.87177			4
2025.10.24	02:48:11.025		0.87176			4
2025.10.24	02:48:16.901	0.87175	0.87177			6
2025.10.24	02:48:17.780		0.87176			4
2025.10.24	02:48:22.379	0.87174				2
2025.10.24	02:48:23.139	0.87175				2
2025.10.24	02:48:25.218	0.87174	0.87175			6
2025.10.24	02:48:43.784	0.87173				2
2025.10.24	02:48:44.851		0.87174			4
2025.10.24	02:48:51.024	0.87174	0.87175			6
2025.10.24	02:49:02.521	0.87174				2
2025.10.24	02:49:20.902	0.87173	0.87174			6
2025.10.24	02:49:21.223		0.87175			4
2025.10.24	02:49:21.793	0.87174				2
2025.10.24	02:49:27.663	0.87173				2
2025.10.24	02:49:29.242	0.87174				2
2025.10.24	02:49:38.514	0.87172				2
2025.10.24	02:49:38.819	0.87174				2
2025.10.24	02:49:52.816	0.87173				2
2025.10.24	02:49:53.155		0.87174			4
2025.10.24	02:49:55.270	0.87174	0.87175			6
2025.10.24	02:49:58.439	0.87173				2
2025.10.24	02:50:00.990	0.87173				2
2025.10.24	02:50:19.897	0.87174				2
2025.10.24	02:50:24.289	0.87173				2
2025.10.24	02:50:26.571	0.87174				2
2025.10.24	02:50:34.823	0.87175	0.87176			6
2025.10.24	02:50:35.139	0.87174				2
2025.10.24	02:50:35.441	0.87175				2
2025.10.24	02:50:38.755	0.87174				2
2025.10.24	02:50:39.131		0.87175			4
2025.10.24	02:50:43.815	0.87173				2
2025.10.24	02:50:46.461	0.87174				2
2025.10.24	02:50:46.779	0.87175	0.87176			6
2025.10.24	02:50:53.886	0.87173	0.87175			6
2025.10.24	02:50:54.192	0.87175	0.87176			6
2025.10.24	02:51:00.731	0.87175				2
2025.10.24	02:51:12.346	0.87176	0.87177			6
2025.10.24	02:51:32.636	0.87175	0.87176			6
2025.10.24	02:51:50.880		0.87177			4
2025.10.24	02:51:51.641	0.87176				2
2025.10.24	02:51:57.190	0.87175				2
2025.10.24	02:52:00.438	0.87175				2
2025.10.24	02:52:01.472	0.87176				2
2025.10.24	02:52:04.746	0.87175				2
2025.10.24	02:52:24.500		0.87176			4
2025.10.24	02:52:26.140		0.87177			4
2025.10.24	02:52:26.486	0.87176				2
2025.10.24	02:52:57.431	0.87175	0.87176			6
2025.10.24	02:53:00.759	0.87175				2
2025.10.24	02:53:05.747	0.87176	0.87177			6
2025.10.24	02:53:48.987		0.87178			4
2025.10.24	02:53:51.993	0.87177				2
2025.10.24	02:53:59.680	0.87176	0.87177			6
2025.10.24	02:54:00.109	0.87176				2
2025.10.24	02:54:02.704		0.87178			4
2025.10.24	02:54:07.001		0.87177			4
2025.10.24	02:54:10.607	0.87175	0.87176			6
2025.10.24	02:54:10.975	0.87174	0.87175			6
2025.10.24	02:54:11.297	0.87173				2
2025.10.24	02:54:12.259	0.87175	0.87176			6
2025.10.24	02:54:32.796	0.87174	0.87175			6
2025.10.24	02:54:36.565		0.87176			4
2025.10.24	02:54:36.897	0.87175				2
2025.10.24	02:54:57.985	0.87174	0.87175			6
2025.10.24	02:55:00.422	0.87174				2
2025.10.24	02:55:14.313	0.87173				2
2025.10.24	02:55:22.938		0.87174			4
2025.10.24	02:55:25.133	0.87174	0.87175			6
2025.10.24	02:55:32.862	0.87170	0.87171			6
2025.10.24	02:55:33.211	0.87171	0.87172			6
2025.10.24	02:55:34.481	0.87170	0.87171			6
2025.10.24	02:55:35.330	0.87169				2
2025.10.24	02:56:00.309	0.87169				2
2025.10.24	02:56:08.667	0.87168	0.87170			6
2025.10.24	02:56:09.546		0.87171			4
2025.10.24	02:56:18.079	0.87170	0.87172			6
2025.10.24	02:56:18.816		0.87171			4
2025.10.24	02:56:22.673	0.87169				2
2025.10.24	02:56:30.326		0.87170			4
2025.10.24	02:56:42.891	0.87170	0.87171			6
2025.10.24	02:56:51.383	0.87171	0.87172			6
2025.10.24	02:56:51.821	0.87170	0.87171			6
2025.10.24	02:57:01.620	0.87170				2
2025.10.24	02:57:31.505	0.87172	0.87173			6
2025.10.24	02:57:37.736	0.87171	0.87172			6
2025.10.24	02:57:39.683	0.87172	0.87173			6
2025.10.24	02:57:42.792	0.87173	0.87174			6
2025.10.24	02:57:50.779	0.87172				2
2025.10.24	02:58:00.287	0.87172				2
2025.10.24	02:58:11.781		0.87173			4
2025.10.24	02:58:28.958		0.87174			4
2025.10.24	02:58:30.297		0.87173			4
2025.10.24	02:58:30.622	0.87173	0.87174			6
2025.10.24	02:58:33.011	0.87170	0.87172			6
2025.10.24	02:58:33.467	0.87169	0.87171			6
2025.10.24	02:58:35.873		0.87172			4
2025.10.24	02:58:36.257		0.87171			4
2025.10.24	02:58:39.297	0.87170	0.87172			6
2025.10.24	02:58:48.291		0.87171			4
2025.10.24	02:58:53.872	0.87169				2
2025.10.24	02:58:57.724	0.87170	0.87172			6
2025.10.24	02:59:00.640	0.87170				2
2025.10.24	02:59:33.355	0.87171	0.87173			6
2025.10.24	02:59:39.655	0.87172				2
2025.10.24	02:59:44.462	0.87171				2
2025.10.24	03:00:00.162	0.87170	0.87172			6
2025.10.24	03:00:00.479	0.87171				2
2025.10.24	03:00:01.527		0.87173			4
2025.10.24	03:00:01.836		0.87172			4
2025.10.24	03:00:02.152	0.87170				2
2025.10.24	03:00:03.857	0.87171				2
2025.10.24	03:00:04.298	0.87170				2
2025.10.24	03:00:06.476	0.87171				2
2025.10.24	03:00:09.566		0.87173			4
2025.10.24	03:00:10.239		0.87172			4
2025.10.24	03:00:13.929		0.87173			4
2025.10.24	03:00:14.600		0.87172			4
2025.10.24	03:00:18.599		0.87173			4
2025.10.24	03:00:22.923		0.87172			4
2025.10.24	03:00:23.834		0.87173			4
2025.10.24	03:00:28.659	0.87173	0.87174			6
2025.10.24	03:00:37.949		0.87177			4
2025.10.24	03:00:38.270	0.87176				2
2025.10.24	03:00:40.020	0.87177	0.87178			6
2025.10.24	03:00:41.348	0.87176	0.87177			6
2025.10.24	03:00:41.703	0.87177	0.87178			6
2025.10.24	03:00:45.996	0.87176				2
2025.10.24	03:00:49.337	0.87177				2
2025.10.24	03:00:51.484	0.87178	0.87179			6
2025.10.24	03:00:57.144	0.87175	0.87177			6
2025.10.24	03:00:57.457	0.87177	0.87178			6
2025.10.24	03:01:00.400	0.87176	0.87177			6
2025.10.24	03:01:01.205	0.87177	0.87178			6
2025.10.24	03:01:01.884	0.87176	0.87177			6
2025.10.24	03:01:02.566	0.87177	0.87178			6
2025.10.24	03:01:05.561	0.87176	0.87177			6
2025.10.24	03:01:06.023	0.87178	0.87179			6
2025.10.24	03:01:06.702	0.87177				2
2025.10.24	03:01:07.653	0.87178				2
2025.10.24	03:01:11.177	0.87176	0.87178			6
2025.10.24	03:01:13.242	0.87177	0.87179			6
2025.10.24	03:01:14.151	0.87180	0.87181			6
2025.10.24	03:01:14.459	0.87181	0.87182			6
2025.10.24	03:01:15.928	0.87179	0.87180			6
2025.10.24	03:01:19.516	0.87178				2
2025.10.24	03:01:20.322	0.87180	0.87181			6
2025.10.24	03:01:22.801	0.87178	0.87180			6
2025.10.24	03:01:25.139	0.87180	0.87181			6
2025.10.24	03:01:25.450	0.87177	0.87179			6
2025.10.24	03:01:25.757	0.87180	0.87181			6
2025.10.24	03:01:26.120	0.87179	0.87180			6
2025.10.24	03:01:29.036	0.87178				2
2025.10.24	03:01:29.453	0.87179				2
2025.10.24	03:01:30.431	0.87180	0.87181			6
2025.10.24	03:01:31.167	0.87179	0.87180			6
2025.10.24	03:01:32.561	0.87178				2
2025.10.24	03:01:35.065	0.87180	0.87181			6
2025.10.24	03:01:36.042	0.87179	0.87180			6
2025.10.24	03:01:36.965	0.87178				2
2025.10.24	03:01:37.282		0.87181			4
2025.10.24	03:01:37.675		0.87180			4
2025.10.24	03:01:38.039	0.87179				2
2025.10.24	03:01:38.477	0.87182	0.87183			6
2025.10.24	03:01:39.154	0.87180	0.87182			6
2025.10.24	03:01:39.459	0.87183	0.87184			6
2025.10.24	03:01:39.790	0.87182	0.87183			6
2025.10.24	03:01:40.154	0.87181	0.87182			6
2025.10.24	03:01:41.447	0.87180	0.87181			6
2025.10.24	03:01:42.771	0.87179				2
2025.10.24	03:01:43.080	0.87180				2
2025.10.24	03:01:43.402	0.87179	0.87180			6
2025.10.24	03:01:44.175	0.87178				2
2025.10.24	03:01:44.478	0.87179				2
2025.10.24	03:01:45.243	0.87180	0.87181			6
2025.10.24	03:01:46.277	0.87179	0.87180			6
2025.10.24	03:01:47.051	0.87180	0.87181			6
2025.10.24	03:01:47.353	0.87181	0.87182			6
2025.10.24	03:01:49.160	0.87179	0.87180			6
2025.10.24	03:01:49.562		0.87181			4
2025.10.24	03:01:50.611	0.87180				2
2025.10.24	03:01:50.990	0.87181	0.87182			6
2025.10.24	03:01:53.281	0.87179	0.87181			6
2025.10.24	03:01:53.744	0.87181	0.87182			6
2025.10.24	03:01:54.413	0.87180	0.87181			6
2025.10.24	03:01:58.781	0.87182	0.87183			6
2025.10.24	03:01:59.497	0.87183	0.87184			6
2025.10.24	03:02:00.053	0.87183				2
2025.10.24	03:02:02.693	0.87181	0.87182			6
2025.10.24	03:02:03.023	0.87183	0.87184			6
2025.10.24	03:02:03.338	0.87182	0.87183			6
2025.10.24	03:02:05.519	0.87183	0.87184			6
2025.10.24	03:02:07.328	0.87181	0.87182			6
2025.10.24	03:02:10.723	0.87182	0.87183			6
2025.10.24	03:02:11.341	0.87183	0.87184			6
2025.10.24	03:02:11.652	0.87182	0.87183			6
2025.10.24	03:02:12.814	0.87183	0.87184			6
2025.10.24	03:02:22.519	0.87182	0.87183			6
2025.10.24	03:02:25.694	0.87183	0.87184			6
2025.10.24	03:02:26.992	0.87182	0.87183			6
2025.10.24	03:02:28.176	0.87181	0.87182			6
2025.10.24	03:02:30.118	0.87179	0.87181			6
2025.10.24	03:02:32.335		0.87180			4
2025.10.24	03:02:33.935	0.87181	0.87182			6
2025.10.24	03:02:34.239	0.87179	0.87181			6
2025.10.24	03:02:37.548	0.87183	0.87184			6
2025.10.24	03:03:00.402	0.87183				2
2025.10.24	03:03:02.436	0.87182	0.87183			6
2025.10.24	03:03:05.501	0.87181	0.87182			6
2025.10.24	03:03:11.618	0.87180	0.87181			6
2025.10.24	03:03:11.923	0.87179	0.87180			6
2025.10.24	03:03:12.418	0.87180	0.87181			6
2025.10.24	03:03:13.661	0.87179				2
2025.10.24	03:03:13.964	0.87178	0.87180			6
2025.10.24	03:03:16.650	0.87182	0.87183			6
2025.10.24	03:03:21.050	0.87183	0.87184			6
2025.10.24	03:03:21.535	0.87182	0.87183			6
2025.10.24	03:03:23.497	0.87183	0.87184			6
2025.10.24	03:03:27.723	0.87178	0.87179			6
2025.10.24	03:03:28.436	0.87177	0.87178			6
2025.10.24	03:03:31.326	0.87178	0.87179			6
2025.10.24	03:03:34.237	0.87177	0.87178			6
