<DATE>	<TIME>	<BID>	<ASK>	<LAST>	<VOLUME>	<FLAGS>
2025.08.11	00:03:31.346	0.86544	0.86717			6
2025.08.11	00:03:41.958	0.86540	0.86713			6
2025.08.11	00:03:42.261	0.86543	0.86716			6
2025.08.11	00:04:00.168	0.86543				2
2025.08.11	00:04:21.980	0.86546	0.86719			6
2025.08.11	00:04:22.282	0.86543	0.86716			6
2025.08.11	00:04:55.595	0.86540	0.86713			6
2025.08.11	00:04:55.898	0.86543	0.86716			6
2025.08.11	00:05:00.134	0.86543				2
2025.08.11	00:05:05.591	0.86527	0.86700			6
2025.08.11	00:05:06.805	0.86526	0.86699			6
2025.08.11	00:05:13.172	0.86534	0.86707			6
2025.08.11	00:05:14.081	0.86532	0.86705			6
2025.08.11	00:05:15.600	0.86534	0.86707			6
2025.08.11	00:05:19.837	0.86542	0.86715			6
2025.08.11	00:05:21.352	0.86543	0.86716			6
2025.08.11	00:05:21.654	0.86542	0.86715			6
2025.08.11	00:05:25.291	0.86541	0.86714			6
2025.08.11	00:05:27.412	0.86540	0.86713			6
2025.08.11	00:05:30.447	0.86536	0.86709			6
2025.08.11	00:05:31.053	0.86540	0.86713			6
2025.08.11	00:05:31.356	0.86531	0.86704			6
2025.08.11	00:05:36.504	0.86464	0.86684			6
2025.08.11	00:05:40.331	0.86465				2
2025.08.11	00:05:51.842	0.86466				2
2025.08.11	00:06:20.328	0.86467				2
2025.08.11	00:06:30.328	0.86468				2
2025.08.11	00:06:45.548	0.86496	0.86684			6
2025.08.11	00:07:02.449	0.86496				2
2025.08.11	00:08:02.453	0.86496	0.86684			6
2025.08.11	00:08:05.550		0.86682			4
2025.08.11	00:08:35.551	0.86500				2
2025.08.11	00:08:50.803	0.86504	0.86727			6
2025.08.11	00:09:20.325	0.86504				2
2025.08.11	00:09:23.557		0.86719			4
2025.08.11	00:10:00.422	0.86550	0.86672			6
2025.08.11	00:10:00.922	0.86549	0.86671			6
2025.08.11	00:10:57.937	0.86554	0.86673			6
2025.08.11	00:11:03.353	0.86555				2
2025.08.11	00:11:25.188		0.86674			4
2025.08.11	00:11:27.711	0.86552	0.86676			6
2025.08.11	00:11:28.711	0.86555	0.86673			6
2025.08.11	00:11:31.189		0.86674			4
2025.08.11	00:11:44.686	0.86554				2
2025.08.11	00:11:48.889	0.86555	0.86673			6
2025.08.11	00:12:00.289	0.86555	0.86674			6
2025.08.11	00:12:18.540	0.86571				2
2025.08.11	00:12:22.252	0.86553	0.86672			6
2025.08.11	00:12:24.981	0.86575				2
2025.08.11	00:12:29.084	0.86576				2
2025.08.11	00:12:42.169	0.86584	0.86675			6
2025.08.11	00:12:46.292		0.86676			4
2025.08.11	00:12:47.951	0.86564	0.86669			6
2025.08.11	00:12:51.167	0.86565	0.86670			6
2025.08.11	00:12:52.490	0.86566	0.86669			6
2025.08.11	00:13:00.572	0.86566				2
2025.08.11	00:13:25.795	0.86567	0.86668			6
2025.08.11	00:13:34.790	0.86566	0.86665			6
2025.08.11	00:13:37.486	0.86567				2
2025.08.11	00:13:40.454	0.86558	0.86660			6
2025.08.11	00:13:43.233	0.86555	0.86658			6
2025.08.11	00:13:46.633	0.86549	0.86654			6
2025.08.11	00:13:47.686	0.86548				2
2025.08.11	00:13:49.470	0.86545	0.86650			6
2025.08.11	00:13:50.686	0.86544				2
2025.08.11	00:13:52.788	0.86545				2
2025.08.11	00:13:56.473	0.86546				2
2025.08.11	00:13:59.388	0.86541	0.86647			6
2025.08.11	00:14:03.286	0.86541				2
2025.08.11	00:14:05.097		0.86648			4
2025.08.11	00:14:09.577	0.86539	0.86650			6
2025.08.11	00:14:10.787	0.86540				2
2025.08.11	00:14:11.182	0.86542	0.86647			6
2025.08.11	00:14:11.689	0.86541	0.86648			6
2025.08.11	00:14:20.091	0.86539				2
2025.08.11	00:14:20.398	0.86541				2
2025.08.11	00:14:21.739	0.86540	0.86650			6
2025.08.11	00:14:26.976	0.86538	0.86643			6
2025.08.11	00:14:27.694	0.86540	0.86640			6
2025.08.11	00:14:35.434	0.86547				2
2025.08.11	00:14:36.890	0.86545	0.86642			6
2025.08.11	00:14:45.586		0.86641			4
2025.08.11	00:14:47.086	0.86546				2
2025.08.11	00:15:00.329	0.86549	0.86638			6
2025.08.11	00:15:00.638	0.86548	0.86639			6
2025.08.11	00:15:02.388	0.86549				2
2025.08.11	00:15:11.996	0.86546	0.86641			6
2025.08.11	00:15:12.586	0.86547				2
2025.08.11	00:15:14.037	0.86546				2
2025.08.11	00:15:26.101	0.86545	0.86642			6
2025.08.11	00:15:28.612	0.86546				2
2025.08.11	00:15:34.058		0.86641			4
2025.08.11	00:15:50.503	0.86547	0.86640			6
2025.08.11	00:16:02.989	0.86547				2
2025.08.11	00:16:05.387	0.86563	0.86645			6
2025.08.11	00:16:08.088	0.86564				2
2025.08.11	00:16:17.088	0.86563				2
2025.08.11	00:16:26.988	0.86564				2
2025.08.11	00:16:46.187		0.86644			4
2025.08.11	00:16:48.286	0.86565				2
2025.08.11	00:16:50.504	0.86564	0.86645			6
2025.08.11	00:17:01.836	0.86564				2
2025.08.11	00:17:11.020	0.86565	0.86644			6
2025.08.11	00:17:15.886		0.86643			4
2025.08.11	00:17:20.507		0.86644			4
2025.08.11	00:17:35.509	0.86566	0.86643			6
2025.08.11	00:17:48.587	0.86562	0.86638			6
2025.08.11	00:17:48.957	0.86560	0.86640			6
2025.08.11	00:18:01.434	0.86560				2
2025.08.11	00:18:05.504	0.86561	0.86639			6
2025.08.11	00:18:11.839	0.86562				2
2025.08.11	00:18:17.163	0.86561	0.86640			6
2025.08.11	00:18:17.523	0.86559	0.86641			6
2025.08.11	00:18:22.700	0.86546	0.86633			6
2025.08.11	00:18:28.187		0.86632			4
2025.08.11	00:18:37.181	0.86547				2
2025.08.11	00:18:50.090	0.86548	0.86631			6
2025.08.11	00:18:57.847	0.86565	0.86641			6
2025.08.11	00:19:00.794	0.86567				2
2025.08.11	00:19:02.388		0.86640			4
2025.08.11	00:19:05.622	0.86566	0.86641			6
2025.08.11	00:19:07.788	0.86567				2
2025.08.11	00:19:08.987		0.86640			4
2025.08.11	00:19:10.063		0.86641			4
2025.08.11	00:19:15.587		0.86640			4
2025.08.11	00:19:41.183	0.86568	0.86639			6
2025.08.11	00:19:50.619		0.86640			4
2025.08.11	00:20:00.585	0.86568	0.86639			6
2025.08.11	00:20:24.871	0.86566	0.86682			6
2025.08.11	00:20:38.202	0.86592	0.86685			6
2025.08.11	00:20:40.493	0.86591				2
2025.08.11	00:20:40.880	0.86590				2
2025.08.11	00:20:44.586	0.86575	0.86681			6
2025.08.11	00:20:52.359	0.86574	0.86678			6
2025.08.11	00:20:53.088	0.86573				2
2025.08.11	00:20:54.647	0.86572				2
2025.08.11	00:20:55.433	0.86576				2
2025.08.11	00:20:58.467	0.86596	0.86692			6
2025.08.11	00:21:00.015	0.86594				2
2025.08.11	00:21:00.520		0.86728			4
2025.08.11	00:21:14.237	0.86591				2
2025.08.11	00:21:36.346	0.86563				2
2025.08.11	00:21:39.691	0.86603	0.86729			6
2025.08.11	00:21:44.994	0.86602	0.86730			6
2025.08.11	00:22:00.328	0.86602				2
2025.08.11	00:22:05.985	0.86603				2
2025.08.11	00:22:39.693	0.86605	0.86727			6
2025.08.11	00:22:41.391	0.86606				2
2025.08.11	00:23:01.486	0.86606				2
2025.08.11	00:23:36.314	0.86607	0.86726			6
2025.08.11	00:23:47.695	0.86606	0.86727			6
2025.08.11	00:24:21.837	0.86606				2
2025.08.11	00:24:23.987		0.86726			4
2025.08.11	00:24:55.290	0.86610				2
2025.08.11	00:24:58.347	0.86609	0.86727			6
2025.08.11	00:25:00.962	0.86609				2
2025.08.11	00:25:04.346	0.86605				2
2025.08.11	00:25:09.030	0.86609	0.86726			6
2025.08.11	00:25:12.022	0.86606	0.86727			6
2025.08.11	00:25:13.791	0.86607	0.86726			6
2025.08.11	00:25:32.987	0.86606				2
2025.08.11	00:25:37.061	0.86592	0.86722			6
2025.08.11	00:25:39.888	0.86591				2
2025.08.11	00:25:41.092	0.86592				2
2025.08.11	00:25:44.088		0.86708			4
2025.08.11	00:25:53.088	0.86593	0.86707			6
2025.08.11	00:26:01.186	0.86593				2
2025.08.11	00:26:03.889	0.86594	0.86706			6
2025.08.11	00:26:16.494	0.86595	0.86705			6
2025.08.11	00:26:29.936	0.86597	0.86703			6
2025.08.11	00:26:30.932	0.86596	0.86704			6
2025.08.11	00:26:44.389		0.86703			4
2025.08.11	00:26:45.585	0.86597				2
2025.08.11	00:26:46.247	0.86598	0.86702			6
2025.08.11	00:26:47.247	0.86597	0.86703			6
2025.08.11	00:27:00.291	0.86598	0.86702			6
2025.08.11	00:27:20.386	0.86599	0.86701			6
2025.08.11	00:27:34.934	0.86601	0.86699			6
2025.08.11	00:27:35.964	0.86599	0.86701			6
2025.08.11	00:27:36.391	0.86601	0.86702			6
2025.08.11	00:27:38.086		0.86703			4
2025.08.11	00:27:41.087	0.86602	0.86702			6
2025.08.11	00:27:51.286		0.86701			4
2025.08.11	00:27:52.485	0.86603				2
2025.08.11	00:28:00.324	0.86603				2
2025.08.11	00:28:11.994		0.86700			4
2025.08.11	00:28:13.489	0.86604				2
2025.08.11	00:28:39.586		0.86699			4
2025.08.11	00:28:43.786	0.86605				2
2025.08.11	00:29:01.784	0.86605				2
2025.08.11	00:29:38.691		0.86698			4
2025.08.11	00:29:41.988	0.86606				2
2025.08.11	00:30:00.306	0.86603	0.86701			6
2025.08.11	00:30:02.987	0.86599	0.86674			6
2025.08.11	00:30:03.330	0.86598	0.86678			6
2025.08.11	00:30:03.651		0.86686			4
2025.08.11	00:30:03.963	0.86596	0.86668			6
2025.08.11	00:30:04.374	0.86598	0.86700			6
2025.08.11	00:30:05.080	0.86595	0.86677			6
2025.08.11	00:30:05.383		0.86664			4
2025.08.11	00:30:05.789	0.86597	0.86675			6
2025.08.11	00:30:06.138		0.86684			4
2025.08.11	00:30:11.734	0.86599	0.86697			6
2025.08.11	00:30:13.062	0.86600				2
2025.08.11	00:30:23.639	0.86601	0.86699			6
2025.08.11	00:30:38.767	0.86600	0.86700			6
2025.08.11	00:30:39.287	0.86601	0.86699			6
2025.08.11	00:30:43.788		0.86698			4
2025.08.11	00:30:46.802	0.86602				2
2025.08.11	00:30:49.785	0.86601				2
2025.08.11	00:30:54.075	0.86596	0.86666			6
2025.08.11	00:30:54.461	0.86598	0.86676			6
2025.08.11	00:30:54.824	0.86596	0.86666			6
2025.08.11	00:30:55.242	0.86598	0.86676			6
2025.08.11	00:30:55.630	0.86596	0.86686			6
2025.08.11	00:30:55.993	0.86598				2
2025.08.11	00:30:56.399	0.86596	0.86687			6
2025.08.11	00:30:56.738	0.86597	0.86678			6
2025.08.11	00:31:01.486	0.86601	0.86698			6
2025.08.11	00:31:03.373	0.86599	0.86691			6
2025.08.11	00:31:12.080	0.86598	0.86686			6
2025.08.11	00:31:13.786		0.86666			4
2025.08.11	00:31:14.097	0.86596				2
2025.08.11	00:31:14.589	0.86595	0.86664			6
2025.08.11	00:31:18.210		0.86674			4
2025.08.11	00:31:18.576		0.86684			4
2025.08.11	00:31:21.913	0.86599	0.86691			6
2025.08.11	00:31:32.099	0.86598				2
2025.08.11	00:31:33.886	0.86599				2
2025.08.11	00:31:42.422	0.86596	0.86675			6
2025.08.11	00:31:42.880		0.86676			4
2025.08.11	00:31:43.382	0.86603	0.86697			6
2025.08.11	00:31:46.131	0.86602	0.86687			6
2025.08.11	00:31:47.045	0.86605	0.86692			6
2025.08.11	00:31:48.884		0.86691			4
2025.08.11	00:31:58.442		0.86692			4
2025.08.11	00:32:00.624	0.86604				2
2025.08.11	00:32:01.253	0.86605				2
2025.08.11	00:32:03.285	0.86603	0.86693			6
2025.08.11	00:32:08.341	0.86602	0.86694			6
2025.08.11	00:32:11.332	0.86598	0.86677			6
2025.08.11	00:32:11.709		0.86687			4
2025.08.11	00:32:12.089		0.86677			4
2025.08.11	00:32:12.396	0.86595	0.86667			6
2025.08.11	00:32:13.240	0.86596	0.86668			6
2025.08.11	00:32:14.154	0.86595	0.86667			6
2025.08.11	00:32:14.624	0.86596	0.86668			6
2025.08.11	00:32:15.540		0.86667			4
2025.08.11	00:32:15.874	0.86598	0.86694			6
2025.08.11	00:32:16.234		0.86687			4
2025.08.11	00:32:16.565	0.86596	0.86677			6
2025.08.11	00:32:16.922		0.86694			4
2025.08.11	00:32:18.314		0.86686			4
2025.08.11	00:32:18.775		0.86694			4
2025.08.11	00:32:19.235		0.86686			4
2025.08.11	00:32:27.048	0.86598	0.86690			6
2025.08.11	00:32:28.791	0.86599				2
2025.08.11	00:32:38.155	0.86598				2
2025.08.11	00:32:38.872		0.86684			4
2025.08.11	00:32:42.370	0.86600	0.86696			6
2025.08.11	00:32:54.587		0.86697			4
2025.08.11	00:32:57.770	0.86598	0.86667			6
2025.08.11	00:32:58.082		0.86676			4
2025.08.11	00:32:58.409	0.86596	0.86667			6
2025.08.11	00:33:00.138	0.86596				2
2025.08.11	00:33:00.594	0.86600	0.86695			6
2025.08.11	00:33:19.518	0.86604	0.86694			6
2025.08.11	00:33:28.882		0.86689			4
2025.08.11	00:33:29.851	0.86607				2
2025.08.11	00:33:30.802	0.86616	0.86695			6
2025.08.11	00:33:35.987	0.86617				2
2025.08.11	00:33:41.409	0.86616	0.86692			6
2025.08.11	00:33:41.730	0.86615	0.86684			6
2025.08.11	00:33:42.166	0.86613				2
2025.08.11	00:33:45.252	0.86614	0.86691			6
2025.08.11	00:33:51.392	0.86616	0.86698			6
2025.08.11	00:33:52.488	0.86617				2
2025.08.11	00:33:53.840		0.86688			4
2025.08.11	00:34:01.840	0.86617				2
2025.08.11	00:34:22.238	0.86616	0.86689			6
2025.08.11	00:34:32.575	0.86615				2
2025.08.11	00:34:33.848	0.86616	0.86688			6
2025.08.11	00:34:35.686		0.86689			4
2025.08.11	00:34:41.086		0.86688			4
2025.08.11	00:34:44.267		0.86689			4
2025.08.11	00:34:47.392	0.86615	0.86690			6
2025.08.11	00:35:01.255	0.86616	0.86689			6
2025.08.11	00:35:04.024	0.86611	0.86683			6
2025.08.11	00:35:06.889		0.86682			4
2025.08.11	00:35:17.087		0.86683			4
2025.08.11	00:35:17.419		0.86682			4
2025.08.11	00:35:34.830		0.86681			4
2025.08.11	00:35:35.395	0.86612	0.86680			6
2025.08.11	00:35:36.291	0.86613				2
2025.08.11	00:35:38.985	0.86612	0.86681			6
2025.08.11	00:36:02.597	0.86614	0.86686			6
2025.08.11	00:36:16.188	0.86615	0.86685			6
2025.08.11	00:36:17.618	0.86614	0.86686			6
2025.08.11	00:36:28.188	0.86615	0.86685			6
2025.08.11	00:36:33.591	0.86614	0.86686			6
2025.08.11	00:36:38.660		0.86685			4
2025.08.11	00:36:41.783	0.86613	0.86684			6
2025.08.11	00:36:43.787		0.86685			4
2025.08.11	00:36:45.587	0.86611	0.86679			6
2025.08.11	00:36:58.712	0.86612	0.86678			6
2025.08.11	00:37:00.287	0.86612				2
2025.08.11	00:37:03.141	0.86611	0.86679			6
2025.08.11	00:37:03.586	0.86612				2
2025.08.11	00:37:05.387	0.86611				2
2025.08.11	00:37:18.141	0.86610	0.86681			6
2025.08.11	00:37:18.942	0.86611	0.86679			6
2025.08.11	00:37:27.709	0.86613				2
2025.08.11	00:37:31.492	0.86614				2
2025.08.11	00:37:33.599	0.86613				2
2025.08.11	00:37:35.404	0.86614				2
2025.08.11	00:37:37.487	0.86613				2
2025.08.11	00:37:39.288	0.86614				2
2025.08.11	00:37:41.086	0.86613				2
2025.08.11	00:37:43.187	0.86614				2
2025.08.11	00:37:52.763	0.86612	0.86680			6
2025.08.11	00:37:54.289	0.86613				2
2025.08.11	00:37:57.727		0.86679			4
2025.08.11	00:37:59.387	0.86614				2
2025.08.11	00:38:01.189	0.86614				2
2025.08.11	00:38:07.977	0.86613	0.86680			6
2025.08.11	00:38:22.784		0.86679			4
2025.08.11	00:38:48.413		0.86680			4
2025.08.11	00:38:53.106		0.86679			4
2025.08.11	00:39:00.330	0.86613				2
2025.08.11	00:39:01.418	0.86611	0.86682			6
2025.08.11	00:39:02.682	0.86612				2
2025.08.11	00:39:06.290	0.86611				2
2025.08.11	00:39:07.030	0.86613	0.86681			6
2025.08.11	00:39:12.897	0.86595	0.86677			6
2025.08.11	00:39:13.496	0.86596	0.86676			6
2025.08.11	00:39:27.644	0.86597	0.86675			6
2025.08.11	00:39:27.959	0.86596	0.86676			6
2025.08.11	00:39:40.668	0.86594	0.86673			6
2025.08.11	00:39:42.886		0.86674			4
2025.08.11	00:39:52.788		0.86673			4
2025.08.11	00:39:53.738		0.86674			4
2025.08.11	00:39:55.790		0.86673			4
2025.08.11	00:40:00.892	0.86595				2
2025.08.11	00:40:02.989	0.86594				2
2025.08.11	00:40:04.787	0.86595				2
2025.08.11	00:40:51.191	0.86598	0.86674			6
2025.08.11	00:40:52.037	0.86612	0.86681			6
2025.08.11	00:40:52.392	0.86614	0.86680			6
2025.08.11	00:40:55.511		0.86679			4
2025.08.11	00:41:02.986	0.86614				2
2025.08.11	00:41:07.187		0.86680			4
2025.08.11	00:41:20.653	0.86613				2
2025.08.11	00:41:40.707	0.86612	0.86682			6
2025.08.11	00:41:41.282	0.86614	0.86680			6
2025.08.11	00:41:44.771	0.86609	0.86681			6
2025.08.11	00:41:45.523	0.86613	0.86677			6
2025.08.11	00:41:46.512	0.86609	0.86682			6
2025.08.11	00:41:47.506	0.86607	0.86683			6
2025.08.11	00:41:48.025	0.86608				2
2025.08.11	00:41:49.884	0.86606	0.86681			6
2025.08.11	00:41:55.428	0.86604	0.86682			6
2025.08.11	00:42:00.586	0.86604	0.86683			6
2025.08.11	00:42:01.527	0.86603				2
2025.08.11	00:42:02.689		0.86684			4
2025.08.11	00:42:04.489	0.86602				2
2025.08.11	00:42:05.133	0.86601	0.86685			6
2025.08.11	00:42:05.994		0.86686			4
2025.08.11	00:42:22.201		0.86684			4
2025.08.11	00:42:57.263	0.86600				2
2025.08.11	00:42:58.485	0.86601				2
2025.08.11	00:43:00.586	0.86601				2
2025.08.11	00:43:09.387	0.86598				2
2025.08.11	00:43:12.034		0.86680			4
2025.08.11	00:43:28.785	0.86599				2
2025.08.11	00:44:01.788	0.86599				2
2025.08.11	00:44:09.981	0.86598				2
2025.08.11	00:44:16.795		0.86680			4
2025.08.11	00:44:17.102	0.86597	0.86675			6
2025.08.11	00:44:47.547	0.86596				2
2025.08.11	00:44:56.000		0.86673			4
2025.08.11	00:45:00.590	0.86596				2
2025.08.11	00:45:02.490	0.86595				2
2025.08.11	00:45:03.218	0.86581	0.86646			6
2025.08.11	00:45:04.134	0.86579	0.86645			6
2025.08.11	00:45:06.553	0.86595	0.86673			6
2025.08.11	00:45:10.046	0.86607	0.86661			6
2025.08.11	00:45:12.636	0.86609	0.86671			6
2025.08.11	00:45:20.619		0.86672			4
2025.08.11	00:45:24.708	0.86610	0.86667			6
2025.08.11	00:45:26.388	0.86609				2
2025.08.11	00:45:28.497	0.86610				2
2025.08.11	00:45:49.994		0.86670			4
2025.08.11	00:45:51.250		0.86667			4
2025.08.11	00:46:00.742	0.86609				2
2025.08.11	00:46:05.204		0.86670			4
2025.08.11	00:46:09.394	0.86621	0.86665			6
2025.08.11	00:46:21.890	0.86622				2
2025.08.11	00:47:00.327	0.86622				2
2025.08.11	00:47:03.232	0.86606	0.86666			6
2025.08.11	00:47:06.595	0.86622	0.86665			6
2025.08.11	00:47:10.186		0.86664			4
2025.08.11	00:47:19.397	0.86623				2
2025.08.11	00:48:01.487	0.86623	0.86663			6
2025.08.11	00:49:00.888	0.86623				2
2025.08.11	00:49:08.399		0.86663			4
2025.08.11	00:50:03.121	0.86623				2
2025.08.11	00:50:11.687		0.86663			4
2025.08.11	00:50:20.468	0.86612	0.86702			6
2025.08.11	00:50:30.773	0.86586				2
2025.08.11	00:50:59.401		0.86703			4
2025.08.11	00:51:01.486	0.86586				2
2025.08.11	00:51:53.693	0.86623	0.86664			6
2025.08.11	00:52:02.454	0.86623				2
2025.08.11	00:52:47.687	0.86622				2
2025.08.11	00:53:01.486	0.86622	0.86664			6
2025.08.11	00:53:24.231	0.86623	0.86663			6
2025.08.11	00:53:59.040	0.86626	0.86668			6
2025.08.11	00:54:02.700	0.86626	0.86669			6
2025.08.11	00:54:14.962	0.86627	0.86668			6
2025.08.11	00:54:25.486		0.86667			4
2025.08.11	00:54:44.773	0.86624	0.86664			6
2025.08.11	00:54:55.513	0.86623	0.86667			6
2025.08.11	00:54:55.874	0.86626	0.86668			6
2025.08.11	00:54:56.588	0.86627				2
2025.08.11	00:54:57.327	0.86624	0.86667			6
2025.08.11	00:55:00.588	0.86623	0.86668			6
2025.08.11	00:55:02.691		0.86670			4
2025.08.11	00:55:07.318		0.86669			4
2025.08.11	00:55:08.088		0.86670			4
2025.08.11	00:55:22.787	0.86622				2
2025.08.11	00:55:26.987	0.86623				2
2025.08.11	00:55:56.241	0.86622				2
2025.08.11	00:56:10.520	0.86623	0.86670			6
2025.08.11	00:56:25.791	0.86622				2
2025.08.11	00:56:37.487	0.86623	0.86668			6
2025.08.11	00:57:01.838	0.86623				2
2025.08.11	00:57:02.167	0.86625	0.86671			6
2025.08.11	00:57:04.956	0.86624	0.86669			6
2025.08.11	00:57:08.088	0.86623				2
2025.08.11	00:57:23.092	0.86624	0.86668			6
2025.08.11	00:58:14.998	0.86624				2
2025.08.11	00:58:17.819	0.86619	0.86666			6
2025.08.11	00:58:20.012	0.86617	0.86712			6
2025.08.11	00:58:20.329		0.86713			4
2025.08.11	00:58:22.001	0.86610	0.86720			6
2025.08.11	00:58:26.091	0.86614	0.86719			6
2025.08.11	00:58:29.686	0.86615	0.86718			6
2025.08.11	00:58:31.788	0.86616	0.86717			6
2025.08.11	00:58:38.985	0.86617	0.86716			6
2025.08.11	00:58:41.986	0.86618	0.86715			6
2025.08.11	00:58:43.420	0.86620	0.86705			6
2025.08.11	00:58:46.186	0.86621				2
2025.08.11	00:58:51.285	0.86622				2
2025.08.11	00:58:59.988	0.86623				2
2025.08.11	00:59:01.741	0.86622	0.86711			6
2025.08.11	00:59:05.085	0.86623	0.86710			6
2025.08.11	00:59:08.039	0.86618	0.86704			6
2025.08.11	00:59:08.685	0.86619	0.86703			6
2025.08.11	00:59:10.086	0.86618	0.86702			6
2025.08.11	00:59:11.686	0.86619				2
2025.08.11	00:59:14.008	0.86620	0.86701			6
2025.08.11	00:59:16.270	0.86623	0.86703			6
2025.08.11	00:59:17.166	0.86624	0.86702			6
2025.08.11	00:59:19.195	0.86625	0.86700			6
2025.08.11	00:59:21.896	0.86626	0.86699			6
2025.08.11	00:59:23.993	0.86627	0.86698			6
2025.08.11	00:59:26.992	0.86628	0.86697			6
2025.08.11	00:59:31.489	0.86629	0.86696			6
2025.08.11	00:59:40.697	0.86630				2
2025.08.11	00:59:41.089	0.86633	0.86692			6
2025.08.11	00:59:41.838	0.86632	0.86694			6
2025.08.11	00:59:49.486		0.86693			4
2025.08.11	00:59:53.041		0.86694			4
2025.08.11	00:59:56.296	0.86631	0.86692			6
2025.08.11	00:59:56.599	0.86630	0.86687			6
2025.08.11	01:00:00.025	0.86630				2
2025.08.11	01:00:00.420	0.86607	0.86681			6
2025.08.11	01:00:00.804	0.86603	0.86690			6
2025.08.11	01:00:01.210	0.86593	0.86656			6
2025.08.11	01:00:01.517	0.86588	0.86653			6
2025.08.11	01:00:02.120		0.86658			4
2025.08.11	01:00:02.439	0.86586				2
2025.08.11	01:00:03.286	0.86589	0.86656			6
2025.08.11	01:00:03.755	0.86574	0.86681			6
2025.08.11	01:00:04.706	0.86576	0.86683			6
2025.08.11	01:00:05.010	0.86574	0.86681			6
2025.08.11	01:00:05.312	0.86572	0.86679			6
2025.08.11	01:00:05.617	0.86573	0.86680			6
2025.08.11	01:00:06.221	0.86571	0.86678			6
2025.08.11	01:00:07.132	0.86605	0.86636			6
2025.08.11	01:00:08.687		0.86658			4
2025.08.11	01:00:11.191	0.86589	0.86642			6
2025.08.11	01:00:11.497	0.86588				2
2025.08.11	01:00:12.254	0.86586				2
2025.08.11	01:00:14.387	0.86585				2
2025.08.11	01:00:15.334	0.86588				2
2025.08.11	01:00:15.861	0.86584				2
2025.08.11	01:00:16.711	0.86588				2
2025.08.11	01:00:18.886	0.86589				2
2025.08.11	01:00:19.211	0.86588	0.86631			6
2025.08.11	01:00:19.961	0.86589				2
2025.08.11	01:00:20.275	0.86588	0.86627			6
2025.08.11	01:00:21.521	0.86589				2
2025.08.11	01:00:23.539	0.86584	0.86626			6
2025.08.11	01:00:24.637	0.86590				2
2025.08.11	01:00:26.664		0.86627			4
2025.08.11	01:00:28.661	0.86591				2
2025.08.11	01:00:30.249	0.86590				2
2025.08.11	01:00:35.643		0.86630			4
2025.08.11	01:00:36.404	0.86594				2
2025.08.11	01:00:36.752		0.86631			4
2025.08.11	01:00:38.986	0.86593				2
2025.08.11	01:00:40.187	0.86594				2
2025.08.11	01:00:42.611	0.86593				2
2025.08.11	01:00:44.087	0.86594				2
2025.08.11	01:00:45.114	0.86593				2
2025.08.11	01:00:45.848	0.86597				2
2025.08.11	01:00:46.250	0.86594				2
2025.08.11	01:00:46.755	0.86595				2
2025.08.11	01:00:49.187	0.86594				2
2025.08.11	01:00:49.840	0.86595				2
2025.08.11	01:00:51.357	0.86592	0.86630			6
2025.08.11	01:00:51.933	0.86593				2
2025.08.11	01:00:53.638	0.86595	0.86631			6
2025.08.11	01:00:55.186	0.86594	0.86627			6
2025.08.11	01:00:58.187	0.86595				2
2025.08.11	01:00:59.442	0.86594				2
2025.08.11	01:00:59.948	0.86592				2
2025.08.11	01:01:00.306	0.86592	0.86630			6
2025.08.11	01:01:00.612	0.86593	0.86628			6
2025.08.11	01:01:05.713		0.86637			4
2025.08.11	01:01:07.186	0.86594				2
2025.08.11	01:01:09.219	0.86600	0.86628			6
2025.08.11	01:01:10.311	0.86595	0.86626			6
2025.08.11	01:01:10.824		0.86623			4
2025.08.11	01:01:11.541		0.86626			4
2025.08.11	01:01:11.924	0.86597	0.86621			6
2025.08.11	01:01:12.527	0.86601				2
2025.08.11	01:01:13.859	0.86603	0.86624			6
2025.08.11	01:01:14.373		0.86621			4
2025.08.11	01:01:16.002	0.86602				2
2025.08.11	01:01:18.287	0.86596				2
2025.08.11	01:01:19.053		0.86624			4
2025.08.11	01:01:23.818	0.86598				2
2025.08.11	01:01:25.792	0.86600	0.86621			6
2025.08.11	01:01:26.375	0.86596	0.86623			6
2025.08.11	01:01:28.488	0.86600	0.86621			6
2025.08.11	01:01:28.814		0.86623			4
2025.08.11	01:01:29.560		0.86622			4
2025.08.11	01:01:35.688	0.86601	0.86626			6
2025.08.11	01:01:36.757		0.86625			4
2025.08.11	01:01:37.144		0.86622			4
2025.08.11	01:01:40.021		0.86625			4
2025.08.11	01:01:41.755	0.86600				2
2025.08.11	01:01:42.555		0.86622			4
2025.08.11	01:01:45.013		0.86621			4
2025.08.11	01:01:46.306		0.86623			4
2025.08.11	01:01:47.386		0.86624			4
2025.08.11	01:01:54.282		0.86623			4
2025.08.11	01:01:57.286		0.86621			4
2025.08.11	01:02:00.679	0.86600				2
2025.08.11	01:02:01.397	0.86597	0.86619			6
2025.08.11	01:02:01.702	0.86598				2
2025.08.11	01:02:06.525	0.86596				2
2025.08.11	01:02:09.348	0.86598				2
2025.08.11	01:02:10.864	0.86599	0.86621			6
2025.08.11	01:02:13.393	0.86598	0.86617			6
2025.08.11	01:02:13.694		0.86618			4
2025.08.11	01:02:22.242	0.86603	0.86620			6
2025.08.11	01:02:22.544	0.86601	0.86619			6
2025.08.11	01:02:23.390		0.86620			4
2025.08.11	01:02:26.354	0.86602				2
2025.08.11	01:02:27.887		0.86621			4
2025.08.11	01:02:31.487		0.86620			4
2025.08.11	01:02:39.374	0.86601	0.86619			6
2025.08.11	01:02:40.383	0.86598				2
2025.08.11	01:02:41.191	0.86599	0.86618			6
2025.08.11	01:02:42.380	0.86598	0.86617			6
2025.08.11	01:02:44.992		0.86616			4
2025.08.11	01:02:51.502	0.86600	0.86617			6
2025.08.11	01:02:52.186	0.86601				2
2025.08.11	01:02:55.583	0.86603				2
2025.08.11	01:02:59.988		0.86618			4
2025.08.11	01:03:00.489	0.86600	0.86616			6
2025.08.11	01:03:04.187	0.86603	0.86618			6
2025.08.11	01:03:05.425		0.86619			4
2025.08.11	01:03:09.908		0.86618			4
2025.08.11	01:03:10.814		0.86619			4
2025.08.11	01:03:12.642	0.86600	0.86617			6
2025.08.11	01:03:15.042		0.86615			4
2025.08.11	01:03:15.426		0.86614			4
2025.08.11	01:03:15.741	0.86598				2
2025.08.11	01:03:16.723	0.86600	0.86615			6
2025.08.11	01:03:17.089		0.86616			4
2025.08.11	01:03:17.550		0.86615			4
2025.08.11	01:03:18.555		0.86616			4
2025.08.11	01:03:19.787		0.86615			4
2025.08.11	01:03:23.830		0.86616			4
2025.08.11	01:03:28.186		0.86615			4
2025.08.11	01:03:51.593	0.86602				2
2025.08.11	01:03:54.497	0.86601	0.86614			6
2025.08.11	01:03:56.987		0.86615			4
2025.08.11	01:04:02.129	0.86600	0.86613			6
2025.08.11	01:04:03.111		0.86614			4
2025.08.11	01:04:03.416	0.86602				2
2025.08.11	01:04:06.578		0.86613			4
2025.08.11	01:04:11.986	0.86601	0.86612			6
2025.08.11	01:04:13.951		0.86613			4
2025.08.11	01:04:14.686		0.86612			4
2025.08.11	01:04:38.089		0.86611			4
2025.08.11	01:04:39.288		0.86612			4
2025.08.11	01:04:44.239	0.86597	0.86610			6
2025.08.11	01:04:45.257	0.86596	0.86607			6
2025.08.11	01:04:45.663	0.86594	0.86605			6
2025.08.11	01:04:49.488	0.86597	0.86607			6
2025.08.11	01:04:49.800		0.86608			4
2025.08.11	01:04:56.382	0.86599	0.86609			6
2025.08.11	01:05:00.364	0.86595	0.86607			6
2025.08.11	01:05:03.877		0.86606			4
2025.08.11	01:05:04.792		0.86607			4
2025.08.11	01:05:26.987		0.86606			4
2025.08.11	01:06:00.428	0.86595				2
2025.08.11	01:06:03.247	0.86594				2
2025.08.11	01:06:03.804	0.86593				2
2025.08.11	01:06:05.389	0.86594				2
2025.08.11	01:06:05.800	0.86595				2
2025.08.11	01:06:17.987		0.86605			4
2025.08.11	01:06:21.129		0.86604			4
2025.08.11	01:06:30.702	0.86594	0.86603			6
2025.08.11	01:06:31.186		0.86604			4
2025.08.11	01:06:35.177	0.86598	0.86607			6
2025.08.11	01:06:37.191	0.86597	0.86606			6
2025.08.11	01:06:38.092	0.86595				2
2025.08.11	01:06:38.981	0.86596				2
2025.08.11	01:06:40.487		0.86607			4
2025.08.11	01:06:41.257		0.86606			4
2025.08.11	01:06:43.186		0.86605			4
2025.08.11	01:06:50.820	0.86599	0.86609			6
2025.08.11	01:07:00.287	0.86599				2
2025.08.11	01:07:00.743	0.86602	0.86611			6
2025.08.11	01:07:01.421	0.86603				2
2025.08.11	01:07:02.092	0.86605	0.86612			6
2025.08.11	01:07:02.416	0.86602	0.86610			6
2025.08.11	01:07:04.869	0.86601	0.86609			6
2025.08.11	01:07:06.161	0.86603				2
2025.08.11	01:07:07.487		0.86610			4
2025.08.11	01:07:09.171	0.86599	0.86609			6
2025.08.11	01:07:10.186	0.86600	0.86608			6
2025.08.11	01:07:10.499	0.86598	0.86607			6
2025.08.11	01:07:11.400	0.86597				2
2025.08.11	01:07:19.786		0.86605			4
2025.08.11	01:07:22.197	0.86598	0.86607			6
2025.08.11	01:07:26.961	0.86602	0.86609			6
2025.08.11	01:07:32.685		0.86612			4
2025.08.11	01:07:32.998	0.86603	0.86611			6
2025.08.11	01:07:33.952	0.86600	0.86606			6
2025.08.11	01:07:35.390		0.86607			4
2025.08.11	01:07:36.586		0.86606			4
2025.08.11	01:07:38.086		0.86610			4
2025.08.11	01:07:43.691	0.86606	0.86612			6
2025.08.11	01:07:44.687	0.86600	0.86611			6
2025.08.11	01:07:49.032	0.86603				2
2025.08.11	01:07:54.406	0.86607	0.86613			6
2025.08.11	01:08:00.646	0.86607				2
2025.08.11	01:08:02.061		0.86614			4
2025.08.11	01:08:03.797	0.86608	0.86615			6
2025.08.11	01:08:10.246	0.86607				2
2025.08.11	01:08:10.696		0.86614			4
2025.08.11	01:08:16.681	0.86613	0.86619			6
2025.08.11	01:08:17.431	0.86612				2
2025.08.11	01:08:23.122	0.86615	0.86623			6
2025.08.11	01:08:23.438		0.86624			4
2025.08.11	01:08:29.386	0.86613	0.86623			6
2025.08.11	01:08:29.698	0.86612	0.86622			6
2025.08.11	01:08:33.330		0.86621			4
2025.08.11	01:08:36.013	0.86615	0.86624			6
2025.08.11	01:08:39.385	0.86616				2
2025.08.11	01:08:42.409	0.86619	0.86625			6
2025.08.11	01:08:44.792		0.86626			4
2025.08.11	01:08:45.714	0.86620				2
2025.08.11	01:08:48.893	0.86616	0.86621			6
2025.08.11	01:08:49.885	0.86618	0.86625			6
2025.08.11	01:08:50.517	0.86617	0.86624			6
2025.08.11	01:08:52.855		0.86625			4
2025.08.11	01:08:53.686	0.86616				2
2025.08.11	01:08:53.991		0.86622			4
2025.08.11	01:08:55.021	0.86613	0.86619			6
2025.08.11	01:08:55.326	0.86616				2
2025.08.11	01:08:55.637		0.86620			4
2025.08.11	01:09:00.587	0.86616				2
2025.08.11	01:09:01.773	0.86620	0.86622			6
2025.08.11	01:09:02.347		0.86623			4
2025.08.11	01:09:03.851		0.86624			4
2025.08.11	01:09:04.978	0.86624	0.86629			6
2025.08.11	01:09:05.289	0.86627	0.86630			6
2025.08.11	01:09:06.840	0.86626				2
2025.08.11	01:09:07.147	0.86627	0.86631			6
2025.08.11	01:09:07.453	0.86626				2
2025.08.11	01:09:08.740	0.86627				2
2025.08.11	01:09:16.677		0.86630			4
2025.08.11	01:09:18.821	0.86626				2
2025.08.11	01:09:19.855	0.86627	0.86631			6
2025.08.11	01:09:20.158	0.86626				2
2025.08.11	01:09:29.531		0.86632			4
2025.08.11	01:09:33.202	0.86621	0.86628			6
2025.08.11	01:09:33.879	0.86625	0.86629			6
2025.08.11	01:09:34.604	0.86623	0.86630			6
2025.08.11	01:09:34.920	0.86626	0.86629			6
2025.08.11	01:09:35.843		0.86630			4
2025.08.11	01:09:40.066	0.86628	0.86634			6
2025.08.11	01:09:40.966	0.86626				2
2025.08.11	01:09:43.140		0.86630			4
2025.08.11	01:09:44.347	0.86625	0.86633			6
2025.08.11	01:09:44.654	0.86624				2
2025.08.11	01:09:50.387	0.86625				2
2025.08.11	01:09:56.985	0.86624				2
2025.08.11	01:10:00.326	0.86627	0.86634			6
2025.08.11	01:10:01.318	0.86623	0.86631			6
2025.08.11	01:10:03.320	0.86622				2
2025.08.11	01:10:05.318	0.86623				2
2025.08.11	01:10:11.687	0.86627	0.86634			6
2025.08.11	01:10:16.187	0.86626				2
2025.08.11	01:10:23.297	0.86628	0.86635			6
2025.08.11	01:10:44.538		0.86636			4
2025.08.11	01:10:51.271	0.86626				2
2025.08.11	01:11:00.658	0.86626	0.86635			6
2025.08.11	01:11:05.750	0.86627	0.86632			6
2025.08.11	01:11:12.830	0.86624	0.86630			6
2025.08.11	01:11:14.590	0.86623	0.86629			6
2025.08.11	01:11:14.919	0.86624	0.86630			6
2025.08.11	01:11:20.683		0.86629			4
2025.08.11	01:11:23.112		0.86630			4
2025.08.11	01:11:28.757		0.86629			4
2025.08.11	01:11:30.571	0.86625				2
2025.08.11	01:11:31.509	0.86629	0.86631			6
2025.08.11	01:11:32.687	0.86628				2
2025.08.11	01:11:33.243	0.86627				2
2025.08.11	01:11:33.690	0.86624	0.86629			6
2025.08.11	01:11:34.916		0.86630			4
2025.08.11	01:11:39.850	0.86627				2
2025.08.11	01:11:52.499	0.86626				2
2025.08.11	01:11:56.080	0.86624				2
2025.08.11	01:12:00.420	0.86624				2
2025.08.11	01:12:09.190	0.86626	0.86631			6
2025.08.11	01:12:23.796	0.86625				2
2025.08.11	01:12:24.100		0.86632			4
2025.08.11	01:12:24.620	0.86624				2
2025.08.11	01:12:25.023		0.86631			4
2025.08.11	01:12:25.968		0.86632			4
2025.08.11	01:12:31.177	0.86625	0.86631			6
2025.08.11	01:12:36.927	0.86626				2
2025.08.11	01:12:37.971		0.86630			4
2025.08.11	01:12:43.491	0.86625				2
2025.08.11	01:12:48.875	0.86626				2
2025.08.11	01:12:50.686	0.86625				2
2025.08.11	01:12:54.888	0.86626				2
2025.08.11	01:12:59.409	0.86625				2
2025.08.11	01:13:05.085	0.86625				2
2025.08.11	01:13:10.788	0.86626	0.86631			6
2025.08.11	01:13:11.100	0.86627	0.86632			6
2025.08.11	01:13:39.371		0.86634			4
2025.08.11	01:13:53.876	0.86626				2
2025.08.11	01:14:00.589	0.86626				2
2025.08.11	01:14:07.495	0.86627				2
2025.08.11	01:14:12.034	0.86628				2
2025.08.11	01:14:13.465	0.86627				2
2025.08.11	01:14:16.789	0.86626				2
2025.08.11	01:14:27.439	0.86630	0.86633			6
2025.08.11	01:14:28.111		0.86634			4
2025.08.11	01:14:29.229	0.86631				2
2025.08.11	01:14:32.750		0.86635			4
2025.08.11	01:14:33.858	0.86630				2
2025.08.11	01:14:34.496	0.86629				2
2025.08.11	01:14:35.922	0.86628				2
2025.08.11	01:14:56.686		0.86634			4
2025.08.11	01:15:00.382	0.86628				2
2025.08.11	01:15:20.945	0.86627	0.86633			6
2025.08.11	01:15:21.659	0.86622	0.86629			6
2025.08.11	01:15:22.348	0.86623	0.86628			6
2025.08.11	01:15:22.649	0.86622				2
2025.08.11	01:15:57.022		0.86627			4
2025.08.11	01:15:58.479		0.86628			4
2025.08.11	01:16:00.313	0.86622				2
2025.08.11	01:16:04.189	0.86624				2
2025.08.11	01:16:06.684	0.86622				2
2025.08.11	01:16:25.142	0.86624				2
2025.08.11	01:16:30.327		0.86629			4
2025.08.11	01:16:49.331	0.86628	0.86630			6
2025.08.11	01:16:49.649	0.86626				2
2025.08.11	01:17:00.632	0.86626				2
2025.08.11	01:17:01.579	0.86625	0.86629			6
2025.08.11	01:17:02.348	0.86624				2
2025.08.11	01:17:06.501	0.86625				2
2025.08.11	01:17:07.380		0.86628			4
2025.08.11	01:17:14.879	0.86623				2
2025.08.11	01:17:31.600	0.86624				2
2025.08.11	01:18:02.040	0.86624				2
2025.08.11	01:18:07.407		0.86627			4
2025.08.11	01:18:07.787		0.86628			4
2025.08.11	01:18:26.774	0.86625				2
2025.08.11	01:18:30.722	0.86624				2
2025.08.11	01:18:32.910	0.86625				2
2025.08.11	01:18:34.486	0.86624				2
2025.08.11	01:18:35.190	0.86625				2
2025.08.11	01:19:01.187	0.86625				2
2025.08.11	01:19:08.511		0.86628			4
2025.08.11	01:19:18.374	0.86623				2
2025.08.11	01:19:23.743		0.86627			4
2025.08.11	01:19:24.925	0.86622				2
2025.08.11	01:19:26.688	0.86623				2
2025.08.11	01:19:28.237	0.86622				2
2025.08.11	01:19:32.771	0.86620				2
2025.08.11	01:19:33.079	0.86623	0.86628			6
2025.08.11	01:19:53.130		0.86627			4
2025.08.11	01:20:00.330	0.86623				2
2025.08.11	01:20:03.043		0.86628			4
2025.08.11	01:20:03.350	0.86622				2
2025.08.11	01:20:03.755		0.86625			4
2025.08.11	01:20:04.745	0.86621	0.86626			6
2025.08.11	01:20:05.834	0.86620				2
2025.08.11	01:20:06.329	0.86619				2
2025.08.11	01:20:07.303		0.86625			4
2025.08.11	01:20:08.986	0.86620				2
2025.08.11	01:20:12.980		0.86624			4
2025.08.11	01:20:17.086	0.86619				2
2025.08.11	01:20:18.701	0.86621				2
2025.08.11	01:20:19.453	0.86619				2
2025.08.11	01:20:23.064	0.86620				2
2025.08.11	01:20:38.138	0.86622	0.86625			6
2025.08.11	01:20:38.550	0.86619				2
2025.08.11	01:20:40.353	0.86618				2
2025.08.11	01:20:41.775	0.86619				2
2025.08.11	01:20:43.789	0.86618				2
2025.08.11	01:20:53.623	0.86619				2
2025.08.11	01:20:53.931	0.86618				2
2025.08.11	01:21:00.642	0.86618				2
2025.08.11	01:21:18.479	0.86617	0.86624			6
2025.08.11	01:21:19.786	0.86618				2
2025.08.11	01:21:27.246	0.86617				2
2025.08.11	01:22:00.030	0.86617				2
2025.08.11	01:22:11.243	0.86618				2
2025.08.11	01:22:11.559	0.86619	0.86625			6
2025.08.11	01:22:25.652	0.86620	0.86624			6
2025.08.11	01:22:30.798	0.86621				2
2025.08.11	01:22:33.886	0.86618				2
2025.08.11	01:22:38.281	0.86623				2
2025.08.11	01:22:38.680	0.86621	0.86625			6
2025.08.11	01:23:00.886	0.86621				2
2025.08.11	01:23:30.684	0.86619	0.86624			6
2025.08.11	01:23:40.081	0.86620				2
2025.08.11	01:24:00.165	0.86620				2
2025.08.11	01:24:31.115		0.86624			4
2025.08.11	01:24:35.643	0.86622	0.86626			6
2025.08.11	01:24:47.633	0.86619	0.86625			6
2025.08.11	01:24:50.853	0.86621				2
2025.08.11	01:24:54.304	0.86622				2
2025.08.11	01:24:55.113	0.86620				2
2025.08.11	01:24:55.589	0.86619				2
2025.08.11	01:24:58.575	0.86621				2
2025.08.11	01:24:59.354	0.86620				2
2025.08.11	01:25:00.127	0.86620				2
2025.08.11	01:25:00.505	0.86619				2
2025.08.11	01:25:46.306	0.86621				2
2025.08.11	01:25:48.327		0.86625			4
2025.08.11	01:25:54.931	0.86620				2
2025.08.11	01:26:01.870	0.86620				2
2025.08.11	01:26:49.200		0.86625			4
2025.08.11	01:27:00.287	0.86620				2
2025.08.11	01:27:12.561	0.86621				2
2025.08.11	01:27:22.593	0.86622				2
2025.08.11	01:27:31.859	0.86619				2
2025.08.11	01:27:39.287	0.86622	0.86626			6
2025.08.11	01:27:45.134	0.86619				2
2025.08.11	01:27:46.205	0.86622				2
2025.08.11	01:27:51.140	0.86619				2
2025.08.11	01:28:01.837	0.86619				2
2025.08.11	01:28:04.002	0.86622				2
2025.08.11	01:28:31.551	0.86621	0.86624			6
2025.08.11	01:28:37.269	0.86622				2
2025.08.11	01:29:00.325	0.86622				2
2025.08.11	01:29:05.197	0.86621	0.86626			6
2025.08.11	01:29:06.287		0.86625			4
2025.08.11	01:29:13.432		0.86626			4
2025.08.11	01:29:16.673	0.86622	0.86625			6
2025.08.11	01:29:25.721	0.86621	0.86626			6
2025.08.11	01:29:30.516	0.86618	0.86625			6
2025.08.11	01:29:32.686	0.86619				2
2025.08.11	01:29:44.107		0.86624			4
2025.08.11	01:29:45.606		0.86623			4
2025.08.11	01:29:48.025		0.86624			4
2025.08.11	01:29:51.286	0.86615	0.86622			6
2025.08.11	01:29:51.939	0.86617	0.86623			6
2025.08.11	01:29:57.270	0.86619				2
2025.08.11	01:30:00.314	0.86617				2
2025.08.11	01:30:03.076	0.86619	0.86620			6
2025.08.11	01:30:04.623	0.86620	0.86621			6
2025.08.11	01:30:05.835	0.86621	0.86622			6
2025.08.11	01:30:06.743	0.86619	0.86626			6
2025.08.11	01:30:07.101	0.86621				2
2025.08.11	01:30:15.353	0.86617	0.86622			6
2025.08.11	01:30:15.662	0.86616	0.86620			6
2025.08.11	01:30:17.569	0.86619	0.86623			6
2025.08.11	01:30:19.193	0.86617	0.86621			6
2025.08.11	01:30:20.325	0.86615	0.86620			6
2025.08.11	01:30:20.864	0.86616	0.86621			6
2025.08.11	01:30:27.491	0.86617	0.86622			6
2025.08.11	01:30:28.211	0.86616				2
2025.08.11	01:30:29.987		0.86621			4
2025.08.11	01:30:32.998	0.86615				2
2025.08.11	01:30:33.752	0.86616				2
2025.08.11	01:30:38.833	0.86619	0.86622			6
2025.08.11	01:30:58.664		0.86623			4
2025.08.11	01:30:59.075		0.86622			4
2025.08.11	01:31:00.203	0.86619	0.86623			6
2025.08.11	01:31:00.971		0.86622			4
2025.08.11	01:31:05.067		0.86624			4
2025.08.11	01:31:20.691	0.86620	0.86625			6
2025.08.11	01:31:20.999	0.86621				2
2025.08.11	01:31:21.323	0.86623	0.86626			6
2025.08.11	01:31:34.187	0.86621	0.86625			6
2025.08.11	01:31:38.768		0.86624			4
2025.08.11	01:31:41.085		0.86625			4
2025.08.11	01:31:41.675		0.86624			4
2025.08.11	01:31:44.576	0.86618				2
2025.08.11	01:31:45.780	0.86619				2
2025.08.11	01:31:50.372	0.86620				2
2025.08.11	01:31:53.947	0.86619				2
2025.08.11	01:31:54.824	0.86620				2
2025.08.11	01:31:59.849	0.86624	0.86627			6
2025.08.11	01:32:00.380	0.86624				2
2025.08.11	01:32:00.685	0.86620	0.86626			6
2025.08.11	01:32:08.725	0.86622				2
2025.08.11	01:32:09.079	0.86620				2
2025.08.11	01:32:10.986	0.86619				2
2025.08.11	01:32:14.702	0.86620				2
2025.08.11	01:32:17.686	0.86619				2
2025.08.11	01:32:18.576	0.86620				2
2025.08.11	01:32:29.782	0.86619				2
2025.08.11	01:32:31.283	0.86620				2
2025.08.11	01:32:35.678	0.86621				2
2025.08.11	01:32:37.528	0.86620				2
2025.08.11	01:32:38.233		0.86625			4
2025.08.11	01:32:39.205		0.86624			4
2025.08.11	01:32:41.086		0.86625			4
2025.08.11	01:32:43.450		0.86624			4
2025.08.11	01:32:45.312		0.86625			4
2025.08.11	01:32:46.347	0.86621				2
2025.08.11	01:32:49.839	0.86620	0.86624			6
2025.08.11	01:32:52.518	0.86622	0.86625			6
2025.08.11	01:33:00.627	0.86622				2
2025.08.11	01:33:02.502	0.86621				2
2025.08.11	01:33:22.227	0.86619				2
2025.08.11	01:33:23.299	0.86621				2
2025.08.11	01:33:25.837	0.86619	0.86623			6
2025.08.11	01:33:29.571	0.86620	0.86624			6
2025.08.11	01:33:30.209	0.86619	0.86623			6
2025.08.11	01:33:44.195	0.86620	0.86624			6
2025.08.11	01:33:54.326	0.86621				2
2025.08.11	01:34:00.124	0.86621				2
2025.08.11	01:34:02.790		0.86625			4
2025.08.11	01:34:03.484		0.86624			4
2025.08.11	01:34:03.882		0.86625			4
2025.08.11	01:34:12.620	0.86623				2
2025.08.11	01:34:17.354	0.86621				2
2025.08.11	01:34:23.040	0.86622				2
2025.08.11	01:34:23.606		0.86626			4
2025.08.11	01:34:36.787		0.86625			4
2025.08.11	01:34:38.348	0.86621				2
2025.08.11	01:34:40.731	0.86620				2
2025.08.11	01:34:41.475	0.86621				2
2025.08.11	01:34:42.135	0.86622				2
2025.08.11	01:34:51.624	0.86621				2
2025.08.11	01:34:53.861		0.86624			4
2025.08.11	01:35:00.681	0.86621				2
2025.08.11	01:35:10.151	0.86620				2
2025.08.11	01:35:12.360	0.86622	0.86625			6
2025.08.11	01:35:22.487	0.86623				2
2025.08.11	01:35:22.800	0.86622	0.86626			6
2025.08.11	01:35:24.833		0.86625			4
2025.08.11	01:36:00.286	0.86623				2
2025.08.11	01:36:00.593	0.86620				2
2025.08.11	01:36:01.461	0.86621				2
2025.08.11	01:36:02.133	0.86619				2
2025.08.11	01:36:06.292	0.86620	0.86624			6
2025.08.11	01:36:20.215	0.86621	0.86625			6
2025.08.11	01:36:20.983	0.86623				2
2025.08.11	01:36:22.857		0.86626			4
2025.08.11	01:36:46.847	0.86622				2
2025.08.11	01:37:00.723	0.86622				2
2025.08.11	01:37:21.362	0.86621	0.86625			6
2025.08.11	01:37:25.192		0.86626			4
2025.08.11	01:37:27.889		0.86625			4
2025.08.11	01:37:37.984	0.86623				2
2025.08.11	01:37:40.804	0.86624	0.86626			6
2025.08.11	01:37:43.837	0.86623				2
2025.08.11	01:38:00.356	0.86623				2
2025.08.11	01:38:11.428	0.86624				2
2025.08.11	01:38:16.563		0.86625			4
2025.08.11	01:38:32.020	0.86622				2
2025.08.11	01:38:47.264	0.86621				2
2025.08.11	01:39:02.047	0.86621				2
2025.08.11	01:39:07.852		0.86624			4
2025.08.11	01:39:50.941	0.86623	0.86625			6
2025.08.11	01:40:01.566	0.86623				2
2025.08.11	01:40:02.036	0.86622				2
2025.08.11	01:40:17.626	0.86619	0.86624			6
2025.08.11	01:40:19.178	0.86622				2
2025.08.11	01:40:21.712		0.86625			4
2025.08.11	01:40:53.646	0.86623	0.86626			6
2025.08.11	01:40:57.050	0.86624				2
2025.08.11	01:41:00.367	0.86623				2
2025.08.11	01:41:23.332		0.86627			4
2025.08.11	01:41:23.663	0.86624				2
2025.08.11	01:41:32.300	0.86625				2
2025.08.11	01:41:32.846	0.86624				2
2025.08.11	01:41:37.164	0.86623				2
2025.08.11	01:41:39.540	0.86624	0.86628			6
2025.08.11	01:41:44.958	0.86625				2
2025.08.11	01:41:50.993	0.86624				2
2025.08.11	01:41:51.703	0.86623				2
2025.08.11	01:42:00.819	0.86623				2
2025.08.11	01:42:20.086	0.86626	0.86629			6
2025.08.11	01:42:27.167	0.86625	0.86628			6
2025.08.11	01:42:28.706	0.86626				2
2025.08.11	01:42:36.356	0.86625				2
2025.08.11	01:42:40.188	0.86626	0.86629			6
2025.08.11	01:42:41.077	0.86624	0.86628			6
2025.08.11	01:43:00.067	0.86624				2
2025.08.11	01:43:03.180	0.86626	0.86629			6
2025.08.11	01:43:31.152		0.86628			4
2025.08.11	01:43:31.674	0.86628	0.86631			6
2025.08.11	01:43:31.981	0.86625	0.86630			6
2025.08.11	01:43:34.881	0.86624				2
2025.08.11	01:43:37.655	0.86627				2
2025.08.11	01:43:40.316	0.86626	0.86629			6
2025.08.11	01:43:41.373	0.86623				2
2025.08.11	01:43:42.011	0.86624				2
2025.08.11	01:43:51.286	0.86625				2
2025.08.11	01:43:52.241		0.86630			4
2025.08.11	01:43:59.785	0.86627				2
2025.08.11	01:44:06.058	0.86625	0.86629			6
2025.08.11	01:44:13.596	0.86627				2
2025.08.11	01:44:14.112	0.86625				2
2025.08.11	01:44:14.528	0.86626				2
2025.08.11	01:44:14.835	0.86625				2
2025.08.11	01:44:16.467	0.86627				2
2025.08.11	01:44:18.101	0.86625				2
2025.08.11	01:44:24.798	0.86627				2
2025.08.11	01:44:25.222	0.86625				2
2025.08.11	01:44:28.786	0.86624				2
2025.08.11	01:44:35.385	0.86626				2
2025.08.11	01:44:50.735	0.86624				2
2025.08.11	01:45:00.742	0.86627				2
2025.08.11	01:45:01.784		0.86630			4
2025.08.11	01:45:02.098	0.86628				2
2025.08.11	01:45:06.907	0.86626				2
2025.08.11	01:45:07.421	0.86628				2
2025.08.11	01:45:09.525	0.86626				2
2025.08.11	01:45:09.941	0.86628				2
2025.08.11	01:45:10.977	0.86626				2
2025.08.11	01:45:14.008	0.86629				2
2025.08.11	01:45:56.126		0.86631			4
2025.08.11	01:46:00.314	0.86629				2
2025.08.11	01:46:15.487		0.86632			4
2025.08.11	01:46:19.200		0.86633			4
2025.08.11	01:47:04.140	0.86629				2
2025.08.11	01:47:19.471		0.86633			4
2025.08.11	01:47:28.371	0.86631				2
2025.08.11	01:47:29.242	0.86633	0.86634			6
2025.08.11	01:47:30.361		0.86635			4
2025.08.11	01:47:44.733	0.86634	0.86636			6
2025.08.11	01:48:01.449	0.86634				2
2025.08.11	01:48:03.449	0.86633				2
2025.08.11	01:48:16.520	0.86634				2
2025.08.11	01:48:45.417		0.86636			4
2025.08.11	01:48:48.367		0.86637			4
2025.08.11	01:48:55.689		0.86638			4
2025.08.11	01:48:56.356	0.86635				2
2025.08.11	01:49:01.760	0.86635				2
2025.08.11	01:49:03.385	0.86633	0.86637			6
2025.08.11	01:49:07.622	0.86632	0.86635			6
2025.08.11	01:49:11.699	0.86633	0.86636			6
2025.08.11	01:49:12.813	0.86632				2
2025.08.11	01:49:13.365		0.86635			4
2025.08.11	01:49:14.687	0.86631				2
2025.08.11	01:49:18.288	0.86632				2
2025.08.11	01:49:43.115	0.86631				2
2025.08.11	01:49:51.701	0.86632				2
2025.08.11	01:49:54.586	0.86633				2
2025.08.11	01:50:00.306	0.86633				2
2025.08.11	01:50:13.635		0.86635			4
2025.08.11	01:50:49.866		0.86636			4
2025.08.11	01:50:52.236	0.86632				2
2025.08.11	01:51:00.019	0.86632				2
2025.08.11	01:51:01.064		0.86637			4
2025.08.11	01:51:01.378	0.86633				2
2025.08.11	01:51:07.836		0.86636			4
2025.08.11	01:51:10.506	0.86634				2
2025.08.11	01:51:11.323	0.86633				2
2025.08.11	01:51:14.891	0.86632				2
2025.08.11	01:51:27.338	0.86633	0.86639			6
2025.08.11	01:51:27.674	0.86634				2
2025.08.11	01:51:28.116	0.86633				2
2025.08.11	01:51:29.889	0.86634				2
2025.08.11	01:51:32.969	0.86635	0.86640			6
2025.08.11	01:51:36.717	0.86636				2
2025.08.11	01:51:37.363	0.86635				2
2025.08.11	01:51:41.881	0.86636				2
2025.08.11	01:51:45.969	0.86635				2
2025.08.11	01:51:46.370	0.86636				2
2025.08.11	01:51:59.535		0.86641			4
2025.08.11	01:52:00.728	0.86636				2
2025.08.11	01:52:01.317		0.86640			4
2025.08.11	01:52:08.527		0.86641			4
2025.08.11	01:52:14.237		0.86639			4
2025.08.11	01:52:17.118	0.86637	0.86640			6
2025.08.11	01:52:19.374	0.86636				2
2025.08.11	01:52:21.680	0.86635				2
2025.08.11	01:52:24.798	0.86637				2
2025.08.11	01:52:36.929		0.86641			4
2025.08.11	01:52:38.302		0.86640			4
2025.08.11	01:53:00.127	0.86637				2
2025.08.11	01:53:10.877		0.86639			4
2025.08.11	01:53:40.537	0.86634	0.86638			6
2025.08.11	01:53:41.860	0.86637	0.86639			6
2025.08.11	01:53:48.783	0.86638	0.86641			6
2025.08.11	01:54:00.637	0.86638				2
2025.08.11	01:54:04.204	0.86637	0.86640			6
2025.08.11	01:54:44.676		0.86641			4
2025.08.11	01:54:45.376	0.86638	0.86642			6
2025.08.11	01:55:00.030	0.86638				2
2025.08.11	01:55:32.088	0.86637	0.86641			6
2025.08.11	01:55:56.064	0.86638	0.86642			6
2025.08.11	01:55:58.818	0.86637	0.86639			6
2025.08.11	01:55:59.824	0.86636				2
2025.08.11	01:56:00.184	0.86636	0.86638			6
2025.08.11	01:56:01.416	0.86637				2
2025.08.11	01:56:04.285		0.86639			4
2025.08.11	01:56:04.810	0.86636				2
2025.08.11	01:56:25.593	0.86635	0.86638			6
2025.08.11	01:56:26.200	0.86636				2
2025.08.11	01:57:00.151	0.86636				2
2025.08.11	01:57:16.508		0.86639			4
2025.08.11	01:57:25.510	0.86635	0.86638			6
2025.08.11	01:57:46.515	0.86636				2
2025.08.11	01:57:59.129	0.86637	0.86639			6
2025.08.11	01:58:06.987	0.86637				2
2025.08.11	01:58:13.852		0.86638			4
2025.08.11	01:58:17.422		0.86639			4
2025.08.11	01:58:27.686	0.86636	0.86640			6
2025.08.11	01:58:29.148	0.86638	0.86639			6
2025.08.11	01:58:35.011		0.86640			4
2025.08.11	01:58:50.096	0.86637				2
2025.08.11	01:59:00.646	0.86637				2
2025.08.11	01:59:01.402		0.86639			4
2025.08.11	01:59:41.774		0.86640			4
2025.08.11	01:59:42.820	0.86640	0.86641			6
2025.08.11	01:59:48.772	0.86639	0.86640			6
2025.08.11	01:59:54.485		0.86641			4
2025.08.11	01:59:58.468	0.86640				2
2025.08.11	02:00:00.314	0.86639	0.86640			6
2025.08.11	02:00:03.364	0.86640	0.86641			6
2025.08.11	02:00:06.372	0.86635	0.86639			6
2025.08.11	02:00:06.681	0.86634	0.86638			6
2025.08.11	02:00:08.371		0.86636			4
2025.08.11	02:00:10.340	0.86633				2
2025.08.11	02:00:11.931	0.86632				2
2025.08.11	02:00:12.237		0.86635			4
2025.08.11	02:00:15.818	0.86633	0.86636			6
2025.08.11	02:00:19.208	0.86634				2
2025.08.11	02:00:20.576		0.86637			4
2025.08.11	02:00:39.531	0.86635				2
2025.08.11	02:00:39.839		0.86638			4
2025.08.11	02:00:44.516	0.86634	0.86637			6
2025.08.11	02:00:49.186	0.86635	0.86636			6
2025.08.11	02:00:49.497	0.86634				2
2025.08.11	02:00:54.334		0.86637			4
2025.08.11	02:01:00.327	0.86634				2
2025.08.11	02:01:22.449	0.86635				2
2025.08.11	02:01:27.234		0.86638			4
2025.08.11	02:01:33.336	0.86636				2
2025.08.11	02:01:57.057	0.86638	0.86639			6
2025.08.11	02:02:00.547	0.86638				2
2025.08.11	02:02:02.654	0.86636				2
2025.08.11	02:02:11.946	0.86635	0.86638			6
2025.08.11	02:02:24.146		0.86637			4
2025.08.11	02:02:28.964		0.86636			4
2025.08.11	02:02:32.631	0.86634	0.86637			6
2025.08.11	02:02:40.077	0.86635				2
2025.08.11	02:02:45.140		0.86638			4
2025.08.11	02:02:50.112		0.86637			4
2025.08.11	02:02:53.653	0.86632	0.86634			6
2025.08.11	02:02:54.096	0.86631				2
2025.08.11	02:02:54.398	0.86633				2
2025.08.11	02:02:54.728		0.86635			4
2025.08.11	02:03:00.636	0.86633				2
2025.08.11	02:03:01.078	0.86632	0.86634			6
2025.08.11	02:03:01.713	0.86633				2
2025.08.11	02:03:10.883	0.86632				2
2025.08.11	02:03:14.923	0.86631	0.86635			6
2025.08.11	02:03:17.232	0.86632	0.86634			6
2025.08.11	02:03:18.433	0.86633	0.86635			6
2025.08.11	02:03:54.261	0.86634	0.86636			6
2025.08.11	02:03:56.098	0.86633				2
2025.08.11	02:03:59.118	0.86634	0.86637			6
2025.08.11	02:04:00.460	0.86633	0.86635			6
2025.08.11	02:04:04.081	0.86634	0.86636			6
2025.08.11	02:04:04.398	0.86635	0.86637			6
2025.08.11	02:04:04.917		0.86636			4
2025.08.11	02:04:06.305	0.86634				2
2025.08.11	02:04:13.156	0.86633				2
2025.08.11	02:04:19.659	0.86635				2
2025.08.11	02:04:19.980	0.86634	0.86637			6
2025.08.11	02:04:21.524	0.86635				2
2025.08.11	02:04:24.571	0.86634				2
2025.08.11	02:04:25.827	0.86633	0.86634			6
2025.08.11	02:04:26.352	0.86632	0.86635			6
2025.08.11	02:04:35.725	0.86633				2
2025.08.11	02:04:38.420	0.86634	0.86636			6
2025.08.11	02:04:40.727	0.86633				2
2025.08.11	02:04:50.988	0.86632	0.86635			6
2025.08.11	02:05:00.653	0.86632				2
2025.08.11	02:05:54.334		0.86635			4
2025.08.11	02:05:56.342	0.86633	0.86634			6
2025.08.11	02:06:00.237	0.86633				2
2025.08.11	02:06:00.623	0.86632				2
2025.08.11	02:06:10.085		0.86635			4
2025.08.11	02:06:18.401		0.86634			4
2025.08.11	02:06:25.824	0.86629	0.86633			6
2025.08.11	02:06:30.495	0.86630				2
2025.08.11	02:06:51.619	0.86629	0.86632			6
2025.08.11	02:07:00.217	0.86629				2
2025.08.11	02:07:01.001	0.86630	0.86631			6
2025.08.11	02:07:01.304	0.86629				2
2025.08.11	02:07:29.619		0.86630			4
2025.08.11	02:07:30.678		0.86631			4
2025.08.11	02:07:35.126	0.86630	0.86633			6
2025.08.11	02:07:38.100	0.86632	0.86634			6
2025.08.11	02:07:44.985	0.86633				2
2025.08.11	02:07:53.260	0.86632				2
2025.08.11	02:08:00.325	0.86633				2
2025.08.11	02:08:08.874		0.86635			4
2025.08.11	02:08:09.405		0.86634			4
2025.08.11	02:08:13.573	0.86634	0.86635			6
2025.08.11	02:08:23.086	0.86633	0.86634			6
2025.08.11	02:08:36.630	0.86634	0.86635			6
2025.08.11	02:08:52.729	0.86633				2
2025.08.11	02:09:00.557	0.86633				2
2025.08.11	02:09:01.089	0.86634				2
2025.08.11	02:09:03.823		0.86636			4
2025.08.11	02:09:13.826		0.86637			4
2025.08.11	02:09:29.893	0.86635	0.86638			6
2025.08.11	02:09:33.875	0.86634	0.86637			6
2025.08.11	02:09:35.660		0.86636			4
2025.08.11	02:09:42.742		0.86637			4
2025.08.11	02:09:54.527		0.86636			4
2025.08.11	02:09:56.425	0.86633				2
2025.08.11	02:10:00.087	0.86633				2
2025.08.11	02:10:00.466		0.86635			4
2025.08.11	02:10:06.639		0.86636			4
2025.08.11	02:10:08.011	0.86634				2
2025.08.11	02:10:17.863	0.86633				2
2025.08.11	02:10:31.641	0.86634	0.86638			6
2025.08.11	02:10:32.018	0.86635				2
2025.08.11	02:10:32.451	0.86637				2
2025.08.11	02:10:33.442	0.86638	0.86639			6
2025.08.11	02:10:35.743	0.86637	0.86638			6
2025.08.11	02:10:45.346	0.86634	0.86637			6
2025.08.11	02:10:55.574	0.86635				2
2025.08.11	02:10:59.710	0.86636	0.86638			6
2025.08.11	02:11:00.107	0.86636				2
2025.08.11	02:11:00.475		0.86637			4
2025.08.11	02:11:07.212		0.86638			4
2025.08.11	02:11:29.898		0.86637			4
2025.08.11	02:11:34.506	0.86635				2
2025.08.11	02:11:39.320	0.86636				2
2025.08.11	02:11:55.386	0.86637	0.86638			6
2025.08.11	02:12:00.473	0.86637				2
2025.08.11	02:12:07.192	0.86634	0.86637			6
2025.08.11	02:12:34.001		0.86636			4
2025.08.11	02:12:35.310	0.86633				2
2025.08.11	02:12:58.693	0.86637	0.86638			6
2025.08.11	02:12:59.400		0.86639			4
2025.08.11	02:13:00.121	0.86637				2
2025.08.11	02:13:00.642	0.86636	0.86638			6
2025.08.11	02:13:03.439		0.86639			4
2025.08.11	02:13:05.205	0.86635	0.86638			6
2025.08.11	02:13:13.098		0.86637			4
2025.08.11	02:13:18.942		0.86638			4
2025.08.11	02:13:19.675		0.86637			4
2025.08.11	02:14:00.604	0.86635				2
2025.08.11	02:14:20.016		0.86637			4
2025.08.11	02:14:31.837	0.86633				2
2025.08.11	02:14:44.807	0.86634				2
2025.08.11	02:14:50.738	0.86635				2
2025.08.11	02:14:51.265	0.86634				2
2025.08.11	02:14:56.152	0.86635	0.86638			6
2025.08.11	02:14:56.458	0.86633	0.86635			6
2025.08.11	02:14:57.697	0.86632				2
2025.08.11	02:15:00.164	0.86632				2
2025.08.11	02:15:00.725	0.86633				2
2025.08.11	02:15:01.340		0.86636			4
2025.08.11	02:15:02.121	0.86634				2
2025.08.11	02:15:09.373	0.86635	0.86637			6
2025.08.11	02:15:18.811		0.86638			4
2025.08.11	02:15:21.344	0.86634	0.86636			6
2025.08.11	02:15:27.013		0.86637			4
2025.08.11	02:15:27.357	0.86635				2
2025.08.11	02:15:32.580	0.86634				2
2025.08.11	02:15:44.527		0.86636			4
2025.08.11	02:16:00.326	0.86634				2
2025.08.11	02:16:09.320		0.86635			4
2025.08.11	02:16:10.328		0.86637			4
2025.08.11	02:16:17.436		0.86636			4
2025.08.11	02:16:22.803	0.86633				2
2025.08.11	02:16:25.176		0.86637			4
2025.08.11	02:16:38.273		0.86636			4
2025.08.11	02:16:44.545	0.86635	0.86637			6
2025.08.11	02:16:55.035	0.86636	0.86638			6
2025.08.11	02:16:55.360	0.86637	0.86639			6
2025.08.11	02:17:00.635	0.86637				2
2025.08.11	02:17:06.525	0.86636	0.86638			6
2025.08.11	02:17:30.347		0.86637			4
2025.08.11	02:17:32.829	0.86635	0.86638			6
2025.08.11	02:17:33.134		0.86637			4
2025.08.11	02:17:34.823	0.86634				2
2025.08.11	02:17:42.464	0.86636	0.86639			6
2025.08.11	02:17:52.210	0.86637				2
2025.08.11	02:18:00.491	0.86637				2
2025.08.11	02:18:03.622		0.86638			4
2025.08.11	02:18:07.621	0.86636	0.86639			6
2025.08.11	02:18:10.830	0.86635	0.86637			6
2025.08.11	02:18:21.966	0.86634				2
2025.08.11	02:18:22.506		0.86636			4
2025.08.11	02:18:27.130		0.86637			4
2025.08.11	02:18:36.020	0.86636				2
2025.08.11	02:18:36.968	0.86635				2
2025.08.11	02:19:00.247	0.86635				2
2025.08.11	02:19:08.922	0.86634	0.86635			6
2025.08.11	02:19:09.315	0.86635	0.86638			6
2025.08.11	02:19:09.807		0.86637			4
2025.08.11	02:19:19.194	0.86634				2
2025.08.11	02:19:27.260		0.86636			4
2025.08.11	02:19:50.346	0.86636	0.86637			6
2025.08.11	02:19:52.119	0.86634				2
2025.08.11	02:19:53.138	0.86636	0.86638			6
2025.08.11	02:20:00.166	0.86636				2
2025.08.11	02:20:00.639	0.86635				2
2025.08.11	02:20:07.890	0.86634	0.86636			6
2025.08.11	02:20:29.798	0.86633				2
2025.08.11	02:20:36.054	0.86634				2
2025.08.11	02:20:44.402	0.86637	0.86639			6
2025.08.11	02:20:45.484		0.86640			4
2025.08.11	02:20:46.441	0.86639				2
2025.08.11	02:20:46.763	0.86638				2
2025.08.11	02:20:48.917		0.86639			4
2025.08.11	02:20:59.477	0.86637				2
2025.08.11	02:21:00.097	0.86637				2
2025.08.11	02:21:01.786	0.86638				2
2025.08.11	02:21:05.774	0.86640	0.86641			6
2025.08.11	02:21:07.460	0.86639	0.86640			6
2025.08.11	02:21:16.130		0.86641			4
2025.08.11	02:21:17.553		0.86640			4
2025.08.11	02:21:29.228	0.86641	0.86642			6
2025.08.11	02:21:34.017	0.86642	0.86643			6
2025.08.11	02:21:39.324	0.86641	0.86644			6
2025.08.11	02:21:50.011		0.86643			4
2025.08.11	02:21:54.226	0.86640	0.86642			6
2025.08.11	02:22:00.261	0.86640				2
2025.08.11	02:22:17.927	0.86639				2
2025.08.11	02:22:27.238		0.86641			4
2025.08.11	02:22:27.547		0.86642			4
2025.08.11	02:22:40.265	0.86638	0.86641			6
2025.08.11	02:22:46.538	0.86639				2
2025.08.11	02:22:47.034	0.86638				2
2025.08.11	02:22:52.218		0.86640			4
2025.08.11	02:22:58.731		0.86641			4
2025.08.11	02:23:00.650	0.86638				2
2025.08.11	02:23:01.376		0.86640			4
2025.08.11	02:23:01.680	0.86637				2
2025.08.11	02:23:27.465	0.86638	0.86641			6
2025.08.11	02:23:31.465		0.86640			4
2025.08.11	02:23:40.619	0.86637				2
2025.08.11	02:23:44.878	0.86638				2
2025.08.11	02:23:46.806	0.86637				2
2025.08.11	02:23:49.247	0.86638	0.86641			6
2025.08.11	02:24:00.341	0.86638				2
2025.08.11	02:24:04.861		0.86640			4
2025.08.11	02:24:17.557	0.86637				2
2025.08.11	02:24:30.942	0.86638	0.86641			6
2025.08.11	02:24:40.324		0.86640			4
2025.08.11	02:24:40.985	0.86637	0.86639			6
2025.08.11	02:24:41.291		0.86640			4
2025.08.11	02:24:53.885	0.86638				2
2025.08.11	02:24:56.900	0.86637				2
2025.08.11	02:25:00.509	0.86637				2
2025.08.11	02:25:45.509		0.86640			4
2025.08.11	02:25:56.648	0.86639	0.86642			6
2025.08.11	02:25:57.302	0.86638	0.86641			6
2025.08.11	02:25:57.805		0.86640			4
2025.08.11	02:26:00.394	0.86638	0.86641			6
2025.08.11	02:27:00.086	0.86638				2
2025.08.11	02:27:00.630		0.86641			4
2025.08.11	02:27:54.472	0.86637	0.86640			6
2025.08.11	02:28:00.430	0.86637				2
2025.08.11	02:28:03.709	0.86638				2
2025.08.11	02:28:08.343		0.86641			4
2025.08.11	02:28:17.475		0.86640			4
2025.08.11	02:28:22.002	0.86639				2
2025.08.11	02:28:31.450	0.86640	0.86641			6
2025.08.11	02:28:31.761		0.86642			4
2025.08.11	02:28:33.572		0.86641			4
2025.08.11	02:28:34.849		0.86642			4
2025.08.11	02:28:35.606		0.86641			4
2025.08.11	02:28:37.083		0.86642			4
2025.08.11	02:28:37.756	0.86641				2
2025.08.11	02:28:43.858		0.86643			4
2025.08.11	02:28:46.415	0.86640	0.86642			6
2025.08.11	02:29:00.497	0.86639				2
2025.08.11	02:29:31.120	0.86640				2
2025.08.11	02:29:31.423	0.86639				2
2025.08.11	02:29:43.219	0.86638	0.86641			6
2025.08.11	02:29:58.122	0.86639				2
2025.08.11	02:30:00.378	0.86638				2
2025.08.11	02:30:01.081		0.86640			4
2025.08.11	02:30:22.933		0.86641			4
2025.08.11	02:30:23.243	0.86639				2
2025.08.11	02:31:00.094	0.86639				2
2025.08.11	02:31:10.534	0.86638				2
2025.08.11	02:31:10.838		0.86640			4
2025.08.11	02:31:21.176	0.86637				2
2025.08.11	02:31:40.481	0.86639				2
2025.08.11	02:32:00.436	0.86639				2
2025.08.11	02:32:08.657		0.86641			4
2025.08.11	02:32:14.003	0.86638				2
2025.08.11	02:32:20.790	0.86640				2
2025.08.11	02:32:21.101	0.86638	0.86640			6
2025.08.11	02:32:27.077	0.86637				2
2025.08.11	02:32:51.457	0.86636	0.86639			6
2025.08.11	02:33:00.326	0.86636				2
2025.08.11	02:33:21.269		0.86638			4
2025.08.11	02:33:39.995		0.86639			4
2025.08.11	02:33:55.131	0.86637				2
2025.08.11	02:34:00.348	0.86637				2
2025.08.11	02:34:11.646		0.86640			4
2025.08.11	02:34:35.922	0.86638				2
2025.08.11	02:34:36.544	0.86637				2
2025.08.11	02:34:41.393		0.86639			4
2025.08.11	02:34:43.906		0.86640			4
2025.08.11	02:34:44.217	0.86638				2
2025.08.11	02:34:49.542	0.86637				2
2025.08.11	02:34:56.987	0.86638				2
2025.08.11	02:34:57.851		0.86641			4
2025.08.11	02:35:00.215	0.86638				2
2025.08.11	02:35:03.342	0.86639				2
2025.08.11	02:35:52.785		0.86642			4
2025.08.11	02:35:54.794	0.86640				2
2025.08.11	02:36:00.950	0.86640				2
2025.08.11	02:36:05.818	0.86639				2
2025.08.11	02:36:25.503		0.86641			4
2025.08.11	02:36:30.770		0.86640			4
2025.08.11	02:36:50.617		0.86641			4
2025.08.11	02:36:56.339	0.86640	0.86642			6
2025.08.11	02:36:59.689	0.86641	0.86643			6
2025.08.11	02:37:00.021	0.86639	0.86641			6
2025.08.11	02:37:05.211	0.86641	0.86642			6
2025.08.11	02:37:05.518	0.86640				2
2025.08.11	02:37:07.648	0.86641				2
2025.08.11	02:37:26.267	0.86639	0.86641			6
2025.08.11	02:37:26.574		0.86642			4
2025.08.11	02:37:26.938		0.86641			4
2025.08.11	02:37:31.382	0.86640				2
2025.08.11	02:37:38.600	0.86641	0.86642			6
2025.08.11	02:37:52.258	0.86640				2
2025.08.11	02:38:00.792	0.86640				2
2025.08.11	02:38:02.646	0.86639	0.86641			6
2025.08.11	02:38:02.970	0.86638	0.86640			6
2025.08.11	02:38:07.565	0.86639	0.86641			6
2025.08.11	02:39:00.299	0.86639				2
2025.08.11	02:39:07.711		0.86641			4
2025.08.11	02:39:36.556	0.86638	0.86640			6
2025.08.11	02:40:00.632	0.86638				2
2025.08.11	02:40:11.950	0.86639				2
2025.08.11	02:40:36.650		0.86640			4
2025.08.11	02:40:45.701		0.86641			4
2025.08.11	02:41:00.193	0.86639				2
2025.08.11	02:41:07.854	0.86638	0.86640			6
2025.08.11	02:41:08.239		0.86639			4
2025.08.11	02:41:15.516		0.86640			4
2025.08.11	02:41:18.237		0.86639			4
2025.08.11	02:41:27.036	0.86639	0.86641			6
2025.08.11	02:41:40.587	0.86640				2
2025.08.11	02:41:49.408		0.86642			4
2025.08.11	02:41:49.720		0.86641			4
2025.08.11	02:42:00.111	0.86640				2
2025.08.11	02:42:12.336		0.86642			4
2025.08.11	02:42:36.872		0.86641			4
2025.08.11	02:42:38.126	0.86639				2
2025.08.11	02:43:00.710	0.86639				2
2025.08.11	02:43:19.873	0.86638	0.86640			6
2025.08.11	02:43:47.683	0.86639	0.86641			6
2025.08.11	02:44:00.418	0.86639				2
2025.08.11	02:44:03.934	0.86638	0.86640			6
2025.08.11	02:44:04.380	0.86637	0.86639			6
2025.08.11	02:44:19.977	0.86635	0.86637			6
2025.08.11	02:44:38.620	0.86636	0.86638			6
2025.08.11	02:44:52.881	0.86635	0.86637			6
2025.08.11	02:44:55.329	0.86634	0.86636			6
2025.08.11	02:44:55.639	0.86631	0.86633			6
2025.08.11	02:44:59.295	0.86630	0.86631			6
2025.08.11	02:45:00.640	0.86630				2
2025.08.11	02:45:00.956	0.86628				2
2025.08.11	02:45:04.868		0.86632			4
2025.08.11	02:45:05.951	0.86634	0.86635			6
2025.08.11	02:45:16.835	0.86636	0.86638			6
2025.08.11	02:45:26.663	0.86637				2
2025.08.11	02:45:26.967	0.86636				2
2025.08.11	02:45:39.590	0.86637				2
2025.08.11	02:45:42.830		0.86639			4
2025.08.11	02:45:44.407	0.86636	0.86638			6
2025.08.11	02:45:59.336	0.86637	0.86639			6
2025.08.11	02:46:00.051	0.86636	0.86638			6
2025.08.11	02:46:09.382	0.86637	0.86639			6
2025.08.11	02:46:13.053		0.86638			4
2025.08.11	02:46:15.195	0.86636				2
2025.08.11	02:46:20.132	0.86635				2
2025.08.11	02:46:23.644	0.86636				2
2025.08.11	02:46:32.016	0.86635				2
2025.08.11	02:46:32.320		0.86639			4
2025.08.11	02:46:32.639	0.86637				2
2025.08.11	02:46:35.440		0.86638			4
2025.08.11	02:46:37.971		0.86639			4
2025.08.11	02:46:53.776	0.86636	0.86638			6
2025.08.11	02:47:02.952	0.86636				2
2025.08.11	02:47:30.521		0.86639			4
2025.08.11	02:47:30.884		0.86638			4
2025.08.11	02:47:32.010		0.86639			4
2025.08.11	02:47:42.425		0.86638			4
2025.08.11	02:47:47.943	0.86637	0.86639			6
2025.08.11	02:47:49.692	0.86636	0.86638			6
2025.08.11	02:47:58.369	0.86637	0.86639			6
2025.08.11	02:48:01.434	0.86637				2
2025.08.11	02:48:52.130	0.86636	0.86638			6
2025.08.11	02:48:52.833	0.86637	0.86639			6
2025.08.11	02:48:58.787	0.86636	0.86638			6
2025.08.11	02:49:00.734	0.86636				2
2025.08.11	02:49:10.496	0.86637	0.86639			6
2025.08.11	02:49:24.073	0.86638				2
2025.08.11	02:49:25.692	0.86637				2
2025.08.11	02:49:30.973	0.86638				2
2025.08.11	02:50:00.253	0.86638				2
2025.08.11	02:50:06.432	0.86637	0.86638			6
2025.08.11	02:50:30.429	0.86636				2
2025.08.11	02:50:32.785	0.86635	0.86636			6
2025.08.11	02:50:44.359	0.86634				2
2025.08.11	02:50:44.683	0.86635				2
2025.08.11	02:50:54.738	0.86636	0.86637			6
2025.08.11	02:50:57.098		0.86638			4
2025.08.11	02:51:00.564	0.86636				2
2025.08.11	02:51:10.776		0.86637			4
2025.08.11	02:51:11.999	0.86637	0.86638			6
2025.08.11	02:51:19.404	0.86638	0.86639			6
2025.08.11	02:51:24.113	0.86636	0.86637			6
2025.08.11	02:51:44.025	0.86635	0.86636			6
2025.08.11	02:51:44.326	0.86636	0.86638			6
2025.08.11	02:51:50.326		0.86637			4
2025.08.11	02:52:00.109	0.86636				2
2025.08.11	02:52:04.317	0.86635				2
2025.08.11	02:52:07.149	0.86636	0.86638			6
2025.08.11	02:52:07.508	0.86637	0.86639			6
2025.08.11	02:52:08.615	0.86638				2
2025.08.11	02:52:08.937	0.86637	0.86638			6
2025.08.11	02:52:10.634	0.86636				2
2025.08.11	02:52:32.978	0.86635	0.86637			6
2025.08.11	02:52:35.081	0.86634	0.86636			6
2025.08.11	02:52:49.549	0.86635				2
2025.08.11	02:52:55.736	0.86638	0.86639			6
2025.08.11	02:52:57.654	0.86636	0.86637			6
2025.08.11	02:52:58.721	0.86635	0.86636			6
2025.08.11	02:52:59.632	0.86633	0.86635			6
2025.08.11	02:53:00.331	0.86633				2
2025.08.11	02:53:00.633		0.86634			4
2025.08.11	02:53:09.272	0.86634	0.86635			6
2025.08.11	02:53:19.140	0.86633	0.86634			6
2025.08.11	02:53:25.085	0.86634	0.86635			6
2025.08.11	02:53:34.865	0.86635	0.86636			6
2025.08.11	02:54:00.327	0.86635				2
2025.08.11	02:54:07.385	0.86636	0.86637			6
2025.08.11	02:54:08.753	0.86634	0.86635			6
2025.08.11	02:54:09.885	0.86635	0.86636			6
2025.08.11	02:54:10.475	0.86634				2
2025.08.11	02:54:12.356	0.86636	0.86637			6
2025.08.11	02:54:18.486	0.86637	0.86638			6
2025.08.11	02:54:34.293	0.86639	0.86640			6
2025.08.11	02:55:00.204	0.86638	0.86639			6
2025.08.11	02:55:56.299	0.86635	0.86636			6
2025.08.11	02:55:59.420	0.86636	0.86638			6
2025.08.11	02:55:59.722		0.86639			4
2025.08.11	02:56:00.656	0.86636	0.86638			6
2025.08.11	02:56:04.425	0.86639	0.86640			6
2025.08.11	02:56:04.755	0.86638	0.86639			6
2025.08.11	02:56:05.416	0.86637	0.86638			6
2025.08.11	02:56:10.226	0.86638	0.86639			6
2025.08.11	02:56:12.543	0.86637	0.86638			6
2025.08.11	02:56:41.962	0.86636	0.86637			6
2025.08.11	02:56:43.084	0.86637	0.86638			6
2025.08.11	02:56:50.813	0.86636	0.86637			6
2025.08.11	02:57:00.333	0.86636				2
2025.08.11	02:57:01.899	0.86639	0.86640			6
2025.08.11	02:57:03.442	0.86638	0.86639			6
2025.08.11	02:57:05.492	0.86640	0.86642			6
2025.08.11	02:57:05.798		0.86641			4
2025.08.11	02:57:06.112		0.86642			4
2025.08.11	02:57:06.563		0.86641			4
2025.08.11	02:57:08.926		0.86642			4
2025.08.11	02:57:10.194	0.86639	0.86641			6
2025.08.11	02:57:11.555	0.86640				2
2025.08.11	02:57:20.348	0.86639				2
2025.08.11	02:57:34.487	0.86640				2
2025.08.11	02:57:36.442	0.86639				2
2025.08.11	02:57:38.849	0.86640				2
2025.08.11	02:57:45.506	0.86639				2
2025.08.11	02:57:48.136	0.86640				2
2025.08.11	02:57:48.506	0.86641	0.86642			6
2025.08.11	02:57:48.821	0.86640	0.86641			6
2025.08.11	02:57:49.223		0.86642			4
2025.08.11	02:57:56.147	0.86636	0.86638			6
2025.08.11	02:57:57.926	0.86637	0.86639			6
2025.08.11	02:57:59.622		0.86638			4
2025.08.11	02:58:00.320	0.86637				2
2025.08.11	02:58:02.400	0.86636				2
2025.08.11	02:58:03.078	0.86637	0.86639			6
2025.08.11	02:58:07.581		0.86638			4
2025.08.11	02:58:10.522		0.86639			4
2025.08.11	02:58:12.676	0.86638				2
2025.08.11	02:58:13.615	0.86639	0.86640			6
2025.08.11	02:58:14.036	0.86638	0.86639			6
2025.08.11	02:58:16.019	0.86637				2
2025.08.11	02:58:19.879	0.86638				2
2025.08.11	02:58:20.188	0.86640	0.86641			6
2025.08.11	02:58:20.493	0.86638	0.86640			6
2025.08.11	02:58:20.799		0.86639			4
2025.08.11	02:58:22.467	0.86639	0.86640			6
2025.08.11	02:58:28.711	0.86638	0.86639			6
2025.08.11	02:58:32.236	0.86637				2
2025.08.11	02:58:34.720	0.86638				2
2025.08.11	02:59:00.044	0.86638				2
2025.08.11	02:59:02.751	0.86639	0.86640			6
2025.08.11	02:59:08.322	0.86640	0.86641			6
2025.08.11	02:59:10.315	0.86638	0.86640			6
2025.08.11	02:59:12.597	0.86639				2
2025.08.11	02:59:17.161	0.86640	0.86641			6
2025.08.11	02:59:23.993	0.86639	0.86640			6
2025.08.11	02:59:31.244		0.86641			4
2025.08.11	02:59:39.613	0.86641	0.86643			6
2025.08.11	02:59:50.122	0.86640	0.86642			6
2025.08.11	02:59:51.184	0.86641				2
2025.08.11	02:59:52.572	0.86642	0.86643			6
2025.08.11	03:00:00.308	0.86641				2
2025.08.11	03:00:00.612		0.86642			4
2025.08.11	03:00:02.356	0.86640				2
2025.08.11	03:00:04.673	0.86641				2
2025.08.11	03:00:07.001	0.86640				2
2025.08.11	03:00:07.344	0.86641				2
2025.08.11	03:00:08.376	0.86640				2
2025.08.11	03:00:09.891	0.86639	0.86641			6
2025.08.11	03:00:11.460	0.86640				2
2025.08.11	03:00:13.794	0.86639				2
2025.08.11	03:00:19.300	0.86638	0.86640			6
2025.08.11	03:00:22.330	0.86639				2
2025.08.11	03:00:22.826	0.86638				2
2025.08.11	03:00:23.376	0.86639				2
2025.08.11	03:00:23.855	0.86638				2
2025.08.11	03:00:25.568	0.86637	0.86639			6
2025.08.11	03:00:26.583	0.86638				2
2025.08.11	03:00:30.982	0.86637				2
2025.08.11	03:00:32.290	0.86638				2
2025.08.11	03:00:34.648	0.86640	0.86641			6
2025.08.11	03:00:37.935	0.86639	0.86640			6
2025.08.11	03:00:38.240	0.86638				2
2025.08.11	03:00:38.912	0.86639				2
2025.08.11	03:00:39.270	0.86638				2
2025.08.11	03:00:39.906	0.86637	0.86639			6
2025.08.11	03:00:45.268	0.86636	0.86638			6
2025.08.11	03:00:47.753	0.86637				2
2025.08.11	03:00:57.286	0.86638	0.86639			6
2025.08.11	03:00:59.382	0.86639	0.86640			6
2025.08.11	03:01:00.067	0.86639				2
2025.08.11	03:01:00.621	0.86638	0.86639			6
2025.08.11	03:01:01.170	0.86641	0.86642			6
2025.08.11	03:01:01.482	0.86638	0.86639			6
2025.08.11	03:01:01.786		0.86640			4
2025.08.11	03:01:02.227	0.86639				2
2025.08.11	03:01:03.730	0.86641	0.86642			6
2025.08.11	03:01:06.429	0.86640	0.86641			6
2025.08.11	03:01:07.056	0.86638	0.86640			6
2025.08.11	03:01:07.363	0.86637	0.86639			6
2025.08.11	03:01:07.694	0.86639	0.86640			6
2025.08.11	03:01:08.136	0.86638	0.86639			6
2025.08.11	03:01:09.249	0.86637				2
2025.08.11	03:01:13.094		0.86638			4
2025.08.11	03:01:13.405		0.86639			4
2025.08.11	03:01:16.060		0.86638			4
2025.08.11	03:01:18.659	0.86635	0.86637			6
2025.08.11	03:01:20.368	0.86636				2
2025.08.11	03:01:20.691	0.86635				2
2025.08.11	03:01:24.674	0.86634	0.86636			6
2025.08.11	03:01:25.307	0.86635				2
2025.08.11	03:01:34.882		0.86637			4
2025.08.11	03:01:35.754	0.86636				2
2025.08.11	03:01:36.102	0.86635				2
2025.08.11	03:01:42.709	0.86634	0.86635			6
2025.08.11	03:01:43.027		0.86636			4
2025.08.11	03:01:43.369		0.86635			4
2025.08.11	03:01:44.064	0.86633	0.86634			6
2025.08.11	03:01:44.380	0.86634	0.86636			6
2025.08.11	03:01:45.108	0.86635				2
2025.08.11	03:01:48.015	0.86636	0.86637			6
2025.08.11	03:01:50.830	0.86635	0.86636			6
2025.08.11	03:01:51.536	0.86636	0.86637			6
2025.08.11	03:01:56.284	0.86635	0.86636			6
2025.08.11	03:01:58.790		0.86637			4
2025.08.11	03:02:00.268	0.86635				2
2025.08.11	03:02:02.709	0.86636	0.86638			6
2025.08.11	03:02:03.034	0.86633	0.86635			6
2025.08.11	03:02:03.339	0.86632	0.86634			6
2025.08.11	03:02:03.663		0.86633			4
2025.08.11	03:02:03.997		0.86634			4
2025.08.11	03:02:04.373		0.86633			4
2025.08.11	03:02:04.679		0.86634			4
2025.08.11	03:02:04.983	0.86633	0.86635			6
2025.08.11	03:02:05.366	0.86632	0.86633			6
2025.08.11	03:02:05.685	0.86633	0.86635			6
2025.08.11	03:02:06.366	0.86632	0.86634			6
2025.08.11	03:02:07.006	0.86633	0.86635			6
2025.08.11	03:02:15.674		0.86634			4
2025.08.11	03:02:18.416		0.86635			4
2025.08.11	03:02:19.187	0.86634	0.86636			6
2025.08.11	03:02:19.501		0.86635			4
2025.08.11	03:02:21.718	0.86633	0.86634			6
2025.08.11	03:02:29.248		0.86635			4
2025.08.11	03:02:29.661	0.86634				2
2025.08.11	03:02:29.979	0.86633				2
2025.08.11	03:02:30.363	0.86634				2
2025.08.11	03:02:30.990	0.86633				2
2025.08.11	03:02:31.307	0.86634				2
2025.08.11	03:02:34.359	0.86636	0.86637			6
2025.08.11	03:02:37.755	0.86637	0.86638			6
2025.08.11	03:02:53.489	0.86635	0.86636			6
2025.08.11	03:02:55.780	0.86636	0.86637			6
2025.08.11	03:02:57.412	0.86635	0.86636			6
2025.08.11	03:02:57.739	0.86636	0.86637			6
2025.08.11	03:02:58.484	0.86635	0.86636			6
2025.08.11	03:02:59.913	0.86633	0.86635			6
2025.08.11	03:03:00.265	0.86634				2
2025.08.11	03:03:00.637	0.86633				2
2025.08.11	03:03:04.034	0.86634	0.86636			6
2025.08.11	03:03:05.257	0.86635				2
2025.08.11	03:03:06.172		0.86637			4
2025.08.11	03:03:06.938	0.86636				2
2025.08.11	03:03:07.319	0.86634	0.86636			6
2025.08.11	03:03:10.420	0.86635				2
2025.08.11	03:03:13.643	0.86634				2
2025.08.11	03:03:13.947	0.86635				2
2025.08.11	03:03:17.178	0.86634	0.86635			6
2025.08.11	03:03:17.480		0.86636			4
2025.08.11	03:03:20.387		0.86635			4
2025.08.11	03:03:24.542		0.86636			4
2025.08.11	03:03:25.127		0.86635			4
2025.08.11	03:03:26.308	0.86638	0.86639			6
2025.08.11	03:03:28.346	0.86635	0.86637			6
2025.08.11	03:03:28.771	0.86636				2
2025.08.11	03:03:29.240	0.86635				2
2025.08.11	03:03:31.242	0.86636				2
2025.08.11	03:03:37.948	0.86634	0.86636			6
2025.08.11	03:03:38.841		0.86635			4
2025.08.11	03:03:40.775	0.86633				2
2025.08.11	03:03:45.790	0.86632	0.86634			6
2025.08.11	03:03:46.097		0.86633			4
2025.08.11	03:03:52.511	0.86633	0.86634			6
2025.08.11	03:03:54.320	0.86632				2
2025.08.11	03:03:57.219	0.86631	0.86633			6
2025.08.11	03:04:00.087	0.86631				2
2025.08.11	03:04:02.423	0.86632				2
2025.08.11	03:04:02.739	0.86631				2
2025.08.11	03:04:07.663		0.86632			4
2025.08.11	03:04:09.378	0.86632	0.86633			6
2025.08.11	03:04:09.691	0.86631	0.86632			6
2025.08.11	03:04:12.640	0.86630				2
2025.08.11	03:04:14.565	0.86631	0.86633			6
2025.08.11	03:04:16.154		0.86632			4
2025.08.11	03:04:16.561	0.86630				2
2025.08.11	03:04:20.026		0.86631			4
2025.08.11	03:04:33.084	0.86629	0.86632			6
2025.08.11	03:04:35.811	0.86630	0.86633			6
2025.08.11	03:04:36.113	0.86629	0.86632			6
2025.08.11	03:04:37.024	0.86630				2
2025.08.11	03:04:40.479	0.86629	0.86631			6
2025.08.11	03:04:41.634	0.86630				2
2025.08.11	03:04:42.510	0.86629	0.86630			6
2025.08.11	03:04:46.922	0.86628				2
2025.08.11	03:04:48.122	0.86629				2
2025.08.11	03:04:48.469	0.86630	0.86631			6
2025.08.11	03:04:48.801	0.86631	0.86632			6
2025.08.11	03:04:49.181	0.86629	0.86630			6
2025.08.11	03:04:49.499	0.86628	0.86629			6
2025.08.11	03:04:49.839		0.86630			4
2025.08.11	03:04:56.104	0.86629				2
2025.08.11	03:04:56.872		0.86631			4
2025.08.11	03:04:57.658	0.86631	0.86632			6
2025.08.11	03:04:57.984	0.86630	0.86631			6
2025.08.11	03:04:58.862	0.86629				2
2025.08.11	03:05:00.223	0.86631	0.86632			6
2025.08.11	03:05:00.627	0.86630	0.86631			6
2025.08.11	03:05:00.967		0.86632			4
2025.08.11	03:05:03.392		0.86631			4
2025.08.11	03:05:04.031	0.86628	0.86630			6
2025.08.11	03:05:07.150	0.86629				2
2025.08.11	03:05:08.530	0.86630	0.86631			6
2025.08.11	03:05:10.433	0.86631	0.86632			6
2025.08.11	03:05:10.735	0.86630	0.86631			6
2025.08.11	03:05:11.376		0.86632			4
2025.08.11	03:05:15.546		0.86631			4
2025.08.11	03:05:17.546		0.86632			4
2025.08.11	03:05:19.422		0.86631			4
2025.08.11	03:05:19.731	0.86632	0.86633			6
2025.08.11	03:05:20.435	0.86630	0.86631			6
2025.08.11	03:05:23.378		0.86632			4
2025.08.11	03:05:27.146		0.86631			4
2025.08.11	03:05:39.926		0.86632			4
2025.08.11	03:05:46.857	0.86629	0.86630			6
2025.08.11	03:05:47.236		0.86631			4
2025.08.11	03:05:48.723	0.86630	0.86632			6
2025.08.11	03:05:55.440	0.86631				2
2025.08.11	03:05:58.006	0.86630				2
2025.08.11	03:05:58.507	0.86631				2
2025.08.11	03:06:01.471	0.86630				2
2025.08.11	03:06:01.989	0.86629	0.86631			6
2025.08.11	03:06:02.316		0.86630			4
2025.08.11	03:06:03.383		0.86631			4
2025.08.11	03:06:06.685	0.86630				2
2025.08.11	03:06:07.922	0.86629				2
2025.08.11	03:06:08.779	0.86630				2
2025.08.11	03:06:19.097	0.86629				2
2025.08.11	03:06:20.494	0.86630				2
2025.08.11	03:06:29.873	0.86631	0.86632			6
2025.08.11	03:06:32.493	0.86632	0.86633			6
2025.08.11	03:06:34.308	0.86631	0.86632			6
2025.08.11	03:06:35.167	0.86630	0.86631			6
2025.08.11	03:06:36.387	0.86631	0.86632			6
2025.08.11	03:06:37.503	0.86632	0.86633			6
2025.08.11	03:06:37.914	0.86631				2
2025.08.11	03:06:38.224	0.86633	0.86634			6
2025.08.11	03:06:38.538	0.86631	0.86633			6
2025.08.11	03:06:38.923	0.86632				2
2025.08.11	03:06:39.504		0.86634			4
2025.08.11	03:06:39.897		0.86633			4
2025.08.11	03:06:40.198		0.86634			4
2025.08.11	03:06:43.498		0.86633			4
2025.08.11	03:06:43.818		0.86634			4
2025.08.11	03:06:48.190		0.86633			4
2025.08.11	03:06:49.216		0.86634			4
2025.08.11	03:06:50.378		0.86635			4
2025.08.11	03:06:50.681	0.86633	0.86634			6
2025.08.11	03:06:50.987		0.86635			4
2025.08.11	03:06:51.432	0.86632	0.86634			6
2025.08.11	03:06:51.939	0.86633	0.86635			6
2025.08.11	03:06:52.251		0.86634			4
2025.08.11	03:06:53.916		0.86635			4
2025.08.11	03:06:59.146		0.86634			4
2025.08.11	03:07:00.186	0.86633				2
2025.08.11	03:07:00.621	0.86634	0.86635			6
2025.08.11	03:07:00.936	0.86633	0.86634			6
2025.08.11	03:07:01.274	0.86632				2
2025.08.11	03:07:02.416	0.86633				2
2025.08.11	03:07:02.983	0.86632				2
2025.08.11	03:07:04.505	0.86633				2
2025.08.11	03:07:08.110		0.86635			4
2025.08.11	03:07:16.562	0.86634				2
2025.08.11	03:07:17.071	0.86633				2
2025.08.11	03:07:36.655	0.86632	0.86634			6
2025.08.11	03:07:40.626		0.86633			4
2025.08.11	03:07:41.342	0.86634	0.86635			6
2025.08.11	03:07:41.655	0.86633				2
2025.08.11	03:07:42.020	0.86634				2
2025.08.11	03:07:42.490		0.86636			4
2025.08.11	03:07:46.371	0.86633	0.86635			6
2025.08.11	03:07:55.329	0.86632	0.86633			6
2025.08.11	03:08:00.316	0.86632				2
2025.08.11	03:08:01.264	0.86633	0.86634			6
2025.08.11	03:08:11.281	0.86634	0.86636			6
2025.08.11	03:08:11.606	0.86633	0.86634			6
2025.08.11	03:08:13.752		0.86635			4
2025.08.11	03:08:16.581	0.86632	0.86634			6
2025.08.11	03:08:17.433		0.86633			4
2025.08.11	03:08:19.039		0.86634			4
2025.08.11	03:08:20.139	0.86633				2
2025.08.11	03:08:22.308	0.86632				2
2025.08.11	03:08:23.976		0.86633			4
2025.08.11	03:08:25.061	0.86633	0.86634			6
2025.08.11	03:08:27.880	0.86632	0.86635			6
2025.08.11	03:08:29.232		0.86634			4
2025.08.11	03:08:31.178	0.86633				2
2025.08.11	03:08:35.198		0.86635			4
2025.08.11	03:08:38.150	0.86632	0.86634			6
2025.08.11	03:08:41.199	0.86631	0.86632			6
2025.08.11	03:08:45.941	0.86632	0.86633			6
2025.08.11	03:08:52.542	0.86631				2
2025.08.11	03:08:53.526	0.86632				2
2025.08.11	03:08:55.548	0.86631	0.86632			6
2025.08.11	03:09:01.507	0.86631				2
2025.08.11	03:09:01.838	0.86632	0.86633			6
2025.08.11	03:09:02.141	0.86629	0.86631			6
2025.08.11	03:09:03.523		0.86630			4
2025.08.11	03:09:03.839	0.86628				2
2025.08.11	03:09:04.143		0.86631			4
2025.08.11	03:09:04.458		0.86630			4
2025.08.11	03:09:07.128		0.86631			4
2025.08.11	03:09:09.267		0.86630			4
2025.08.11	03:09:13.684	0.86629				2
2025.08.11	03:09:14.110	0.86628				2
2025.08.11	03:09:17.247	0.86629	0.86631			6
2025.08.11	03:09:17.558	0.86628	0.86630			6
2025.08.11	03:09:17.912	0.86629				2
2025.08.11	03:09:18.276		0.86631			4
2025.08.11	03:09:22.027	0.86630				2
2025.08.11	03:09:22.349	0.86629				2
2025.08.11	03:09:27.020	0.86630				2
2025.08.11	03:09:27.625	0.86629				2
2025.08.11	03:09:30.357	0.86630				2
2025.08.11	03:09:30.914	0.86629				2
2025.08.11	03:09:31.833	0.86630	0.86632			6
2025.08.11	03:09:32.138	0.86633	0.86634			6
2025.08.11	03:09:32.453	0.86631	0.86632			6
2025.08.11	03:09:35.710	0.86630				2
2025.08.11	03:09:39.091	0.86628	0.86630			6
2025.08.11	03:09:39.404		0.86629			4
2025.08.11	03:09:40.298		0.86630			4
2025.08.11	03:09:49.826	0.86629	0.86631			6
2025.08.11	03:09:50.154	0.86628	0.86629			6
2025.08.11	03:09:51.345		0.86630			4
2025.08.11	03:09:52.372		0.86629			4
2025.08.11	03:09:52.846		0.86630			4
2025.08.11	03:09:59.728	0.86630	0.86631			6
2025.08.11	03:10:00.040	0.86630	0.86632			6
2025.08.11	03:10:04.661	0.86631				2
2025.08.11	03:10:13.133	0.86630				2
2025.08.11	03:10:14.392	0.86631				2
2025.08.11	03:10:18.640	0.86630				2
2025.08.11	03:10:19.180	0.86631				2
2025.08.11	03:10:20.828	0.86630				2
2025.08.11	03:10:27.023	0.86631				2
2025.08.11	03:10:27.936	0.86630				2
2025.08.11	03:10:30.187	0.86631				2
2025.08.11	03:10:30.772	0.86630				2
2025.08.11	03:10:31.130		0.86631			4
2025.08.11	03:10:33.736		0.86632			4
2025.08.11	03:10:34.184	0.86631				2
2025.08.11	03:10:35.476		0.86633			4
2025.08.11	03:10:38.676	0.86632				2
2025.08.11	03:10:46.176	0.86633	0.86634			6
2025.08.11	03:10:46.898	0.86632	0.86633			6
2025.08.11	03:10:54.367	0.86633	0.86634			6
2025.08.11	03:10:55.128	0.86632	0.86633			6
2025.08.11	03:10:55.510	0.86633	0.86634			6
2025.08.11	03:10:55.839	0.86632	0.86633			6
2025.08.11	03:10:56.274	0.86633	0.86634			6
2025.08.11	03:10:57.493	0.86632	0.86633			6
2025.08.11	03:10:57.798	0.86633	0.86634			6
2025.08.11	03:10:58.466	0.86632	0.86633			6
2025.08.11	03:11:00.189	0.86632				2
2025.08.11	03:11:10.930	0.86633	0.86634			6
2025.08.11	03:11:16.596	0.86632	0.86633			6
2025.08.11	03:11:16.932	0.86634	0.86635			6
2025.08.11	03:11:17.701	0.86633				2
2025.08.11	03:11:19.642	0.86632	0.86634			6
2025.08.11	03:11:20.546	0.86633	0.86635			6
2025.08.11	03:11:25.798	0.86632	0.86634			6
2025.08.11	03:11:31.916	0.86633				2
2025.08.11	03:11:34.738	0.86632				2
2025.08.11	03:11:38.222	0.86634	0.86635			6
2025.08.11	03:11:44.011	0.86633				2
2025.08.11	03:11:46.664	0.86632	0.86634			6
2025.08.11	03:11:47.283	0.86633				2
2025.08.11	03:11:48.407	0.86634	0.86635			6
2025.08.11	03:11:50.226	0.86633	0.86634			6
2025.08.11	03:11:51.893	0.86634	0.86635			6
2025.08.11	03:11:52.714	0.86633	0.86634			6
2025.08.11	03:12:00.656	0.86635	0.86636			6
2025.08.11	03:12:00.961	0.86633	0.86634			6
2025.08.11	03:12:02.087	0.86632	0.86633			6
2025.08.11	03:12:03.442		0.86634			4
2025.08.11	03:12:05.131	0.86634	0.86635			6
2025.08.11	03:12:05.440		0.86636			4
2025.08.11	03:12:18.828	0.86635				2
2025.08.11	03:12:20.919		0.86637			4
2025.08.11	03:12:33.889	0.86636	0.86638			6
2025.08.11	03:12:39.236		0.86637			4
2025.08.11	03:12:43.277	0.86635				2
2025.08.11	03:12:44.987	0.86636				2
2025.08.11	03:12:49.744	0.86635				2
2025.08.11	03:12:57.846	0.86636				2
2025.08.11	03:13:00.310	0.86636				2
2025.08.11	03:13:04.794	0.86635	0.86636			6
2025.08.11	03:13:06.677		0.86637			4
2025.08.11	03:13:12.684	0.86637	0.86638			6
2025.08.11	03:13:13.026	0.86634	0.86635			6
2025.08.11	03:13:13.446	0.86635	0.86636			6
2025.08.11	03:13:14.250	0.86633	0.86635			6
2025.08.11	03:13:14.648	0.86635	0.86636			6
2025.08.11	03:13:15.268	0.86633	0.86635			6
2025.08.11	03:13:21.199	0.86634				2
2025.08.11	03:13:21.707	0.86633				2
2025.08.11	03:13:22.345	0.86634				2
2025.08.11	03:13:23.304	0.86635	0.86636			6
2025.08.11	03:13:24.777	0.86634	0.86635			6
2025.08.11	03:13:25.376	0.86635	0.86636			6
2025.08.11	03:13:26.263	0.86634	0.86635			6
2025.08.11	03:13:26.978	0.86633				2
2025.08.11	03:13:27.414		0.86634			4
2025.08.11	03:13:28.051	0.86632				2
2025.08.11	03:13:28.701	0.86633				2
2025.08.11	03:13:29.321	0.86635	0.86636			6
2025.08.11	03:13:30.690	0.86634				2
2025.08.11	03:13:31.000	0.86635				2
2025.08.11	03:13:31.383	0.86634	0.86635			6
2025.08.11	03:13:36.484	0.86633				2
2025.08.11	03:13:36.847	0.86634				2
2025.08.11	03:13:37.533	0.86633				2
2025.08.11	03:13:38.861		0.86636			4
2025.08.11	03:13:39.176		0.86635			4
2025.08.11	03:13:40.032	0.86635	0.86636			6
2025.08.11	03:13:40.338	0.86633	0.86635			6
2025.08.11	03:13:42.383	0.86632				2
2025.08.11	03:13:44.985	0.86633				2
2025.08.11	03:13:46.030		0.86634			4
2025.08.11	03:13:46.335	0.86631	0.86633			6
2025.08.11	03:13:46.950		0.86634			4
2025.08.11	03:13:48.849	0.86630	0.86631			6
2025.08.11	03:13:49.166	0.86629	0.86630			6
2025.08.11	03:13:49.573	0.86630	0.86631			6
2025.08.11	03:13:49.925	0.86629				2
2025.08.11	03:13:51.116		0.86630			4
2025.08.11	03:13:52.549		0.86631			4
2025.08.11	03:14:00.483	0.86629				2
2025.08.11	03:14:02.096		0.86630			4
2025.08.11	03:14:11.298	0.86627	0.86628			6
2025.08.11	03:14:15.396	0.86626	0.86627			6
2025.08.11	03:14:15.700		0.86628			4
2025.08.11	03:14:16.719	0.86625	0.86627			6
2025.08.11	03:14:18.920	0.86626				2
2025.08.11	03:14:19.426		0.86628			4
2025.08.11	03:14:23.288	0.86627	0.86629			6
2025.08.11	03:14:24.862	0.86628				2
2025.08.11	03:14:25.232	0.86627				2
2025.08.11	03:14:26.012	0.86626	0.86628			6
2025.08.11	03:14:28.896		0.86627			4
2025.08.11	03:14:32.203		0.86628			4
2025.08.11	03:14:36.232		0.86627			4
2025.08.11	03:14:44.699		0.86628			4
2025.08.11	03:14:45.051		0.86627			4
2025.08.11	03:14:45.674	0.86627	0.86628			6
2025.08.11	03:14:47.991	0.86626				2
2025.08.11	03:14:49.083	0.86627				2
2025.08.11	03:14:49.917		0.86629			4
2025.08.11	03:14:50.231		0.86628			4
2025.08.11	03:14:50.775		0.86629			4
2025.08.11	03:14:52.207		0.86628			4
2025.08.11	03:15:00.493	0.86627				2
2025.08.11	03:15:01.812	0.86624	0.86625			6
2025.08.11	03:15:02.427		0.86626			4
2025.08.11	03:15:03.078	0.86625	0.86627			6
2025.08.11	03:15:03.855		0.86626			4
2025.08.11	03:15:04.170		0.86627			4
2025.08.11	03:15:04.563		0.86626			4
2025.08.11	03:15:04.881		0.86627			4
2025.08.11	03:15:05.981	0.86626				2
2025.08.11	03:15:10.482	0.86625				2
2025.08.11	03:15:12.700	0.86624	0.86626			6
2025.08.11	03:15:13.800	0.86627	0.86628			6
2025.08.11	03:15:14.472		0.86629			4
2025.08.11	03:15:16.712		0.86628			4
2025.08.11	03:15:17.378	0.86626	0.86627			6
2025.08.11	03:15:23.232		0.86628			4
2025.08.11	03:15:25.748	0.86624	0.86626			6
2025.08.11	03:15:26.070		0.86625			4
2025.08.11	03:15:26.500		0.86626			4
2025.08.11	03:15:26.805		0.86625			4
2025.08.11	03:15:28.957		0.86626			4
2025.08.11	03:15:31.023	0.86625	0.86627			6
2025.08.11	03:15:31.650	0.86626				2
2025.08.11	03:15:35.475	0.86625				2
2025.08.11	03:15:44.086	0.86626				2
2025.08.11	03:15:51.029	0.86625				2
2025.08.11	03:15:55.330		0.86626			4
2025.08.11	03:16:00.532	0.86625				2
2025.08.11	03:16:01.311		0.86627			4
2025.08.11	03:16:08.196	0.86626				2
2025.08.11	03:16:10.084	0.86625				2
2025.08.11	03:16:11.749	0.86626	0.86628			6
2025.08.11	03:16:19.280	0.86627	0.86629			6
2025.08.11	03:16:21.516	0.86630	0.86631			6
2025.08.11	03:16:24.182	0.86627	0.86628			6
2025.08.11	03:16:37.997		0.86629			4
2025.08.11	03:16:38.302		0.86628			4
2025.08.11	03:16:38.609		0.86629			4
2025.08.11	03:16:40.650	0.86628				2
2025.08.11	03:16:40.955	0.86627				2
2025.08.11	03:16:43.240	0.86628				2
2025.08.11	03:16:44.677		0.86630			4
2025.08.11	03:16:46.122		0.86629			4
2025.08.11	03:16:46.919	0.86627				2
2025.08.11	03:16:47.519	0.86628				2
2025.08.11	03:16:47.893	0.86627				2
2025.08.11	03:16:50.423		0.86628			4
2025.08.11	03:16:53.988		0.86629			4
2025.08.11	03:16:59.045		0.86628			4
2025.08.11	03:17:01.020	0.86627				2
2025.08.11	03:17:05.289	0.86626				2
2025.08.11	03:17:05.685	0.86627	0.86629			6
2025.08.11	03:17:14.429	0.86628				2
2025.08.11	03:17:15.143	0.86627				2
2025.08.11	03:17:17.697	0.86626	0.86628			6
2025.08.11	03:17:26.582		0.86627			4
2025.08.11	03:17:29.372		0.86628			4
2025.08.11	03:17:29.832		0.86627			4
2025.08.11	03:17:50.142		0.86628			4
2025.08.11	03:17:52.148	0.86625	0.86627			6
2025.08.11	03:17:54.784		0.86628			4
2025.08.11	03:18:00.925	0.86626				2
2025.08.11	03:18:06.509		0.86627			4
2025.08.11	03:18:06.818		0.86628			4
2025.08.11	03:18:08.387		0.86627			4
2025.08.11	03:18:11.755	0.86627	0.86628			6
2025.08.11	03:18:13.122		0.86629			4
2025.08.11	03:18:14.314	0.86629	0.86631			6
2025.08.11	03:18:15.944	0.86630				2
2025.08.11	03:18:31.515	0.86628	0.86630			6
2025.08.11	03:18:34.132	0.86629				2
2025.08.11	03:18:36.969	0.86628				2
2025.08.11	03:18:37.735	0.86630	0.86631			6
2025.08.11	03:18:40.137	0.86631	0.86632			6
2025.08.11	03:18:40.584	0.86630				2
2025.08.11	03:18:40.898	0.86631				2
2025.08.11	03:18:45.917	0.86632	0.86633			6
2025.08.11	03:18:46.303	0.86631				2
2025.08.11	03:18:48.915	0.86632				2
2025.08.11	03:18:54.971	0.86631	0.86632			6
2025.08.11	03:19:00.516	0.86631				2
2025.08.11	03:19:01.979	0.86630	0.86631			6
2025.08.11	03:19:10.235	0.86631	0.86632			6
2025.08.11	03:19:51.438		0.86633			4
2025.08.11	03:19:54.445		0.86632			4
2025.08.11	03:20:00.067	0.86631				2
2025.08.11	03:20:02.530	0.86630				2
2025.08.11	03:20:04.476		0.86631			4
2025.08.11	03:20:05.736		0.86632			4
2025.08.11	03:20:11.389	0.86629	0.86631			6
2025.08.11	03:20:11.695		0.86630			4
2025.08.11	03:20:12.115		0.86631			4
2025.08.11	03:20:13.534		0.86630			4
2025.08.11	03:20:15.000		0.86631			4
2025.08.11	03:20:15.802	0.86630				2
2025.08.11	03:20:16.108	0.86631	0.86632			6
2025.08.11	03:20:17.926	0.86630	0.86631			6
2025.08.11	03:20:20.032	0.86631	0.86632			6
2025.08.11	03:20:30.173	0.86632	0.86633			6
2025.08.11	03:20:30.890		0.86634			4
2025.08.11	03:20:31.322	0.86633				2
2025.08.11	03:20:32.341	0.86632				2
2025.08.11	03:20:36.594	0.86633				2
2025.08.11	03:20:37.042	0.86632				2
2025.08.11	03:20:47.729	0.86633				2
2025.08.11	03:20:48.697	0.86632				2
2025.08.11	03:20:49.868	0.86633				2
2025.08.11	03:20:55.743	0.86634	0.86635			6
2025.08.11	03:20:57.585	0.86633	0.86634			6
2025.08.11	03:20:59.037	0.86634	0.86635			6
2025.08.11	03:21:00.789	0.86633	0.86634			6
2025.08.11	03:21:05.521	0.86634	0.86635			6
2025.08.11	03:21:06.036	0.86633	0.86634			6
2025.08.11	03:21:12.259	0.86634	0.86635			6
2025.08.11	03:21:13.276	0.86635	0.86636			6
2025.08.11	03:21:14.135	0.86634	0.86635			6
2025.08.11	03:21:14.483	0.86635	0.86636			6
2025.08.11	03:21:14.829	0.86634	0.86635			6
2025.08.11	03:21:15.152	0.86633				2
2025.08.11	03:21:15.454	0.86634				2
2025.08.11	03:21:17.484	0.86633	0.86634			6
2025.08.11	03:21:17.810	0.86634	0.86635			6
2025.08.11	03:21:20.111	0.86635	0.86636			6
2025.08.11	03:21:20.420	0.86634	0.86635			6
2025.08.11	03:21:20.822		0.86636			4
2025.08.11	03:21:21.687	0.86635				2
2025.08.11	03:21:26.344	0.86636	0.86637			6
2025.08.11	03:21:26.988	0.86635	0.86636			6
2025.08.11	03:21:29.036	0.86636	0.86637			6
2025.08.11	03:21:30.148	0.86635	0.86636			6
2025.08.11	03:21:32.325	0.86634				2
2025.08.11	03:21:32.990	0.86635				2
2025.08.11	03:21:37.143	0.86634				2
2025.08.11	03:21:38.654	0.86635				2
2025.08.11	03:21:41.806	0.86637	0.86638			6
2025.08.11	03:21:42.113	0.86635	0.86636			6
2025.08.11	03:21:42.556	0.86636	0.86637			6
2025.08.11	03:21:44.203	0.86637	0.86638			6
2025.08.11	03:21:44.561	0.86636	0.86637			6
2025.08.11	03:21:45.956	0.86635	0.86636			6
2025.08.11	03:21:58.714	0.86636	0.86637			6
2025.08.11	03:22:01.168	0.86636				2
2025.08.11	03:22:02.615	0.86637	0.86638			6
2025.08.11	03:22:02.990	0.86636	0.86637			6
2025.08.11	03:22:03.443	0.86635	0.86636			6
2025.08.11	03:22:04.389	0.86634				2
2025.08.11	03:22:04.698	0.86635				2
2025.08.11	03:22:05.375	0.86636	0.86637			6
2025.08.11	03:22:05.701	0.86635	0.86636			6
2025.08.11	03:22:07.083	0.86634				2
2025.08.11	03:22:07.409	0.86635				2
2025.08.11	03:22:08.347	0.86634				2
2025.08.11	03:22:09.703	0.86635				2
2025.08.11	03:22:11.126	0.86636	0.86637			6
2025.08.11	03:22:11.478	0.86635	0.86636			6
2025.08.11	03:22:14.823	0.86634				2
2025.08.11	03:22:15.138	0.86635				2
2025.08.11	03:22:18.425	0.86636	0.86637			6
2025.08.11	03:22:18.778	0.86635	0.86636			6
2025.08.11	03:22:19.863	0.86636	0.86637			6
2025.08.11	03:22:23.267	0.86634	0.86636			6
2025.08.11	03:22:23.807	0.86635				2
2025.08.11	03:22:24.590	0.86634				2
2025.08.11	03:22:25.777	0.86635				2
2025.08.11	03:22:26.077	0.86634				2
2025.08.11	03:22:42.499		0.86635			4
2025.08.11	03:22:58.422		0.86636			4
2025.08.11	03:22:58.930	0.86635	0.86637			6
2025.08.11	03:22:59.329	0.86636				2
2025.08.11	03:23:00.056	0.86636				2
2025.08.11	03:23:02.575	0.86634	0.86636			6
2025.08.11	03:23:06.126	0.86635				2
2025.08.11	03:23:11.371	0.86636	0.86637			6
2025.08.11	03:23:13.408		0.86638			4
2025.08.11	03:23:14.405		0.86637			4
2025.08.11	03:23:17.692		0.86638			4
2025.08.11	03:23:19.367	0.86635	0.86636			6
2025.08.11	03:23:19.678	0.86634	0.86635			6
2025.08.11	03:23:22.626	0.86635	0.86637			6
2025.08.11	03:23:23.014	0.86636	0.86638			6
2025.08.11	03:23:26.985	0.86635				2
2025.08.11	03:23:27.319		0.86637			4
2025.08.11	03:23:28.774		0.86638			4
2025.08.11	03:23:33.161		0.86637			4
2025.08.11	03:23:34.791	0.86636				2
2025.08.11	03:23:35.100	0.86635				2
2025.08.11	03:23:39.407	0.86636	0.86638			6
2025.08.11	03:23:40.094		0.86637			4
2025.08.11	03:24:00.378	0.86636				2
2025.08.11	03:24:02.961	0.86635	0.86636			6
2025.08.11	03:24:03.875	0.86633	0.86634			6
2025.08.11	03:24:05.992	0.86632	0.86633			6
2025.08.11	03:24:10.586		0.86634			4
2025.08.11	03:24:12.878		0.86633			4
2025.08.11	03:24:18.225	0.86630	0.86632			6
2025.08.11	03:24:19.306		0.86631			4
2025.08.11	03:24:19.712	0.86631	0.86632			6
2025.08.11	03:24:21.670	0.86630				2
2025.08.11	03:24:41.681		0.86631			4
2025.08.11	03:24:42.228	0.86631	0.86632			6
2025.08.11	03:24:43.696	0.86630	0.86631			6
2025.08.11	03:24:44.782	0.86629				2
2025.08.11	03:24:45.896	0.86630				2
2025.08.11	03:24:53.552	0.86629				2
2025.08.11	03:24:53.880		0.86630			4
2025.08.11	03:25:00.545	0.86629	0.86631			6
2025.08.11	03:25:08.907		0.86630			4
2025.08.11	03:25:09.279	0.86630	0.86631			6
2025.08.11	03:25:14.118	0.86628	0.86629			6
2025.08.11	03:25:16.564	0.86629	0.86630			6
2025.08.11	03:25:20.231	0.86628	0.86629			6
2025.08.11	03:25:21.380	0.86629	0.86630			6
2025.08.11	03:25:22.867	0.86630	0.86631			6
2025.08.11	03:25:31.305	0.86629	0.86630			6
2025.08.11	03:25:32.534		0.86631			4
2025.08.11	03:25:40.408	0.86632	0.86633			6
2025.08.11	03:25:57.867	0.86630	0.86631			6
2025.08.11	03:25:58.169		0.86632			4
2025.08.11	03:26:00.726	0.86630				2
2025.08.11	03:26:15.110	0.86631				2
2025.08.11	03:26:21.283	0.86630				2
2025.08.11	03:26:21.599	0.86632	0.86633			6
2025.08.11	03:26:23.030	0.86631	0.86632			6
2025.08.11	03:26:24.990		0.86633			4
2025.08.11	03:26:25.301		0.86632			4
2025.08.11	03:26:25.838	0.86632	0.86633			6
2025.08.11	03:26:58.772	0.86633	0.86634			6
2025.08.11	03:26:59.080	0.86634	0.86635			6
2025.08.11	03:27:00.234	0.86634				2
2025.08.11	03:27:12.249	0.86636	0.86637			6
2025.08.11	03:27:17.785	0.86637	0.86638			6
2025.08.11	03:27:24.286	0.86636	0.86637			6
2025.08.11	03:27:38.648		0.86638			4
2025.08.11	03:27:38.971		0.86637			4
2025.08.11	03:27:39.352		0.86639			4
2025.08.11	03:27:40.025		0.86638			4
2025.08.11	03:27:40.371	0.86637				2
2025.08.11	03:27:42.225	0.86636	0.86637			6
2025.08.11	03:27:43.281	0.86637	0.86638			6
2025.08.11	03:27:48.876	0.86639	0.86640			6
2025.08.11	03:27:49.401	0.86640	0.86641			6
2025.08.11	03:27:50.788	0.86638	0.86639			6
2025.08.11	03:28:00.591	0.86638				2
2025.08.11	03:28:07.626	0.86639	0.86640			6
2025.08.11	03:28:22.404	0.86638	0.86639			6
2025.08.11	03:28:33.375	0.86636	0.86637			6
2025.08.11	03:28:33.757	0.86637	0.86638			6
2025.08.11	03:28:38.970	0.86638	0.86639			6
2025.08.11	03:29:00.283	0.86637	0.86638			6
2025.08.11	03:29:04.184	0.86638	0.86639			6
2025.08.11	03:29:04.772	0.86637	0.86638			6
2025.08.11	03:29:08.507	0.86638	0.86639			6
2025.08.11	03:29:13.020	0.86637				2
2025.08.11	03:29:13.580	0.86638				2
2025.08.11	03:29:14.732	0.86637				2
2025.08.11	03:29:15.421	0.86638				2
2025.08.11	03:29:16.393	0.86639	0.86640			6
2025.08.11	03:29:19.493	0.86638	0.86639			6
2025.08.11	03:29:19.806	0.86639	0.86640			6
2025.08.11	03:29:20.143	0.86638	0.86639			6
2025.08.11	03:29:20.590	0.86639	0.86640			6
2025.08.11	03:29:22.106	0.86638	0.86639			6
2025.08.11	03:29:22.729	0.86639	0.86640			6
2025.08.11	03:29:23.038	0.86638	0.86639			6
2025.08.11	03:29:27.239	0.86637	0.86638			6
2025.08.11	03:29:28.987	0.86638	0.86639			6
2025.08.11	03:29:37.162	0.86639	0.86640			6
2025.08.11	03:30:00.338	0.86639				2
2025.08.11	03:30:04.023	0.86638	0.86639			6
2025.08.11	03:30:17.813	0.86639	0.86640			6
2025.08.11	03:30:19.163	0.86641	0.86642			6
2025.08.11	03:30:20.532	0.86640				2
2025.08.11	03:30:27.154		0.86641			4
2025.08.11	03:30:30.637	0.86638	0.86640			6
2025.08.11	03:30:31.929		0.86639			4
2025.08.11	03:30:37.891		0.86640			4
2025.08.11	03:30:38.428	0.86639				2
2025.08.11	03:30:38.851	0.86638				2
2025.08.11	03:30:42.911	0.86639				2
2025.08.11	03:30:43.841	0.86638				2
2025.08.11	03:30:45.330	0.86639				2
2025.08.11	03:30:47.487		0.86641			4
2025.08.11	03:30:50.904		0.86640			4
2025.08.11	03:30:54.697		0.86641			4
2025.08.11	03:30:58.209		0.86640			4
2025.08.11	03:30:58.519	0.86640	0.86641			6
2025.08.11	03:30:58.820	0.86639	0.86640			6
2025.08.11	03:31:00.602	0.86639				2
2025.08.11	03:31:07.975	0.86640	0.86641			6
2025.08.11	03:31:10.122		0.86642			4
2025.08.11	03:31:11.967	0.86641	0.86643			6
2025.08.11	03:31:14.744	0.86643	0.86644			6
2025.08.11	03:31:17.102	0.86642				2
2025.08.11	03:31:18.897		0.86643			4
2025.08.11	03:31:20.375	0.86641				2
2025.08.11	03:31:32.936		0.86642			4
2025.08.11	03:31:34.044	0.86640				2
2025.08.11	03:31:36.118	0.86641				2
2025.08.11	03:31:42.432	0.86640				2
2025.08.11	03:31:47.194		0.86641			4
2025.08.11	03:31:53.812	0.86639	0.86640			6
2025.08.11	03:31:54.133	0.86638				2
2025.08.11	03:31:55.171	0.86640	0.86641			6
2025.08.11	03:32:00.317	0.86640				2
2025.08.11	03:32:02.227	0.86639	0.86640			6
2025.08.11	03:32:02.538	0.86638	0.86639			6
2025.08.11	03:32:02.913	0.86639	0.86640			6
2025.08.11	03:32:16.328	0.86638				2
2025.08.11	03:32:16.641	0.86639				2
2025.08.11	03:32:17.042	0.86638	0.86639			6
2025.08.11	03:32:18.520		0.86640			4
2025.08.11	03:32:20.840		0.86639			4
2025.08.11	03:32:24.141		0.86640			4
2025.08.11	03:32:25.662	0.86639				2
2025.08.11	03:32:32.111		0.86641			4
2025.08.11	03:32:37.006		0.86640			4
2025.08.11	03:32:43.057		0.86641			4
2025.08.11	03:32:44.846		0.86640			4
2025.08.11	03:32:51.301		0.86641			4
2025.08.11	03:32:55.826		0.86640			4
2025.08.11	03:32:58.232	0.86638	0.86639			6
2025.08.11	03:33:00.112	0.86638				2
2025.08.11	03:33:13.180	0.86637	0.86638			6
2025.08.11	03:33:24.185		0.86639			4
2025.08.11	03:33:27.316		0.86638			4
2025.08.11	03:33:27.639		0.86639			4
2025.08.11	03:33:28.282		0.86638			4
2025.08.11	03:33:33.723	0.86636	0.86637			6
2025.08.11	03:33:34.108	0.86637	0.86638			6
2025.08.11	03:33:34.610	0.86636	0.86637			6
2025.08.11	03:33:42.017	0.86637	0.86638			6
2025.08.11	03:33:42.331	0.86636	0.86637			6
2025.08.11	03:33:52.563	0.86637	0.86639			6
2025.08.11	03:33:54.432		0.86638			4
2025.08.11	03:33:56.023		0.86639			4
2025.08.11	03:33:56.651		0.86638			4
2025.08.11	03:33:56.961	0.86638	0.86639			6
2025.08.11	03:34:00.387	0.86638				2
2025.08.11	03:34:07.789	0.86641	0.86642			6
2025.08.11	03:34:24.175	0.86639	0.86640			6
2025.08.11	03:34:31.600	0.86638				2
2025.08.11	03:34:32.665		0.86639			4
2025.08.11	03:34:33.822		0.86640			4
2025.08.11	03:34:36.081		0.86639			4
2025.08.11	03:34:53.836		0.86640			4
2025.08.11	03:34:55.525	0.86640	0.86641			6
2025.08.11	03:34:59.041	0.86641	0.86642			6
2025.08.11	03:35:00.294	0.86642	0.86643			6
2025.08.11	03:35:03.146	0.86641	0.86642			6
2025.08.11	03:35:03.505	0.86642	0.86643			6
2025.08.11	03:35:03.829	0.86641	0.86642			6
2025.08.11	03:35:04.559	0.86642	0.86643			6
2025.08.11	03:35:04.879	0.86643	0.86644			6
2025.08.11	03:35:30.311	0.86642	0.86643			6
2025.08.11	03:35:32.268	0.86641	0.86642			6
2025.08.11	03:35:32.912		0.86643			4
2025.08.11	03:35:35.185	0.86642				2
2025.08.11	03:35:36.344	0.86643	0.86644			6
2025.08.11	03:35:47.311	0.86644	0.86645			6
2025.08.11	03:35:54.531	0.86643	0.86644			6
2025.08.11	03:35:59.384	0.86644	0.86645			6
2025.08.11	03:36:00.720	0.86644				2
2025.08.11	03:36:09.009	0.86643	0.86644			6
2025.08.11	03:36:11.377	0.86644	0.86645			6
2025.08.11	03:36:26.634	0.86645	0.86646			6
2025.08.11	03:36:31.507	0.86646	0.86647			6
2025.08.11	03:36:31.897	0.86645	0.86646			6
2025.08.11	03:36:32.827	0.86646	0.86647			6
2025.08.11	03:36:33.189	0.86645	0.86646			6
2025.08.11	03:36:39.235	0.86646	0.86647			6
2025.08.11	03:36:39.541	0.86645	0.86646			6
2025.08.11	03:36:52.304	0.86644	0.86645			6
2025.08.11	03:36:58.113	0.86645	0.86646			6
2025.08.11	03:37:00.196	0.86645				2
2025.08.11	03:37:01.639	0.86644	0.86645			6
2025.08.11	03:37:04.458	0.86643	0.86644			6
2025.08.11	03:37:12.832		0.86645			4
2025.08.11	03:37:17.408		0.86644			4
2025.08.11	03:37:19.296		0.86645			4
2025.08.11	03:37:21.999		0.86644			4
2025.08.11	03:37:22.665		0.86645			4
2025.08.11	03:37:23.059		0.86644			4
2025.08.11	03:37:23.362		0.86645			4
2025.08.11	03:37:23.664		0.86644			4
