<DATE>	<TIME>	<BID>	<ASK>	<LAST>	<VOLUME>	<FLAGS>
2025.12.04	00:03:31.034	0.87354	0.87424			6
2025.12.04	00:03:47.719		0.87426			4
2025.12.04	00:04:01.741	0.87354				2
2025.12.04	00:04:19.319	0.87353				2
2025.12.04	00:04:20.635		0.87424			4
2025.12.04	00:04:38.816	0.87373	0.87452			6
2025.12.04	00:05:00.546	0.87373				2
2025.12.04	00:05:05.595	0.87390	0.87447			6
2025.12.04	00:05:10.074	0.87392	0.87449			6
2025.12.04	00:05:16.067	0.87387	0.87444			6
2025.12.04	00:05:19.166	0.87390	0.87443			6
2025.12.04	00:05:20.331	0.87392	0.87445			6
2025.12.04	00:05:26.217	0.87394	0.87447			6
2025.12.04	00:05:35.965	0.87391	0.87444			6
2025.12.04	00:05:36.564	0.87394	0.87447			6
2025.12.04	00:05:41.415	0.87390	0.87443			6
2025.12.04	00:05:46.868	0.87393	0.87446			6
2025.12.04	00:06:00.761	0.87393				2
2025.12.04	00:06:50.758		0.87446			4
2025.12.04	00:07:00.760	0.87393				2
2025.12.04	00:07:08.542	0.87391	0.87444			6
2025.12.04	00:07:13.961	0.87393	0.87446			6
2025.12.04	00:07:23.571	0.87394	0.87447			6
2025.12.04	00:07:28.415	0.87393	0.87446			6
2025.12.04	00:07:33.193	0.87394	0.87447			6
2025.12.04	00:07:38.501	0.87393	0.87446			6
2025.12.04	00:07:58.231	0.87389				2
2025.12.04	00:08:00.675	0.87389				2
2025.12.04	00:08:38.815		0.87446			4
2025.12.04	00:09:00.764	0.87389				2
2025.12.04	00:09:40.760		0.87446			4
2025.12.04	00:10:00.374	0.87379	0.87436			6
2025.12.04	00:10:06.344	0.87396	0.87439			6
2025.12.04	00:10:11.697	0.87386	0.87445			6
2025.12.04	00:10:28.849	0.87387	0.87449			6
2025.12.04	00:10:42.310	0.87388				2
2025.12.04	00:11:00.129	0.87388				2
2025.12.04	00:11:04.794	0.87392	0.87441			6
2025.12.04	00:11:06.480	0.87397	0.87442			6
2025.12.04	00:11:08.284	0.87387	0.87449			6
2025.12.04	00:11:09.207	0.87397	0.87442			6
2025.12.04	00:11:20.144		0.87441			4
2025.12.04	00:11:20.700	0.87388	0.87449			6
2025.12.04	00:11:21.628	0.87397	0.87441			6
2025.12.04	00:11:26.922	0.87388	0.87449			6
2025.12.04	00:11:27.855	0.87397	0.87441			6
2025.12.04	00:11:33.043	0.87388	0.87449			6
2025.12.04	00:11:33.973	0.87397	0.87442			6
2025.12.04	00:11:42.645	0.87396	0.87441			6
2025.12.04	00:11:59.112		0.87449			4
2025.12.04	00:12:03.941	0.87396				2
2025.12.04	00:12:33.500		0.87448			4
2025.12.04	00:13:11.409	0.87396				2
2025.12.04	00:13:20.141	0.87395				2
2025.12.04	00:13:34.180		0.87448			4
2025.12.04	00:13:52.729	0.87394	0.87441			6
2025.12.04	00:14:00.403	0.87394				2
2025.12.04	00:14:52.729		0.87441			4
2025.12.04	00:14:54.942	0.87395	0.87440			6
2025.12.04	00:15:00.413	0.87395				2
2025.12.04	00:15:03.342		0.87441			4
2025.12.04	00:15:36.641		0.87440			4
2025.12.04	00:16:00.940	0.87395				2
2025.12.04	00:16:13.937	0.87394	0.87439			6
2025.12.04	00:17:01.558	0.87394				2
2025.12.04	00:17:14.181		0.87439			4
2025.12.04	00:17:23.266	0.87391	0.87442			6
2025.12.04	00:17:27.494	0.87392				2
2025.12.04	00:18:01.157	0.87395				2
2025.12.04	00:18:32.808	0.87399	0.87443			6
2025.12.04	00:18:34.695	0.87400	0.87449			6
2025.12.04	00:18:39.040	0.87401				2
2025.12.04	00:18:44.070		0.87443			4
2025.12.04	00:18:47.314		0.87442			4
2025.12.04	00:18:53.141	0.87400				2
2025.12.04	00:18:57.041	0.87401				2
2025.12.04	00:19:00.758	0.87401				2
2025.12.04	00:19:05.440	0.87400				2
2025.12.04	00:19:18.345	0.87401				2
2025.12.04	00:19:18.658	0.87400	0.87450			6
2025.12.04	00:19:21.940	0.87401				2
2025.12.04	00:19:23.444	0.87400				2
2025.12.04	00:19:29.466		0.87451			4
2025.12.04	00:20:00.311	0.87400				2
2025.12.04	00:20:05.115	0.87401	0.87446			6
2025.12.04	00:20:11.842	0.87402	0.87443			6
2025.12.04	00:20:25.972		0.87440			4
2025.12.04	00:20:35.178	0.87403				2
2025.12.04	00:20:46.779	0.87402				2
2025.12.04	00:21:01.411	0.87402				2
2025.12.04	00:21:18.463	0.87404	0.87439			6
2025.12.04	00:21:27.640	0.87405				2
2025.12.04	00:21:33.206	0.87404				2
2025.12.04	00:21:38.442	0.87403				2
2025.12.04	00:21:50.441		0.87441			4
2025.12.04	00:22:00.757	0.87403				2
2025.12.04	00:22:50.491	0.87414	0.87443			6
2025.12.04	00:22:57.126	0.87415	0.87442			6
2025.12.04	00:23:01.052	0.87415				2
2025.12.04	00:23:34.132	0.87414				2
2025.12.04	00:23:42.236	0.87415	0.87443			6
2025.12.04	00:23:42.657		0.87442			4
2025.12.04	00:23:50.446	0.87416				2
2025.12.04	00:23:57.035	0.87415				2
2025.12.04	00:24:00.762	0.87415				2
2025.12.04	00:24:10.033	0.87416				2
2025.12.04	00:24:32.061		0.87443			4
2025.12.04	00:24:32.702		0.87445			4
2025.12.04	00:25:00.314	0.87416				2
2025.12.04	00:25:01.568		0.87443			4
2025.12.04	00:25:03.836	0.87412	0.87439			6
2025.12.04	00:25:04.947		0.87440			4
2025.12.04	00:25:10.494		0.87439			4
2025.12.04	00:25:13.695	0.87416	0.87443			6
2025.12.04	00:25:15.605	0.87415	0.87441			6
2025.12.04	00:25:25.731	0.87414	0.87440			6
2025.12.04	00:25:37.513	0.87415	0.87441			6
2025.12.04	00:25:41.192	0.87404	0.87440			6
2025.12.04	00:25:41.730	0.87405	0.87439			6
2025.12.04	00:25:51.041	0.87403	0.87440			6
2025.12.04	00:25:52.346	0.87402				2
2025.12.04	00:25:54.176	0.87412	0.87439			6
2025.12.04	00:25:59.747	0.87405				2
2025.12.04	00:26:00.279	0.87405				2
2025.12.04	00:26:00.748	0.87400	0.87440			6
2025.12.04	00:26:05.290	0.87403	0.87439			6
2025.12.04	00:26:08.386	0.87397	0.87440			6
2025.12.04	00:26:12.679	0.87398	0.87439			6
2025.12.04	00:26:27.801		0.87440			4
2025.12.04	00:26:29.779	0.87397				2
2025.12.04	00:26:45.962	0.87398	0.87439			6
2025.12.04	00:27:06.985	0.87398				2
2025.12.04	00:27:20.441	0.87399				2
2025.12.04	00:27:45.962		0.87439			4
2025.12.04	00:27:52.139		0.87440			4
2025.12.04	00:28:00.760	0.87399				2
2025.12.04	00:28:01.401		0.87439			4
2025.12.04	00:28:01.813	0.87405				2
2025.12.04	00:28:15.836	0.87399				2
2025.12.04	00:28:22.271	0.87405				2
2025.12.04	00:29:00.957	0.87405				2
2025.12.04	00:29:11.412		0.87439			4
2025.12.04	00:29:22.993	0.87406				2
2025.12.04	00:29:54.414	0.87407				2
2025.12.04	00:30:00.379	0.87409	0.87462			6
2025.12.04	00:30:05.326		0.87465			4
2025.12.04	00:30:17.441	0.87408				2
2025.12.04	00:30:25.337		0.87460			4
2025.12.04	00:30:29.032		0.87454			4
2025.12.04	00:30:45.642	0.87407				2
2025.12.04	00:31:00.318	0.87407				2
2025.12.04	00:31:28.900		0.87452			4
2025.12.04	00:31:29.223		0.87454			4
2025.12.04	00:31:36.718	0.87406	0.87450			6
2025.12.04	00:31:42.882	0.87405				2
2025.12.04	00:31:58.396	0.87403	0.87447			6
2025.12.04	00:32:01.685	0.87403				2
2025.12.04	00:32:27.244	0.87404				2
2025.12.04	00:33:00.316	0.87404	0.87447			6
2025.12.04	00:33:19.241	0.87405				2
2025.12.04	00:33:27.578	0.87404	0.87445			6
2025.12.04	00:33:29.230	0.87401	0.87444			6
2025.12.04	00:33:31.706	0.87402				2
2025.12.04	00:33:46.421	0.87404	0.87447			6
2025.12.04	00:34:01.410	0.87404				2
2025.12.04	00:34:51.413		0.87447			4
2025.12.04	00:34:51.925	0.87402	0.87444			6
2025.12.04	00:34:52.444	0.87393	0.87438			6
2025.12.04	00:34:53.591	0.87391	0.87439			6
2025.12.04	00:34:56.165	0.87392	0.87438			6
2025.12.04	00:34:56.600	0.87391	0.87439			6
2025.12.04	00:34:57.759	0.87394				2
2025.12.04	00:35:00.356	0.87396				2
2025.12.04	00:35:06.945	0.87395				2
2025.12.04	00:35:29.229	0.87397				2
2025.12.04	00:35:35.237	0.87398	0.87445			6
2025.12.04	00:35:35.731	0.87395	0.87439			6
2025.12.04	00:35:36.232	0.87398	0.87445			6
2025.12.04	00:35:36.735	0.87396	0.87439			6
2025.12.04	00:35:37.231	0.87397	0.87445			6
2025.12.04	00:35:37.732	0.87396	0.87439			6
2025.12.04	00:35:43.642	0.87397	0.87445			6
2025.12.04	00:35:45.309		0.87439			4
2025.12.04	00:36:00.399	0.87397				2
2025.12.04	00:36:12.177		0.87440			4
2025.12.04	00:36:25.162		0.87445			4
2025.12.04	00:36:25.658	0.87396	0.87439			6
2025.12.04	00:36:26.157	0.87397	0.87445			6
2025.12.04	00:36:26.659	0.87396	0.87439			6
2025.12.04	00:36:27.157	0.87397	0.87445			6
2025.12.04	00:36:27.658	0.87396	0.87439			6
2025.12.04	00:36:28.011	0.87397	0.87445			6
2025.12.04	00:36:29.663	0.87396	0.87439			6
2025.12.04	00:36:30.158	0.87397	0.87445			6
2025.12.04	00:36:36.305	0.87396	0.87439			6
2025.12.04	00:36:36.802	0.87397	0.87440			6
2025.12.04	00:36:37.305	0.87396	0.87439			6
2025.12.04	00:36:37.802	0.87397	0.87445			6
2025.12.04	00:36:41.927	0.87396	0.87439			6
2025.12.04	00:36:42.428	0.87397	0.87445			6
2025.12.04	00:36:43.647	0.87396	0.87439			6
2025.12.04	00:36:44.147	0.87397	0.87445			6
2025.12.04	00:36:52.444	0.87398				2
2025.12.04	00:37:00.458	0.87398				2
2025.12.04	00:37:05.332	0.87397				2
2025.12.04	00:37:07.598	0.87398				2
2025.12.04	00:37:15.212	0.87397				2
2025.12.04	00:37:24.737	0.87396				2
2025.12.04	00:37:32.589	0.87397				2
2025.12.04	00:37:43.913	0.87396	0.87439			6
2025.12.04	00:37:44.589	0.87397	0.87445			6
2025.12.04	00:37:50.458	0.87396	0.87439			6
2025.12.04	00:37:52.588	0.87395				2
2025.12.04	00:38:00.012	0.87395				2
2025.12.04	00:38:10.759	0.87396				2
2025.12.04	00:38:50.632		0.87441			4
2025.12.04	00:39:00.758	0.87396				2
2025.12.04	00:39:09.989		0.87442			4
2025.12.04	00:39:26.441	0.87395				2
2025.12.04	00:39:50.637	0.87396	0.87439			6
2025.12.04	00:39:57.113	0.87395	0.87440			6
2025.12.04	00:40:05.583	0.87395				2
2025.12.04	00:40:06.250	0.87396	0.87445			6
2025.12.04	00:40:06.752		0.87439			4
2025.12.04	00:40:10.047		0.87441			4
2025.12.04	00:40:13.772		0.87440			4
2025.12.04	00:40:14.547	0.87395	0.87439			6
2025.12.04	00:40:17.667	0.87396	0.87445			6
2025.12.04	00:40:29.633		0.87440			4
2025.12.04	00:40:51.265		0.87441			4
2025.12.04	00:40:59.702	0.87395	0.87439			6
2025.12.04	00:41:00.325	0.87395				2
2025.12.04	00:41:12.942		0.87440			4
2025.12.04	00:41:21.385	0.87396	0.87439			6
2025.12.04	00:41:29.936	0.87395	0.87440			6
2025.12.04	00:41:32.707		0.87442			4
2025.12.04	00:41:59.140		0.87441			4
2025.12.04	00:42:01.183	0.87395				2
2025.12.04	00:42:07.237		0.87442			4
2025.12.04	00:42:08.593	0.87394	0.87443			6
2025.12.04	00:42:10.017	0.87395	0.87442			6
2025.12.04	00:42:21.739	0.87394				2
2025.12.04	00:42:26.212	0.87395				2
2025.12.04	00:42:28.586	0.87396	0.87441			6
2025.12.04	00:42:35.452	0.87395	0.87442			6
2025.12.04	00:42:42.871	0.87394	0.87443			6
2025.12.04	00:42:50.393	0.87395	0.87445			6
2025.12.04	00:43:01.237	0.87394				2
2025.12.04	00:43:05.397		0.87443			4
2025.12.04	00:43:13.175	0.87395				2
2025.12.04	00:43:15.081	0.87394	0.87442			6
2025.12.04	00:43:15.547		0.87443			4
2025.12.04	00:43:15.891	0.87395	0.87442			6
2025.12.04	00:43:16.342	0.87394	0.87443			6
2025.12.04	00:43:18.587		0.87442			4
2025.12.04	00:43:18.896		0.87443			4
2025.12.04	00:43:21.588	0.87393	0.87445			6
2025.12.04	00:43:27.569	0.87395				2
2025.12.04	00:43:27.933	0.87394				2
2025.12.04	00:43:30.720	0.87393				2
2025.12.04	00:43:32.152	0.87394				2
2025.12.04	00:43:32.576	0.87393				2
2025.12.04	00:43:32.964	0.87395				2
2025.12.04	00:43:36.587	0.87396				2
2025.12.04	00:43:41.411		0.87444			4
2025.12.04	00:43:43.208		0.87441			4
2025.12.04	00:43:48.792	0.87395	0.87443			6
2025.12.04	00:44:00.667	0.87395				2
2025.12.04	00:44:02.364	0.87396	0.87444			6
2025.12.04	00:44:54.385		0.87442			4
2025.12.04	00:44:57.163		0.87444			4
2025.12.04	00:44:57.718		0.87442			4
2025.12.04	00:45:01.205	0.87396				2
2025.12.04	00:45:03.176	0.87391	0.87447			6
2025.12.04	00:45:06.586	0.87396	0.87442			6
2025.12.04	00:45:11.541	0.87408	0.87430			6
2025.12.04	00:45:20.758	0.87407	0.87431			6
2025.12.04	00:45:21.503	0.87408	0.87430			6
2025.12.04	00:45:22.886		0.87429			4
2025.12.04	00:45:43.441	0.87407				2
2025.12.04	00:45:53.091	0.87406	0.87428			6
2025.12.04	00:45:53.823	0.87409	0.87432			6
2025.12.04	00:46:05.135	0.87409				2
2025.12.04	00:46:08.677	0.87406	0.87429			6
2025.12.04	00:46:14.125		0.87428			4
2025.12.04	00:46:14.462	0.87407				2
2025.12.04	00:46:18.897	0.87406	0.87432			6
2025.12.04	00:46:19.727	0.87407	0.87428			6
2025.12.04	00:46:20.351	0.87406	0.87429			6
2025.12.04	00:46:21.676	0.87405	0.87430			6
2025.12.04	00:46:37.373	0.87409	0.87432			6
2025.12.04	00:46:39.204	0.87408				2
2025.12.04	00:46:48.029	0.87409				2
2025.12.04	00:46:55.220	0.87408				2
2025.12.04	00:47:03.205	0.87404	0.87439			6
2025.12.04	00:47:05.666	0.87403				2
2025.12.04	00:47:06.616	0.87409	0.87432			6
2025.12.04	00:47:14.696	0.87407	0.87429			6
2025.12.04	00:48:00.729	0.87407				2
2025.12.04	00:48:08.793	0.87405	0.87431			6
2025.12.04	00:48:47.652	0.87407	0.87429			6
2025.12.04	00:49:02.440	0.87407				2
2025.12.04	00:49:26.230	0.87405	0.87430			6
2025.12.04	00:49:54.751	0.87406				2
2025.12.04	00:50:00.538	0.87406				2
2025.12.04	00:50:01.812	0.87410	0.87432			6
2025.12.04	00:50:02.204	0.87406	0.87430			6
2025.12.04	00:50:20.730		0.87429			4
2025.12.04	00:50:28.071	0.87407				2
2025.12.04	00:50:30.077	0.87405	0.87431			6
2025.12.04	00:50:32.547	0.87407	0.87430			6
2025.12.04	00:50:36.388	0.87406				2
2025.12.04	00:50:37.745	0.87411	0.87432			6
2025.12.04	00:50:38.289	0.87409				2
2025.12.04	00:50:45.733	0.87411	0.87431			6
2025.12.04	00:51:06.205	0.87411				2
2025.12.04	00:51:07.777	0.87410				2
2025.12.04	00:51:11.236	0.87409	0.87429			6
2025.12.04	00:51:11.630	0.87410				2
2025.12.04	00:51:19.336	0.87413	0.87431			6
2025.12.04	00:51:21.591	0.87412				2
2025.12.04	00:51:26.421	0.87410	0.87429			6
2025.12.04	00:51:30.336	0.87412	0.87432			6
2025.12.04	00:51:32.595	0.87411				2
2025.12.04	00:51:44.441	0.87413				2
2025.12.04	00:51:44.813	0.87412				2
2025.12.04	00:52:02.817	0.87412				2
2025.12.04	00:52:24.237		0.87430			4
2025.12.04	00:52:32.235	0.87405	0.87429			6
2025.12.04	00:52:36.263	0.87406				2
2025.12.04	00:52:48.941		0.87428			4
2025.12.04	00:52:51.411	0.87411	0.87429			6
2025.12.04	00:52:55.131	0.87412				2
2025.12.04	00:52:56.099	0.87411				2
2025.12.04	00:53:01.412	0.87411				2
2025.12.04	00:53:06.176	0.87410	0.87430			6
2025.12.04	00:53:06.958	0.87411				2
2025.12.04	00:53:07.282	0.87410				2
2025.12.04	00:53:21.648	0.87409				2
2025.12.04	00:53:36.155	0.87411				2
2025.12.04	00:53:36.632	0.87410				2
2025.12.04	00:53:37.233	0.87411				2
2025.12.04	00:53:37.537	0.87410				2
2025.12.04	00:53:38.637	0.87409				2
2025.12.04	00:54:00.396	0.87409				2
2025.12.04	00:54:05.711	0.87408				2
2025.12.04	00:54:06.962		0.87430			4
2025.12.04	00:54:09.940	0.87407				2
2025.12.04	00:54:10.271	0.87404				2
2025.12.04	00:54:38.312	0.87405				2
2025.12.04	00:54:57.941	0.87404				2
2025.12.04	00:55:00.415	0.87405				2
2025.12.04	00:55:02.313	0.87404				2
2025.12.04	00:55:07.800		0.87430			4
2025.12.04	00:55:18.387	0.87405				2
2025.12.04	00:55:39.186	0.87406				2
2025.12.04	00:55:41.588	0.87407				2
2025.12.04	00:55:44.696	0.87405				2
2025.12.04	00:55:50.427	0.87407				2
2025.12.04	00:55:58.677	0.87405				2
2025.12.04	00:56:01.409	0.87405				2
2025.12.04	00:56:05.896	0.87406				2
2025.12.04	00:56:07.911		0.87430			4
2025.12.04	00:56:16.351	0.87407				2
2025.12.04	00:56:47.127	0.87409	0.87432			6
2025.12.04	00:56:47.649	0.87410				2
2025.12.04	00:56:56.672	0.87413				2
2025.12.04	00:56:57.866	0.87411				2
2025.12.04	00:57:02.224	0.87410				2
2025.12.04	00:57:02.980	0.87409				2
2025.12.04	00:57:04.548	0.87410				2
2025.12.04	00:57:05.008	0.87409				2
2025.12.04	00:57:09.537	0.87408				2
2025.12.04	00:57:09.841	0.87409				2
2025.12.04	00:57:12.362	0.87408				2
2025.12.04	00:57:12.858	0.87409				2
2025.12.04	00:57:28.894	0.87410				2
2025.12.04	00:57:31.157	0.87409				2
2025.12.04	00:57:32.711	0.87410				2
2025.12.04	00:57:33.892	0.87411				2
2025.12.04	00:57:40.286	0.87410				2
2025.12.04	00:57:42.649	0.87411				2
2025.12.04	00:57:47.144		0.87432			4
2025.12.04	00:57:47.817	0.87410				2
2025.12.04	00:57:52.647	0.87411				2
2025.12.04	00:58:00.231	0.87411				2
2025.12.04	00:58:00.650	0.87410				2
2025.12.04	00:58:02.473	0.87411				2
2025.12.04	00:58:14.716	0.87409				2
2025.12.04	00:58:15.143	0.87411				2
2025.12.04	00:58:17.715	0.87409				2
2025.12.04	00:58:18.145	0.87410				2
2025.12.04	00:58:18.646	0.87409				2
2025.12.04	00:58:19.271	0.87410				2
2025.12.04	00:58:19.715	0.87409				2
2025.12.04	00:58:21.145	0.87410				2
2025.12.04	00:58:21.646	0.87409				2
2025.12.04	00:58:22.036	0.87410				2
2025.12.04	00:58:24.643	0.87409				2
2025.12.04	00:58:25.143	0.87410				2
2025.12.04	00:58:25.644	0.87409				2
2025.12.04	00:58:26.144	0.87410				2
2025.12.04	00:58:32.106	0.87409				2
2025.12.04	00:58:32.465	0.87410				2
2025.12.04	00:58:35.725	0.87409				2
2025.12.04	00:58:36.262	0.87410				2
2025.12.04	00:58:36.644	0.87409				2
2025.12.04	00:58:37.131	0.87411				2
2025.12.04	00:58:37.644	0.87410				2
2025.12.04	00:58:46.549	0.87408				2
2025.12.04	00:58:47.388		0.87432			4
2025.12.04	00:58:48.542	0.87411				2
2025.12.04	00:58:49.422	0.87412				2
2025.12.04	00:58:50.693	0.87413				2
2025.12.04	00:59:05.468	0.87412				2
2025.12.04	00:59:17.482	0.87411				2
2025.12.04	00:59:19.451	0.87412				2
2025.12.04	00:59:21.973	0.87409	0.87430			6
2025.12.04	00:59:31.854	0.87406	0.87427			6
2025.12.04	00:59:32.356	0.87408				2
2025.12.04	00:59:33.859	0.87405				2
2025.12.04	00:59:35.182	0.87406				2
2025.12.04	00:59:35.693	0.87405				2
2025.12.04	00:59:36.697	0.87406				2
2025.12.04	00:59:43.885	0.87407				2
2025.12.04	00:59:48.630	0.87408				2
2025.12.04	00:59:48.990	0.87406				2
2025.12.04	00:59:52.094	0.87407				2
2025.12.04	00:59:56.007	0.87408				2
2025.12.04	01:00:00.310	0.87407				2
2025.12.04	01:00:00.619	0.87408	0.87429			6
2025.12.04	01:00:01.894	0.87409				2
2025.12.04	01:00:03.071	0.87408	0.87432			6
2025.12.04	01:00:03.377		0.87429			4
2025.12.04	01:00:03.708	0.87419	0.87426			6
2025.12.04	01:00:04.013	0.87422	0.87429			6
2025.12.04	01:00:04.317	0.87423	0.87428			6
2025.12.04	01:00:05.585	0.87424	0.87429			6
2025.12.04	01:00:05.898	0.87407	0.87443			6
2025.12.04	01:00:06.518	0.87408				2
2025.12.04	01:00:06.837	0.87423	0.87428			6
2025.12.04	01:00:07.139	0.87412	0.87437			6
2025.12.04	01:00:08.670		0.87433			4
2025.12.04	01:00:09.372	0.87414	0.87435			6
2025.12.04	01:00:09.846	0.87413				2
2025.12.04	01:00:12.553	0.87414	0.87436			6
2025.12.04	01:00:16.240	0.87416	0.87435			6
2025.12.04	01:00:17.676		0.87434			4
2025.12.04	01:00:18.012	0.87415				2
2025.12.04	01:00:18.318		0.87435			4
2025.12.04	01:00:19.737	0.87413	0.87429			6
2025.12.04	01:00:20.057	0.87414	0.87430			6
2025.12.04	01:00:20.955	0.87413				2
2025.12.04	01:00:22.854	0.87414	0.87435			6
2025.12.04	01:00:23.470		0.87434			4
2025.12.04	01:00:23.783		0.87433			4
2025.12.04	01:00:24.787		0.87432			4
2025.12.04	01:00:25.791		0.87433			4
2025.12.04	01:00:26.251	0.87411	0.87429			6
2025.12.04	01:00:26.560	0.87410	0.87425			6
2025.12.04	01:00:26.875	0.87407				2
2025.12.04	01:00:30.083	0.87413	0.87427			6
2025.12.04	01:00:31.128		0.87429			4
2025.12.04	01:00:31.899		0.87428			4
2025.12.04	01:00:32.644	0.87412				2
2025.12.04	01:00:42.744	0.87413	0.87427			6
2025.12.04	01:00:44.808	0.87409				2
2025.12.04	01:00:47.853	0.87413				2
2025.12.04	01:00:50.441		0.87426			4
2025.12.04	01:00:52.162	0.87411	0.87425			6
2025.12.04	01:01:00.313	0.87413	0.87426			6
2025.12.04	01:01:03.379	0.87410	0.87422			6
2025.12.04	01:01:03.817		0.87423			4
2025.12.04	01:01:04.169		0.87422			4
2025.12.04	01:01:07.077	0.87412				2
2025.12.04	01:01:08.008	0.87414	0.87423			6
2025.12.04	01:01:08.466	0.87413				2
2025.12.04	01:01:10.758		0.87422			4
2025.12.04	01:01:11.511	0.87412				2
2025.12.04	01:01:14.185	0.87415				2
2025.12.04	01:01:15.361	0.87414				2
2025.12.04	01:01:15.698	0.87413	0.87421			6
2025.12.04	01:01:16.830	0.87415	0.87423			6
2025.12.04	01:01:21.839	0.87416				2
2025.12.04	01:01:22.427	0.87418	0.87425			6
2025.12.04	01:01:24.745	0.87413	0.87423			6
2025.12.04	01:01:26.260	0.87412				2
2025.12.04	01:01:27.009	0.87419				2
2025.12.04	01:01:27.331	0.87417	0.87421			6
2025.12.04	01:01:28.390		0.87420			4
2025.12.04	01:01:30.359	0.87420	0.87424			6
2025.12.04	01:01:34.432	0.87422				2
2025.12.04	01:01:34.830	0.87424	0.87425			6
2025.12.04	01:01:35.811	0.87422				2
2025.12.04	01:01:44.044	0.87420				2
2025.12.04	01:01:45.097	0.87422				2
2025.12.04	01:01:46.717		0.87423			4
2025.12.04	01:01:49.803		0.87424			4
2025.12.04	01:02:00.468	0.87422				2
2025.12.04	01:02:01.858	0.87420				2
2025.12.04	01:02:02.369	0.87422				2
2025.12.04	01:02:03.504	0.87421				2
2025.12.04	01:02:23.532	0.87419	0.87422			6
2025.12.04	01:02:32.601	0.87421	0.87424			6
2025.12.04	01:02:50.713	0.87419	0.87422			6
2025.12.04	01:02:51.019	0.87421	0.87423			6
2025.12.04	01:02:57.746	0.87419				2
2025.12.04	01:03:00.457	0.87419				2
2025.12.04	01:03:01.006	0.87413				2
2025.12.04	01:03:01.505	0.87419				2
2025.12.04	01:03:03.504	0.87413				2
2025.12.04	01:03:04.322	0.87415				2
2025.12.04	01:03:08.364	0.87413				2
2025.12.04	01:03:09.974		0.87421			4
2025.12.04	01:03:15.361	0.87415				2
2025.12.04	01:03:17.081		0.87422			4
2025.12.04	01:03:26.161	0.87416				2
2025.12.04	01:03:29.561	0.87415				2
2025.12.04	01:03:45.861	0.87414				2
2025.12.04	01:03:48.770	0.87416				2
2025.12.04	01:03:52.114	0.87415				2
2025.12.04	01:03:56.741	0.87416				2
2025.12.04	01:04:00.026	0.87416				2
2025.12.04	01:04:01.841	0.87415				2
2025.12.04	01:04:03.846	0.87413				2
2025.12.04	01:04:04.154	0.87415				2
2025.12.04	01:04:07.137	0.87416				2
2025.12.04	01:04:11.442	0.87415				2
2025.12.04	01:04:12.921	0.87419	0.87420			6
2025.12.04	01:04:16.325	0.87415	0.87422			6
2025.12.04	01:04:24.856	0.87412				2
2025.12.04	01:04:27.391	0.87415				2
2025.12.04	01:04:36.836	0.87419	0.87420			6
2025.12.04	01:04:38.704	0.87418	0.87419			6
2025.12.04	01:04:40.255	0.87415	0.87422			6
2025.12.04	01:04:43.591	0.87412				2
2025.12.04	01:04:45.359	0.87414				2
2025.12.04	01:04:46.631	0.87415				2
2025.12.04	01:05:00.368	0.87415				2
2025.12.04	01:05:04.948	0.87412	0.87419			6
2025.12.04	01:05:05.259	0.87410	0.87417			6
2025.12.04	01:05:05.563	0.87412				2
2025.12.04	01:05:06.142	0.87411				2
2025.12.04	01:05:12.342	0.87410				2
2025.12.04	01:05:20.299	0.87409				2
2025.12.04	01:05:29.442	0.87410				2
2025.12.04	01:05:44.896	0.87409				2
2025.12.04	01:05:47.931	0.87410	0.87416			6
2025.12.04	01:06:00.667	0.87410	0.87417			6
2025.12.04	01:06:04.133	0.87409	0.87416			6
2025.12.04	01:06:11.462	0.87408	0.87415			6
2025.12.04	01:06:16.000		0.87414			4
2025.12.04	01:06:20.917	0.87406	0.87413			6
2025.12.04	01:06:21.246	0.87405				2
2025.12.04	01:06:21.931	0.87408	0.87414			6
2025.12.04	01:06:33.942		0.87413			4
2025.12.04	01:06:45.942	0.87407	0.87414			6
2025.12.04	01:06:46.723	0.87406	0.87413			6
2025.12.04	01:06:59.032	0.87407				2
2025.12.04	01:07:00.709	0.87407				2
2025.12.04	01:07:02.574	0.87406				2
2025.12.04	01:07:15.361	0.87408	0.87414			6
2025.12.04	01:07:15.881		0.87415			4
2025.12.04	01:07:18.640	0.87409				2
2025.12.04	01:07:20.352	0.87408				2
2025.12.04	01:07:26.721	0.87409				2
2025.12.04	01:07:32.485	0.87408				2
2025.12.04	01:07:39.153	0.87409				2
2025.12.04	01:07:42.691	0.87408				2
2025.12.04	01:07:45.356	0.87409				2
2025.12.04	01:07:57.354	0.87407	0.87414			6
2025.12.04	01:08:00.764	0.87407				2
2025.12.04	01:08:20.741	0.87408				2
2025.12.04	01:08:29.327	0.87407	0.87413			6
2025.12.04	01:08:32.366	0.87408				2
2025.12.04	01:08:50.441		0.87414			4
2025.12.04	01:08:53.130	0.87406	0.87413			6
2025.12.04	01:08:56.171	0.87408				2
2025.12.04	01:09:02.865	0.87408				2
2025.12.04	01:09:03.942	0.87407	0.87414			6
2025.12.04	01:09:10.343	0.87406	0.87413			6
2025.12.04	01:09:13.397	0.87408	0.87414			6
2025.12.04	01:09:24.940		0.87413			4
2025.12.04	01:09:33.097	0.87406				2
2025.12.04	01:09:36.693	0.87408				2
2025.12.04	01:09:44.443	0.87407				2
2025.12.04	01:09:50.872	0.87406				2
2025.12.04	01:09:54.438	0.87407				2
2025.12.04	01:10:00.304	0.87407				2
2025.12.04	01:10:05.741	0.87408				2
2025.12.04	01:10:08.611	0.87406				2
2025.12.04	01:10:11.376	0.87407				2
2025.12.04	01:10:23.527	0.87406	0.87414			6
2025.12.04	01:10:23.839	0.87410	0.87416			6
2025.12.04	01:10:42.019	0.87409				2
2025.12.04	01:10:42.339		0.87415			4
2025.12.04	01:10:42.643	0.87410				2
2025.12.04	01:10:43.551	0.87407	0.87412			6
2025.12.04	01:10:47.584	0.87408				2
2025.12.04	01:10:48.046	0.87407	0.87413			6
2025.12.04	01:10:48.611	0.87408				2
2025.12.04	01:10:50.081	0.87407				2
2025.12.04	01:10:51.187		0.87412			4
2025.12.04	01:10:52.598		0.87413			4
2025.12.04	01:10:54.512	0.87408				2
2025.12.04	01:11:00.376	0.87408				2
2025.12.04	01:11:30.943	0.87409				2
2025.12.04	01:11:53.185		0.87413			4
2025.12.04	01:11:57.941		0.87414			4
2025.12.04	01:12:02.596	0.87409				2
2025.12.04	01:12:10.903	0.87408	0.87413			6
2025.12.04	01:12:20.208	0.87409				2
2025.12.04	01:12:27.328	0.87408				2
2025.12.04	01:12:44.082	0.87409				2
2025.12.04	01:12:49.653	0.87408				2
2025.12.04	01:12:50.100	0.87409				2
2025.12.04	01:12:50.453	0.87407	0.87412			6
2025.12.04	01:13:00.335	0.87407				2
2025.12.04	01:13:08.291	0.87408				2
2025.12.04	01:13:08.890	0.87409	0.87414			6
2025.12.04	01:13:13.023	0.87408	0.87412			6
2025.12.04	01:13:14.395	0.87407				2
2025.12.04	01:13:22.056		0.87413			4
2025.12.04	01:13:22.359	0.87406	0.87412			6
2025.12.04	01:13:24.941	0.87407				2
2025.12.04	01:13:28.463	0.87406				2
2025.12.04	01:13:30.541	0.87407				2
2025.12.04	01:13:31.842	0.87408				2
2025.12.04	01:13:35.387	0.87407				2
2025.12.04	01:13:54.702	0.87408				2
2025.12.04	01:13:57.990	0.87409	0.87414			6
2025.12.04	01:14:00.712	0.87405	0.87411			6
2025.12.04	01:14:02.441	0.87406	0.87410			6
2025.12.04	01:14:36.341	0.87405	0.87411			6
2025.12.04	01:14:40.840	0.87406				2
2025.12.04	01:14:46.626		0.87410			4
2025.12.04	01:15:00.307	0.87406				2
2025.12.04	01:15:03.341	0.87405				2
2025.12.04	01:15:08.453	0.87406				2
2025.12.04	01:15:48.027		0.87410			4
2025.12.04	01:16:00.405	0.87406				2
2025.12.04	01:16:49.479	0.87409	0.87414			6
2025.12.04	01:16:49.837		0.87413			4
2025.12.04	01:16:50.344		0.87414			4
2025.12.04	01:16:53.436		0.87413			4
2025.12.04	01:17:00.601	0.87410				2
2025.12.04	01:17:09.637	0.87409				2
2025.12.04	01:17:16.548	0.87410				2
2025.12.04	01:17:33.809	0.87409				2
2025.12.04	01:17:34.204		0.87412			4
2025.12.04	01:17:34.538	0.87408	0.87411			6
2025.12.04	01:17:43.137		0.87412			4
2025.12.04	01:17:45.377		0.87411			4
2025.12.04	01:17:48.775	0.87407				2
2025.12.04	01:18:00.532	0.87407				2
2025.12.04	01:18:05.119	0.87406				2
2025.12.04	01:18:05.782	0.87407				2
2025.12.04	01:18:13.826	0.87406	0.87410			6
2025.12.04	01:18:15.005	0.87405	0.87409			6
2025.12.04	01:18:16.231	0.87406	0.87410			6
2025.12.04	01:18:30.026	0.87405				2
2025.12.04	01:18:32.432	0.87406				2
2025.12.04	01:18:44.869	0.87407				2
2025.12.04	01:18:50.345	0.87406				2
2025.12.04	01:18:55.840	0.87407				2
2025.12.04	01:19:00.758	0.87407				2
2025.12.04	01:19:06.757	0.87406				2
2025.12.04	01:19:15.941	0.87407				2
2025.12.04	01:19:17.820		0.87410			4
2025.12.04	01:19:19.842	0.87406				2
2025.12.04	01:19:24.273	0.87407				2
2025.12.04	01:19:29.180	0.87406				2
2025.12.04	01:19:35.479	0.87407				2
2025.12.04	01:20:00.334	0.87407				2
2025.12.04	01:20:13.855		0.87411			4
2025.12.04	01:20:23.272		0.87410			4
2025.12.04	01:20:29.409	0.87406				2
2025.12.04	01:20:35.296	0.87407				2
2025.12.04	01:20:50.140	0.87406				2
2025.12.04	01:21:00.759	0.87406				2
2025.12.04	01:21:05.762	0.87408	0.87412			6
2025.12.04	01:21:09.121	0.87407				2
2025.12.04	01:21:12.942		0.87411			4
2025.12.04	01:21:20.432		0.87412			4
2025.12.04	01:21:28.404	0.87408				2
2025.12.04	01:21:34.122	0.87407	0.87411			6
2025.12.04	01:21:54.271	0.87406				2
2025.12.04	01:21:59.674	0.87408				2
2025.12.04	01:22:00.062	0.87407				2
2025.12.04	01:22:23.673	0.87406				2
2025.12.04	01:22:24.372	0.87407				2
2025.12.04	01:22:25.556	0.87406				2
2025.12.04	01:22:27.719	0.87407				2
2025.12.04	01:22:34.204		0.87411			4
2025.12.04	01:22:40.343		0.87412			4
2025.12.04	01:22:51.505	0.87408	0.87411			6
2025.12.04	01:22:58.756	0.87407				2
2025.12.04	01:23:00.226	0.87407				2
2025.12.04	01:23:01.382	0.87409	0.87413			6
2025.12.04	01:23:02.049	0.87410	0.87412			6
2025.12.04	01:23:02.358	0.87408				2
2025.12.04	01:23:08.075	0.87407				2
2025.12.04	01:23:09.940	0.87408				2
2025.12.04	01:23:23.056	0.87409				2
2025.12.04	01:23:33.945	0.87410	0.87413			6
2025.12.04	01:23:43.339		0.87414			4
2025.12.04	01:23:56.851	0.87411				2
2025.12.04	01:24:00.047	0.87411				2
2025.12.04	01:24:00.604	0.87410				2
2025.12.04	01:24:22.806	0.87409				2
2025.12.04	01:24:29.024	0.87410				2
2025.12.04	01:24:44.677		0.87414			4
2025.12.04	01:24:50.741	0.87409				2
2025.12.04	01:24:57.697		0.87413			4
2025.12.04	01:25:00.131	0.87409				2
2025.12.04	01:25:00.560	0.87410				2
2025.12.04	01:25:05.413	0.87409	0.87412			6
2025.12.04	01:25:29.342	0.87410	0.87414			6
2025.12.04	01:25:34.702		0.87415			4
2025.12.04	01:25:40.344	0.87413				2
2025.12.04	01:25:45.410	0.87412				2
2025.12.04	01:25:46.359	0.87411				2
2025.12.04	01:25:56.783		0.87414			4
2025.12.04	01:25:59.073		0.87415			4
2025.12.04	01:26:00.679	0.87411				2
2025.12.04	01:26:03.289	0.87410				2
2025.12.04	01:26:04.670	0.87411				2
2025.12.04	01:26:06.045	0.87410	0.87413			6
2025.12.04	01:26:14.323	0.87409	0.87412			6
2025.12.04	01:26:15.076	0.87408	0.87415			6
2025.12.04	01:26:21.063	0.87409	0.87414			6
2025.12.04	01:26:21.406	0.87410				2
2025.12.04	01:26:21.742	0.87408	0.87412			6
2025.12.04	01:26:22.882	0.87409	0.87413			6
2025.12.04	01:26:27.164	0.87407				2
2025.12.04	01:26:28.755	0.87410	0.87414			6
2025.12.04	01:26:29.092		0.87413			4
2025.12.04	01:26:29.622	0.87409				2
2025.12.04	01:26:30.519	0.87408				2
2025.12.04	01:26:44.626		0.87412			4
2025.12.04	01:26:55.886	0.87410	0.87413			6
2025.12.04	01:26:56.416	0.87412	0.87414			6
2025.12.04	01:26:57.358	0.87409	0.87413			6
2025.12.04	01:27:03.485	0.87409				2
2025.12.04	01:27:13.003	0.87410				2
2025.12.04	01:27:15.852	0.87413	0.87414			6
2025.12.04	01:27:44.342	0.87412	0.87416			6
2025.12.04	01:27:47.504	0.87411	0.87414			6
2025.12.04	01:28:00.613	0.87411				2
2025.12.04	01:28:12.271	0.87410	0.87417			6
2025.12.04	01:28:12.579	0.87412	0.87416			6
2025.12.04	01:28:18.097	0.87413				2
2025.12.04	01:28:25.359		0.87415			4
2025.12.04	01:28:37.541	0.87414	0.87416			6
2025.12.04	01:28:39.898	0.87413				2
2025.12.04	01:28:40.714		0.87414			4
2025.12.04	01:28:41.907	0.87412				2
2025.12.04	01:28:54.340	0.87413				2
2025.12.04	01:28:56.549	0.87412	0.87415			6
2025.12.04	01:28:58.541	0.87413				2
2025.12.04	01:29:00.512	0.87419	0.87420			6
2025.12.04	01:29:15.717	0.87420	0.87421			6
2025.12.04	01:29:17.602	0.87417	0.87419			6
2025.12.04	01:29:20.383		0.87418			4
2025.12.04	01:29:33.305	0.87418	0.87419			6
2025.12.04	01:29:44.740	0.87415	0.87417			6
2025.12.04	01:29:45.124		0.87418			4
2025.12.04	01:29:45.430		0.87417			4
2025.12.04	01:29:48.160		0.87416			4
2025.12.04	01:29:51.411	0.87414	0.87415			6
2025.12.04	01:29:57.672	0.87413				2
2025.12.04	01:30:00.100	0.87413				2
2025.12.04	01:30:00.413		0.87414			4
2025.12.04	01:30:02.740	0.87414	0.87415			6
2025.12.04	01:30:03.229	0.87415	0.87416			6
2025.12.04	01:30:03.861	0.87416	0.87417			6
2025.12.04	01:30:06.674	0.87415	0.87416			6
2025.12.04	01:30:15.383	0.87414	0.87415			6
2025.12.04	01:30:16.446	0.87413	0.87414			6
2025.12.04	01:30:23.528	0.87414	0.87415			6
2025.12.04	01:30:45.362	0.87413	0.87414			6
2025.12.04	01:30:49.849	0.87411	0.87412			6
2025.12.04	01:30:51.502		0.87413			4
2025.12.04	01:30:52.516		0.87412			4
2025.12.04	01:30:53.817	0.87412	0.87413			6
2025.12.04	01:30:54.196	0.87413	0.87414			6
2025.12.04	01:30:55.277	0.87412	0.87413			6
2025.12.04	01:30:56.785	0.87413	0.87414			6
2025.12.04	01:30:59.356	0.87410	0.87412			6
2025.12.04	01:30:59.658	0.87411				2
2025.12.04	01:31:00.221	0.87411				2
2025.12.04	01:31:00.681	0.87415	0.87417			6
2025.12.04	01:31:03.579	0.87416				2
2025.12.04	01:31:13.392	0.87415				2
2025.12.04	01:31:29.409		0.87416			4
2025.12.04	01:31:52.910	0.87414	0.87415			6
2025.12.04	01:31:56.637	0.87415	0.87416			6
2025.12.04	01:31:57.234	0.87414				2
2025.12.04	01:32:00.480	0.87414	0.87415			6
2025.12.04	01:32:00.867		0.87416			4
2025.12.04	01:32:06.874	0.87413	0.87415			6
2025.12.04	01:32:07.241	0.87414	0.87416			6
2025.12.04	01:32:12.900	0.87415				2
2025.12.04	01:32:15.641	0.87413	0.87415			6
2025.12.04	01:32:51.244		0.87416			4
2025.12.04	01:32:54.327		0.87415			4
2025.12.04	01:33:00.439	0.87414	0.87416			6
2025.12.04	01:33:54.284		0.87417			4
2025.12.04	01:33:55.225		0.87416			4
2025.12.04	01:33:57.348	0.87413				2
2025.12.04	01:34:00.942	0.87414				2
2025.12.04	01:34:04.027	0.87413				2
2025.12.04	01:34:04.686	0.87414				2
2025.12.04	01:34:05.626	0.87416	0.87417			6
2025.12.04	01:34:05.940	0.87415				2
2025.12.04	01:34:08.092	0.87414				2
2025.12.04	01:34:20.729		0.87416			4
2025.12.04	01:34:31.261	0.87415				2
2025.12.04	01:34:31.579	0.87414				2
2025.12.04	01:34:34.077		0.87415			4
2025.12.04	01:34:35.069	0.87416	0.87417			6
2025.12.04	01:34:39.563	0.87414	0.87415			6
2025.12.04	01:34:45.362	0.87415	0.87416			6
2025.12.04	01:34:55.135	0.87414	0.87415			6
2025.12.04	01:34:56.521		0.87416			4
2025.12.04	01:34:57.512		0.87417			4
2025.12.04	01:34:57.879	0.87416				2
2025.12.04	01:35:00.361	0.87415				2
2025.12.04	01:35:10.759	0.87416				2
2025.12.04	01:35:24.940	0.87423	0.87428			6
2025.12.04	01:35:25.614	0.87421				2
2025.12.04	01:35:25.955	0.87422	0.87427			6
2025.12.04	01:35:26.319	0.87424				2
2025.12.04	01:35:26.982	0.87422	0.87428			6
2025.12.04	01:35:27.386	0.87424				2
2025.12.04	01:35:29.416	0.87422	0.87427			6
2025.12.04	01:35:32.229	0.87424	0.87429			6
2025.12.04	01:35:32.538	0.87425				2
2025.12.04	01:35:32.904	0.87424				2
2025.12.04	01:35:34.624	0.87423	0.87428			6
2025.12.04	01:35:46.844	0.87424	0.87429			6
2025.12.04	01:35:47.182	0.87425	0.87427			6
2025.12.04	01:35:52.682	0.87424	0.87429			6
2025.12.04	01:36:00.632	0.87424				2
2025.12.04	01:36:01.512	0.87425	0.87427			6
2025.12.04	01:36:03.983	0.87424	0.87428			6
2025.12.04	01:36:04.345		0.87429			4
2025.12.04	01:36:04.931	0.87425	0.87427			6
2025.12.04	01:36:07.616	0.87424	0.87429			6
2025.12.04	01:36:08.677	0.87425	0.87427			6
2025.12.04	01:36:15.937	0.87424	0.87429			6
2025.12.04	01:36:16.320		0.87428			4
2025.12.04	01:36:34.946	0.87423	0.87427			6
2025.12.04	01:36:44.932	0.87424				2
2025.12.04	01:36:46.841	0.87422				2
2025.12.04	01:36:55.055	0.87421				2
2025.12.04	01:37:00.551	0.87421				2
2025.12.04	01:37:05.849	0.87424				2
2025.12.04	01:37:39.339		0.87427			4
2025.12.04	01:37:41.989	0.87423				2
2025.12.04	01:37:46.692	0.87422				2
2025.12.04	01:37:48.478	0.87423				2
2025.12.04	01:37:54.126	0.87424	0.87428			6
2025.12.04	01:37:54.440	0.87423				2
2025.12.04	01:38:00.629	0.87425				2
2025.12.04	01:38:04.817		0.87427			4
2025.12.04	01:38:24.399	0.87421	0.87428			6
2025.12.04	01:38:28.162	0.87423	0.87427			6
2025.12.04	01:38:30.751	0.87421				2
2025.12.04	01:38:33.597	0.87423				2
2025.12.04	01:38:33.986	0.87422				2
2025.12.04	01:38:38.442		0.87428			4
2025.12.04	01:38:45.423		0.87427			4
2025.12.04	01:38:49.426	0.87421				2
2025.12.04	01:38:55.485	0.87423				2
2025.12.04	01:39:02.346	0.87423				2
2025.12.04	01:39:05.741		0.87426			4
2025.12.04	01:39:25.201	0.87422				2
2025.12.04	01:39:25.581	0.87423				2
2025.12.04	01:39:26.062	0.87422				2
2025.12.04	01:39:31.411	0.87423				2
2025.12.04	01:39:32.803	0.87422				2
2025.12.04	01:39:36.782	0.87423				2
2025.12.04	01:39:40.428	0.87424				2
2025.12.04	01:39:46.914		0.87427			4
2025.12.04	01:39:49.064	0.87423				2
2025.12.04	01:39:56.688		0.87426			4
2025.12.04	01:40:00.181	0.87422				2
2025.12.04	01:40:05.478	0.87423				2
2025.12.04	01:40:10.754	0.87422				2
2025.12.04	01:40:12.399	0.87423				2
2025.12.04	01:40:15.308	0.87424				2
2025.12.04	01:40:16.477	0.87423				2
2025.12.04	01:40:17.495	0.87424				2
2025.12.04	01:40:18.969	0.87423				2
2025.12.04	01:40:23.013	0.87424				2
2025.12.04	01:40:27.145	0.87425				2
2025.12.04	01:40:28.203	0.87424				2
2025.12.04	01:40:41.508		0.87427			4
2025.12.04	01:40:46.892	0.87423				2
2025.12.04	01:41:00.664	0.87425				2
2025.12.04	01:41:03.097	0.87424				2
2025.12.04	01:41:03.557	0.87423				2
2025.12.04	01:41:12.431		0.87426			4
2025.12.04	01:41:19.696	0.87422	0.87424			6
2025.12.04	01:41:20.067	0.87423	0.87425			6
2025.12.04	01:42:00.758	0.87423				2
2025.12.04	01:42:12.556	0.87422	0.87424			6
2025.12.04	01:42:12.859	0.87423	0.87425			6
2025.12.04	01:42:30.444	0.87422	0.87424			6
2025.12.04	01:42:37.826	0.87418	0.87419			6
2025.12.04	01:42:38.130	0.87417				2
2025.12.04	01:42:38.741	0.87416	0.87418			6
2025.12.04	01:43:00.747	0.87416				2
2025.12.04	01:43:01.246		0.87417			4
2025.12.04	01:43:03.942	0.87415				2
2025.12.04	01:43:05.791		0.87418			4
2025.12.04	01:43:12.230	0.87416	0.87419			6
2025.12.04	01:43:19.341		0.87418			4
2025.12.04	01:43:42.760	0.87418	0.87419			6
2025.12.04	01:43:46.496	0.87417				2
2025.12.04	01:44:00.607	0.87417				2
2025.12.04	01:44:12.041	0.87418				2
2025.12.04	01:44:16.767		0.87420			4
2025.12.04	01:44:18.349	0.87419				2
2025.12.04	01:44:19.768	0.87418				2
2025.12.04	01:44:27.550	0.87419	0.87421			6
2025.12.04	01:44:41.803	0.87416	0.87418			6
2025.12.04	01:44:42.346	0.87415	0.87417			6
2025.12.04	01:44:59.119	0.87413	0.87415			6
2025.12.04	01:45:00.084	0.87413				2
2025.12.04	01:45:03.518	0.87410	0.87412			6
2025.12.04	01:45:09.117	0.87408	0.87411			6
2025.12.04	01:45:09.561		0.87410			4
2025.12.04	01:45:11.287	0.87405	0.87407			6
2025.12.04	01:45:11.596	0.87404	0.87406			6
2025.12.04	01:45:12.017	0.87405	0.87407			6
2025.12.04	01:45:12.318		0.87406			4
2025.12.04	01:45:12.842	0.87408	0.87410			6
2025.12.04	01:45:14.528	0.87409				2
2025.12.04	01:45:16.553	0.87408				2
2025.12.04	01:45:16.990		0.87411			4
2025.12.04	01:45:21.701	0.87409				2
2025.12.04	01:46:00.701	0.87409				2
2025.12.04	01:46:08.554	0.87408				2
2025.12.04	01:46:10.464	0.87409				2
2025.12.04	01:46:16.776		0.87410			4
2025.12.04	01:46:17.104	0.87411	0.87413			6
2025.12.04	01:46:24.492	0.87412	0.87414			6
2025.12.04	01:46:30.528	0.87411	0.87413			6
2025.12.04	01:46:31.060	0.87412				2
2025.12.04	01:46:39.322	0.87411				2
2025.12.04	01:46:42.461	0.87410	0.87412			6
2025.12.04	01:46:45.020	0.87411				2
2025.12.04	01:46:45.430		0.87413			4
2025.12.04	01:46:49.565		0.87412			4
2025.12.04	01:46:50.369	0.87410				2
2025.12.04	01:46:51.464	0.87411				2
2025.12.04	01:46:52.203	0.87410				2
2025.12.04	01:46:52.695		0.87411			4
2025.12.04	01:46:53.679	0.87411	0.87412			6
2025.12.04	01:47:01.209	0.87411				2
2025.12.04	01:47:07.587	0.87410	0.87413			6
2025.12.04	01:47:09.099	0.87411				2
2025.12.04	01:47:17.572	0.87412				2
2025.12.04	01:47:43.422	0.87411				2
2025.12.04	01:47:51.220	0.87413	0.87414			6
2025.12.04	01:47:51.893		0.87415			4
2025.12.04	01:47:52.822	0.87412	0.87414			6
2025.12.04	01:47:53.486	0.87413				2
2025.12.04	01:47:55.219	0.87412				2
2025.12.04	01:47:56.932	0.87413				2
2025.12.04	01:48:00.596	0.87413				2
2025.12.04	01:48:05.415	0.87414	0.87415			6
2025.12.04	01:48:10.292	0.87413				2
2025.12.04	01:48:13.292		0.87414			4
2025.12.04	01:48:15.423	0.87411	0.87413			6
2025.12.04	01:48:21.409		0.87412			4
2025.12.04	01:48:33.777	0.87412	0.87414			6
2025.12.04	01:48:34.584		0.87413			4
2025.12.04	01:48:34.985	0.87410	0.87412			6
2025.12.04	01:48:50.336		0.87411			4
2025.12.04	01:48:51.972	0.87408	0.87409			6
2025.12.04	01:48:54.155	0.87407	0.87408			6
2025.12.04	01:48:54.491	0.87406	0.87407			6
2025.12.04	01:48:54.830	0.87405	0.87406			6
2025.12.04	01:48:57.952	0.87404				2
2025.12.04	01:48:59.035		0.87405			4
2025.12.04	01:48:59.722	0.87405	0.87406			6
2025.12.04	01:49:00.616	0.87404	0.87405			6
2025.12.04	01:49:06.853		0.87406			4
2025.12.04	01:49:07.553	0.87405				2
2025.12.04	01:49:09.691		0.87407			4
2025.12.04	01:49:11.601	0.87404	0.87405			6
2025.12.04	01:49:25.116	0.87405	0.87406			6
2025.12.04	01:49:25.419	0.87404	0.87405			6
2025.12.04	01:49:29.161	0.87405	0.87406			6
2025.12.04	01:49:59.796	0.87406	0.87407			6
2025.12.04	01:50:00.246	0.87406				2
2025.12.04	01:50:00.629	0.87408	0.87409			6
2025.12.04	01:50:41.718	0.87407				2
2025.12.04	01:50:45.865	0.87408				2
2025.12.04	01:50:55.406		0.87410			4
2025.12.04	01:50:55.719		0.87409			4
2025.12.04	01:50:56.117	0.87407				2
2025.12.04	01:50:56.643	0.87408				2
2025.12.04	01:51:00.352	0.87408				2
2025.12.04	01:51:00.656	0.87409	0.87410			6
2025.12.04	01:51:01.146	0.87410	0.87412			6
2025.12.04	01:51:03.431		0.87411			4
2025.12.04	01:51:04.141	0.87409	0.87410			6
2025.12.04	01:51:14.106	0.87406	0.87407			6
2025.12.04	01:51:16.402	0.87405				2
2025.12.04	01:51:19.488	0.87406				2
2025.12.04	01:51:21.307		0.87408			4
2025.12.04	01:51:21.654	0.87404	0.87405			6
2025.12.04	01:51:22.691	0.87406	0.87407			6
2025.12.04	01:51:25.297	0.87402	0.87404			6
2025.12.04	01:51:25.900		0.87405			4
2025.12.04	01:51:26.486	0.87403				2
2025.12.04	01:51:27.899	0.87400	0.87402			6
2025.12.04	01:51:28.337	0.87401				2
2025.12.04	01:51:28.748	0.87400	0.87401			6
2025.12.04	01:51:37.575	0.87399				2
2025.12.04	01:51:42.189	0.87400				2
2025.12.04	01:51:45.959	0.87401	0.87403			6
2025.12.04	01:51:48.659	0.87400	0.87402			6
2025.12.04	01:51:48.974		0.87401			4
2025.12.04	01:51:49.815	0.87399	0.87400			6
2025.12.04	01:51:50.117	0.87400	0.87401			6
2025.12.04	01:51:50.874	0.87399	0.87400			6
2025.12.04	01:52:00.592	0.87399				2
2025.12.04	01:52:01.721		0.87401			4
2025.12.04	01:52:13.923	0.87400				2
2025.12.04	01:52:30.252	0.87399	0.87400			6
2025.12.04	01:52:32.677	0.87400	0.87402			6
2025.12.04	01:52:32.992	0.87401				2
2025.12.04	01:52:33.536	0.87400				2
2025.12.04	01:52:34.089	0.87401				2
2025.12.04	01:52:35.846	0.87402	0.87403			6
2025.12.04	01:52:37.305	0.87403	0.87404			6
2025.12.04	01:52:43.264	0.87400	0.87402			6
2025.12.04	01:52:49.724		0.87401			4
2025.12.04	01:52:58.447	0.87399	0.87400			6
2025.12.04	01:52:58.794	0.87398	0.87399			6
2025.12.04	01:53:00.569	0.87400	0.87401			6
2025.12.04	01:53:02.003	0.87399	0.87400			6
2025.12.04	01:53:09.331	0.87400	0.87401			6
2025.12.04	01:53:18.418		0.87402			4
2025.12.04	01:53:19.047		0.87401			4
2025.12.04	01:53:19.810	0.87401	0.87402			6
2025.12.04	01:53:21.618	0.87400	0.87401			6
2025.12.04	01:53:27.914		0.87402			4
2025.12.04	01:53:29.110	0.87401				2
2025.12.04	01:53:31.567	0.87400				2
2025.12.04	01:53:35.147		0.87401			4
2025.12.04	01:53:35.459		0.87402			4
2025.12.04	01:53:45.129		0.87401			4
2025.12.04	01:53:49.091	0.87399				2
2025.12.04	01:53:51.042	0.87400				2
2025.12.04	01:54:00.608	0.87400				2
2025.12.04	01:54:18.723		0.87402			4
2025.12.04	01:54:19.950	0.87402	0.87403			6
2025.12.04	01:54:26.120	0.87399	0.87400			6
2025.12.04	01:54:27.191	0.87400	0.87401			6
2025.12.04	01:54:33.506	0.87401	0.87402			6
2025.12.04	01:54:38.511	0.87402	0.87403			6
2025.12.04	01:54:40.499	0.87403	0.87404			6
2025.12.04	01:54:46.505	0.87400	0.87401			6
2025.12.04	01:54:50.432	0.87401	0.87402			6
2025.12.04	01:54:51.867	0.87400	0.87401			6
2025.12.04	01:55:00.266	0.87400				2
2025.12.04	01:55:01.444	0.87401	0.87402			6
2025.12.04	01:55:10.024	0.87400	0.87401			6
2025.12.04	01:55:30.726	0.87401	0.87402			6
2025.12.04	01:55:33.844	0.87400	0.87401			6
2025.12.04	01:55:34.151	0.87399	0.87400			6
2025.12.04	01:55:35.582	0.87400	0.87401			6
2025.12.04	01:55:43.110	0.87399	0.87400			6
2025.12.04	01:55:44.151	0.87400	0.87401			6
2025.12.04	01:55:48.650	0.87399	0.87400			6
2025.12.04	01:56:01.410	0.87399				2
2025.12.04	01:56:02.197	0.87400	0.87401			6
2025.12.04	01:56:02.897	0.87399	0.87400			6
2025.12.04	01:56:15.067	0.87400	0.87401			6
2025.12.04	01:56:16.486	0.87399	0.87400			6
2025.12.04	01:56:17.626	0.87400	0.87401			6
2025.12.04	01:56:22.611	0.87399	0.87400			6
2025.12.04	01:56:27.413	0.87400	0.87401			6
2025.12.04	01:56:27.738	0.87399	0.87400			6
2025.12.04	01:56:39.036	0.87400	0.87401			6
2025.12.04	01:57:00.607	0.87400				2
2025.12.04	01:57:01.700	0.87401	0.87402			6
2025.12.04	01:57:04.776	0.87400	0.87401			6
2025.12.04	01:57:09.703	0.87401	0.87402			6
2025.12.04	01:57:13.447	0.87402	0.87403			6
2025.12.04	01:57:13.837	0.87404	0.87405			6
2025.12.04	01:57:21.702	0.87403	0.87404			6
2025.12.04	01:57:23.680	0.87402	0.87403			6
2025.12.04	01:57:33.850	0.87405	0.87406			6
2025.12.04	01:57:34.206	0.87406	0.87407			6
2025.12.04	01:57:36.121	0.87405	0.87406			6
2025.12.04	01:57:36.996	0.87406	0.87407			6
2025.12.04	01:57:40.373	0.87405	0.87406			6
2025.12.04	01:57:43.869	0.87406	0.87407			6
2025.12.04	01:58:00.655	0.87406				2
2025.12.04	01:58:04.241	0.87405	0.87406			6
2025.12.04	01:58:06.297	0.87404	0.87405			6
2025.12.04	01:58:19.181	0.87402	0.87403			6
2025.12.04	01:58:21.735	0.87401				2
2025.12.04	01:58:40.111		0.87404			4
2025.12.04	01:58:42.026	0.87402				2
2025.12.04	01:58:50.183	0.87401	0.87402			6
2025.12.04	01:58:50.886		0.87404			4
2025.12.04	01:58:51.797		0.87402			4
2025.12.04	01:58:52.136		0.87403			4
2025.12.04	01:58:52.612		0.87404			4
2025.12.04	01:59:00.612	0.87402				2
2025.12.04	01:59:16.477	0.87401				2
2025.12.04	01:59:22.684	0.87402				2
2025.12.04	01:59:33.139	0.87401				2
2025.12.04	01:59:40.157	0.87402				2
2025.12.04	01:59:41.932	0.87401				2
2025.12.04	01:59:42.886	0.87402				2
2025.12.04	01:59:53.462		0.87404			4
2025.12.04	01:59:54.060	0.87403	0.87405			6
2025.12.04	01:59:57.690		0.87406			4
2025.12.04	02:00:00.318	0.87403				2
2025.12.04	02:00:00.632	0.87408	0.87409			6
2025.12.04	02:00:00.939		0.87410			4
2025.12.04	02:00:05.787	0.87412	0.87414			6
2025.12.04	02:00:06.167		0.87413			4
2025.12.04	02:00:07.276	0.87411				2
2025.12.04	02:00:08.344	0.87412	0.87414			6
2025.12.04	02:00:08.841		0.87413			4
2025.12.04	02:00:09.613		0.87414			4
2025.12.04	02:00:11.142	0.87413	0.87415			6
2025.12.04	02:00:11.512	0.87411	0.87413			6
2025.12.04	02:00:11.827	0.87410	0.87412			6
2025.12.04	02:00:20.350	0.87412	0.87413			6
2025.12.04	02:00:21.076	0.87411	0.87412			6
2025.12.04	02:00:22.607	0.87410				2
2025.12.04	02:00:26.345	0.87412	0.87414			6
2025.12.04	02:00:26.659	0.87414	0.87415			6
2025.12.04	02:00:33.281	0.87409	0.87411			6
2025.12.04	02:00:33.933		0.87410			4
2025.12.04	02:00:35.412	0.87408	0.87409			6
2025.12.04	02:00:39.413	0.87409	0.87410			6
2025.12.04	02:00:41.483	0.87408	0.87409			6
2025.12.04	02:00:41.829	0.87409	0.87410			6
2025.12.04	02:00:42.943	0.87408	0.87409			6
2025.12.04	02:00:45.133		0.87410			4
2025.12.04	02:00:45.440	0.87409				2
2025.12.04	02:00:45.777		0.87411			4
2025.12.04	02:00:47.385		0.87410			4
2025.12.04	02:00:53.383	0.87408				2
2025.12.04	02:00:53.718	0.87405	0.87408			6
2025.12.04	02:00:55.235	0.87406	0.87409			6
2025.12.04	02:00:55.607		0.87408			4
2025.12.04	02:00:57.983	0.87405				2
2025.12.04	02:01:00.241	0.87405	0.87407			6
2025.12.04	02:01:00.691		0.87408			4
2025.12.04	02:01:02.259	0.87407	0.87409			6
2025.12.04	02:01:02.827	0.87406				2
2025.12.04	02:01:03.539	0.87408	0.87411			6
2025.12.04	02:01:03.853	0.87409				2
2025.12.04	02:01:04.189	0.87410	0.87412			6
2025.12.04	02:01:06.446	0.87411				2
2025.12.04	02:01:08.053	0.87410				2
2025.12.04	02:01:09.087	0.87411				2
2025.12.04	02:01:09.399	0.87410				2
2025.12.04	02:01:13.174	0.87409				2
2025.12.04	02:01:13.647	0.87408	0.87410			6
2025.12.04	02:01:14.605	0.87409				2
2025.12.04	02:01:15.675	0.87408				2
2025.12.04	02:01:16.480	0.87409	0.87411			6
2025.12.04	02:01:23.454	0.87411	0.87413			6
2025.12.04	02:01:24.345	0.87412				2
2025.12.04	02:01:24.732	0.87411				2
2025.12.04	02:01:28.243	0.87410				2
2025.12.04	02:01:29.487	0.87409	0.87411			6
2025.12.04	02:01:29.990	0.87408				2
2025.12.04	02:01:31.864	0.87409				2
2025.12.04	02:01:36.846	0.87408				2
2025.12.04	02:01:39.325	0.87409				2
2025.12.04	02:01:41.469	0.87404	0.87407			6
2025.12.04	02:01:41.779	0.87405				2
2025.12.04	02:01:43.497	0.87406				2
2025.12.04	02:01:54.669	0.87400	0.87402			6
2025.12.04	02:01:55.824	0.87403	0.87406			6
2025.12.04	02:01:57.154	0.87400	0.87402			6
2025.12.04	02:01:57.500	0.87399	0.87401			6
2025.12.04	02:01:59.383	0.87398				2
2025.12.04	02:01:59.847	0.87399				2
2025.12.04	02:02:00.359	0.87402	0.87404			6
2025.12.04	02:02:01.047		0.87403			4
2025.12.04	02:02:01.477	0.87401				2
2025.12.04	02:02:01.815	0.87400				2
2025.12.04	02:02:06.418	0.87399	0.87401			6
2025.12.04	02:02:09.377		0.87402			4
2025.12.04	02:02:09.682	0.87400				2
2025.12.04	02:02:20.445	0.87399	0.87401			6
2025.12.04	02:02:24.647	0.87400	0.87402			6
2025.12.04	02:02:30.532	0.87399	0.87401			6
2025.12.04	02:02:33.373		0.87400			4
2025.12.04	02:02:47.106		0.87402			4
2025.12.04	02:02:47.929	0.87400				2
2025.12.04	02:02:48.426	0.87397	0.87398			6
2025.12.04	02:02:49.574	0.87398	0.87399			6
2025.12.04	02:02:50.356	0.87399	0.87401			6
2025.12.04	02:02:52.347	0.87405	0.87406			6
2025.12.04	02:02:52.984	0.87404				2
2025.12.04	02:02:53.381	0.87405				2
2025.12.04	02:02:56.165	0.87403	0.87404			6
2025.12.04	02:02:56.658		0.87406			4
2025.12.04	02:02:57.002		0.87405			4
2025.12.04	02:03:00.458	0.87402				2
2025.12.04	02:03:00.763	0.87401	0.87403			6
2025.12.04	02:03:02.232	0.87403	0.87405			6
2025.12.04	02:03:02.538	0.87404				2
2025.12.04	02:03:03.267	0.87403				2
2025.12.04	02:03:05.177	0.87402				2
2025.12.04	02:03:06.543	0.87404				2
2025.12.04	02:03:07.729	0.87406	0.87408			6
2025.12.04	02:03:11.368	0.87405	0.87407			6
2025.12.04	02:03:22.227	0.87402	0.87403			6
2025.12.04	02:03:22.543	0.87401				2
2025.12.04	02:03:25.984	0.87402				2
2025.12.04	02:03:26.489	0.87403	0.87404			6
2025.12.04	02:03:27.191	0.87402				2
2025.12.04	02:03:37.081	0.87401				2
2025.12.04	02:03:42.423	0.87398	0.87400			6
2025.12.04	02:03:46.971		0.87399			4
2025.12.04	02:03:48.973		0.87400			4
2025.12.04	02:04:01.240	0.87398				2
2025.12.04	02:04:05.274	0.87397	0.87399			6
2025.12.04	02:04:07.288	0.87398				2
2025.12.04	02:04:07.598	0.87397				2
2025.12.04	02:04:10.361	0.87398	0.87400			6
2025.12.04	02:04:10.850		0.87399			4
2025.12.04	02:04:11.848	0.87397	0.87398			6
2025.12.04	02:04:12.176		0.87399			4
2025.12.04	02:04:12.502		0.87398			4
2025.12.04	02:04:13.245		0.87399			4
2025.12.04	02:04:14.822	0.87398				2
2025.12.04	02:04:17.081	0.87399	0.87401			6
2025.12.04	02:04:18.967		0.87400			4
2025.12.04	02:04:20.073	0.87397	0.87398			6
2025.12.04	02:04:20.718	0.87396				2
2025.12.04	02:04:21.688		0.87397			4
2025.12.04	02:04:25.725		0.87398			4
2025.12.04	02:04:27.532		0.87397			4
2025.12.04	02:04:28.372		0.87398			4
2025.12.04	02:04:32.861	0.87397				2
2025.12.04	02:04:39.471	0.87396				2
2025.12.04	02:04:42.103	0.87399	0.87401			6
2025.12.04	02:04:42.442		0.87400			4
2025.12.04	02:04:43.281		0.87401			4
2025.12.04	02:04:45.380		0.87402			4
2025.12.04	02:04:45.863		0.87400			4
2025.12.04	02:05:00.497	0.87398	0.87399			6
2025.12.04	02:05:00.813	0.87397				2
2025.12.04	02:05:01.114	0.87396	0.87398			6
2025.12.04	02:05:14.166	0.87395				2
2025.12.04	02:05:15.199		0.87397			4
2025.12.04	02:05:20.628	0.87394	0.87395			6
2025.12.04	02:05:21.170	0.87393				2
2025.12.04	02:05:21.475	0.87394				2
2025.12.04	02:05:21.844	0.87393	0.87396			6
2025.12.04	02:05:22.163	0.87394				2
2025.12.04	02:05:24.076	0.87397	0.87399			6
2025.12.04	02:05:24.769	0.87396				2
2025.12.04	02:05:26.282		0.87398			4
2025.12.04	02:05:27.343	0.87394	0.87396			6
2025.12.04	02:05:29.793	0.87395	0.87398			6
2025.12.04	02:05:30.783		0.87397			4
2025.12.04	02:05:31.831	0.87394				2
2025.12.04	02:05:34.980	0.87395	0.87398			6
2025.12.04	02:05:39.949	0.87396				2
2025.12.04	02:05:47.413	0.87395				2
2025.12.04	02:05:47.997	0.87396				2
2025.12.04	02:05:51.800	0.87397	0.87399			6
2025.12.04	02:05:55.498	0.87396	0.87398			6
2025.12.04	02:05:55.809		0.87399			4
2025.12.04	02:05:56.403	0.87397				2
2025.12.04	02:05:58.634	0.87398				2
2025.12.04	02:06:00.320	0.87398	0.87400			6
2025.12.04	02:06:01.206		0.87399			4
2025.12.04	02:06:05.658	0.87397				2
2025.12.04	02:06:06.829	0.87398				2
2025.12.04	02:06:15.479	0.87397	0.87400			6
2025.12.04	02:06:15.800		0.87399			4
2025.12.04	02:06:17.395	0.87396	0.87397			6
2025.12.04	02:06:18.069	0.87395				2
2025.12.04	02:06:29.605	0.87396	0.87399			6
2025.12.04	02:06:29.926	0.87397				2
2025.12.04	02:06:31.167	0.87398	0.87400			6
2025.12.04	02:06:32.127		0.87401			4
2025.12.04	02:06:34.813		0.87400			4
2025.12.04	02:06:35.744	0.87397				2
2025.12.04	02:06:40.573		0.87399			4
2025.12.04	02:06:43.341	0.87396				2
2025.12.04	02:06:44.381	0.87397				2
2025.12.04	02:06:49.016	0.87396				2
2025.12.04	02:06:49.581	0.87394	0.87396			6
2025.12.04	02:06:52.946	0.87393	0.87395			6
2025.12.04	02:06:53.447	0.87394				2
2025.12.04	02:06:55.684	0.87393	0.87396			6
2025.12.04	02:06:58.426	0.87394				2
2025.12.04	02:07:00.030	0.87394				2
2025.12.04	02:07:00.359	0.87393				2
2025.12.04	02:07:00.745	0.87395				2
2025.12.04	02:07:01.743		0.87397			4
2025.12.04	02:07:02.877	0.87394				2
2025.12.04	02:07:03.180	0.87395				2
2025.12.04	02:07:08.719	0.87396	0.87398			6
2025.12.04	02:07:17.475	0.87397				2
2025.12.04	02:07:21.945		0.87399			4
2025.12.04	02:07:26.699	0.87399	0.87400			6
2025.12.04	02:07:30.234		0.87401			4
2025.12.04	02:07:30.956		0.87400			4
2025.12.04	02:07:35.614		0.87401			4
2025.12.04	02:07:37.677	0.87398	0.87400			6
2025.12.04	02:07:39.363		0.87401			4
2025.12.04	02:07:41.727		0.87400			4
2025.12.04	02:07:42.421	0.87399				2
2025.12.04	02:07:42.925	0.87398				2
2025.12.04	02:07:43.423	0.87399				2
2025.12.04	02:07:43.876		0.87401			4
2025.12.04	02:07:45.569	0.87398	0.87400			6
2025.12.04	02:07:45.881	0.87397	0.87399			6
2025.12.04	02:07:48.205	0.87398				2
2025.12.04	02:07:48.712	0.87397				2
2025.12.04	02:07:49.161	0.87398				2
2025.12.04	02:07:51.306	0.87397				2
2025.12.04	02:07:53.201	0.87398				2
2025.12.04	02:07:56.728	0.87397				2
2025.12.04	02:08:00.722	0.87395	0.87398			6
2025.12.04	02:08:04.500	0.87396	0.87397			6
2025.12.04	02:08:04.872		0.87398			4
2025.12.04	02:08:05.760	0.87395				2
2025.12.04	02:08:06.073		0.87397			4
2025.12.04	02:08:12.887	0.87394	0.87398			6
2025.12.04	02:08:13.602	0.87395				2
2025.12.04	02:08:15.783	0.87396	0.87397			6
2025.12.04	02:08:19.951	0.87395				2
2025.12.04	02:08:22.359	0.87398	0.87401			6
2025.12.04	02:08:24.317	0.87399				2
2025.12.04	02:08:35.684	0.87398				2
2025.12.04	02:08:36.473	0.87399	0.87400			6
2025.12.04	02:08:37.061	0.87398				2
2025.12.04	02:08:39.774		0.87399			4
2025.12.04	02:08:40.313		0.87400			4
2025.12.04	02:08:40.955		0.87401			4
2025.12.04	02:08:41.696	0.87399	0.87400			6
2025.12.04	02:08:43.840	0.87398				2
2025.12.04	02:08:46.578	0.87399				2
2025.12.04	02:08:47.211	0.87398				2
2025.12.04	02:08:47.521	0.87397	0.87398			6
2025.12.04	02:08:50.640	0.87396	0.87397			6
2025.12.04	02:08:59.319	0.87395				2
2025.12.04	02:09:00.644	0.87396				2
2025.12.04	02:09:05.279		0.87398			4
2025.12.04	02:09:07.192	0.87397	0.87399			6
2025.12.04	02:09:08.968	0.87398				2
2025.12.04	02:09:10.603	0.87397				2
2025.12.04	02:09:12.721	0.87396	0.87398			6
2025.12.04	02:09:13.320	0.87395				2
2025.12.04	02:09:13.723	0.87396				2
2025.12.04	02:09:22.623	0.87395	0.87397			6
2025.12.04	02:09:23.259	0.87396				2
2025.12.04	02:09:24.657	0.87395				2
2025.12.04	02:09:41.138	0.87394				2
2025.12.04	02:09:42.355	0.87395	0.87396			6
2025.12.04	02:09:43.577		0.87397			4
2025.12.04	02:09:44.001	0.87394	0.87396			6
2025.12.04	02:09:45.408	0.87395				2
2025.12.04	02:09:47.466	0.87394				2
2025.12.04	02:09:47.780		0.87397			4
2025.12.04	02:09:50.406		0.87396			4
2025.12.04	02:09:56.833		0.87397			4
2025.12.04	02:10:03.224	0.87394				2
2025.12.04	02:10:04.981		0.87396			4
2025.12.04	02:10:07.613		0.87397			4
2025.12.04	02:10:08.216	0.87395				2
2025.12.04	02:10:08.992	0.87394				2
2025.12.04	02:10:14.992	0.87395				2
2025.12.04	02:10:25.307		0.87396			4
2025.12.04	02:10:37.161	0.87394				2
2025.12.04	02:10:37.472	0.87393				2
2025.12.04	02:10:40.263	0.87394				2
2025.12.04	02:11:00.436	0.87394				2
2025.12.04	02:11:03.031	0.87395	0.87397			6
2025.12.04	02:11:03.341	0.87394	0.87396			6
2025.12.04	02:11:03.659	0.87395				2
2025.12.04	02:11:05.644	0.87396	0.87397			6
2025.12.04	02:11:06.482	0.87395				2
2025.12.04	02:11:07.294	0.87396	0.87398			6
2025.12.04	02:11:07.615	0.87395				2
2025.12.04	02:11:12.658		0.87397			4
2025.12.04	02:11:17.578	0.87397	0.87400			6
2025.12.04	02:11:17.881		0.87399			4
2025.12.04	02:11:24.854	0.87394	0.87396			6
2025.12.04	02:11:28.043	0.87397	0.87398			6
2025.12.04	02:11:28.355	0.87395	0.87397			6
2025.12.04	02:11:30.157	0.87394	0.87396			6
2025.12.04	02:11:38.156	0.87395				2
2025.12.04	02:11:41.265		0.87397			4
2025.12.04	02:11:42.670	0.87394	0.87396			6
2025.12.04	02:11:43.565	0.87395	0.87397			6
2025.12.04	02:11:46.822		0.87396			4
2025.12.04	02:11:47.487		0.87397			4
2025.12.04	02:11:48.865	0.87394	0.87396			6
2025.12.04	02:11:50.495		0.87397			4
2025.12.04	02:11:51.247	0.87395				2
2025.12.04	02:11:54.275	0.87393	0.87395			6
2025.12.04	02:11:54.585		0.87394			4
2025.12.04	02:11:55.004		0.87395			4
2025.12.04	02:11:56.043	0.87395	0.87396			6
2025.12.04	02:11:57.721	0.87393	0.87395			6
2025.12.04	02:11:59.439		0.87396			4
2025.12.04	02:12:00.677	0.87394				2
2025.12.04	02:12:01.081	0.87395				2
2025.12.04	02:12:01.387	0.87394				2
2025.12.04	02:12:04.410		0.87397			4
2025.12.04	02:12:06.388		0.87396			4
2025.12.04	02:12:07.260	0.87395	0.87397			6
2025.12.04	02:12:09.941		0.87396			4
2025.12.04	02:12:16.522	0.87394				2
2025.12.04	02:12:16.930	0.87395				2
2025.12.04	02:12:17.582	0.87394				2
2025.12.04	02:12:27.784	0.87395				2
2025.12.04	02:12:29.767	0.87394				2
2025.12.04	02:12:30.423	0.87395				2
2025.12.04	02:12:46.691		0.87397			4
2025.12.04	02:12:56.791	0.87396	0.87398			6
2025.12.04	02:12:57.100	0.87398	0.87399			6
2025.12.04	02:12:57.503	0.87397	0.87398			6
2025.12.04	02:12:58.724	0.87396	0.87397			6
2025.12.04	02:13:01.491	0.87396	0.87398			6
2025.12.04	02:13:03.313	0.87397	0.87399			6
2025.12.04	02:13:05.550	0.87398				2
2025.12.04	02:13:06.058		0.87400			4
2025.12.04	02:13:06.799	0.87397	0.87399			6
2025.12.04	02:13:08.132	0.87396	0.87398			6
2025.12.04	02:13:16.691		0.87399			4
2025.12.04	02:13:18.440	0.87398				2
2025.12.04	02:13:23.143	0.87397				2
2025.12.04	02:13:32.502	0.87398				2
2025.12.04	02:13:34.746	0.87397				2
2025.12.04	02:13:36.147	0.87396	0.87398			6
2025.12.04	02:13:36.679	0.87395	0.87397			6
2025.12.04	02:13:44.512	0.87396				2
2025.12.04	02:13:44.842	0.87395				2
2025.12.04	02:13:45.650	0.87394	0.87396			6
2025.12.04	02:13:55.405	0.87395	0.87397			6
2025.12.04	02:13:55.708		0.87396			4
2025.12.04	02:13:56.013	0.87394				2
2025.12.04	02:13:56.401		0.87397			4
2025.12.04	02:13:57.126	0.87395				2
2025.12.04	02:14:00.353	0.87394	0.87396			6
2025.12.04	02:14:00.664	0.87395				2
2025.12.04	02:14:01.073	0.87397	0.87398			6
2025.12.04	02:14:01.378	0.87396				2
2025.12.04	02:14:05.946		0.87399			4
2025.12.04	02:14:06.598		0.87398			4
2025.12.04	02:14:10.357	0.87397	0.87400			6
2025.12.04	02:14:11.447		0.87399			4
2025.12.04	02:14:28.252	0.87396	0.87398			6
2025.12.04	02:14:28.857		0.87399			4
2025.12.04	02:14:30.150	0.87397				2
2025.12.04	02:14:30.651	0.87396	0.87398			6
2025.12.04	02:14:30.976	0.87397	0.87399			6
2025.12.04	02:14:35.245	0.87396				2
2025.12.04	02:14:35.581		0.87398			4
2025.12.04	02:14:35.986		0.87399			4
2025.12.04	02:14:36.392	0.87397				2
2025.12.04	02:14:36.696	0.87396				2
2025.12.04	02:14:37.376	0.87397				2
2025.12.04	02:14:39.719	0.87398	0.87401			6
2025.12.04	02:14:40.466		0.87400			4
2025.12.04	02:14:40.793	0.87399				2
2025.12.04	02:14:42.293	0.87397	0.87399			6
2025.12.04	02:14:42.600	0.87400	0.87402			6
2025.12.04	02:14:43.261		0.87401			4
2025.12.04	02:14:43.578	0.87399				2
2025.12.04	02:14:45.378	0.87400	0.87402			6
2025.12.04	02:14:50.315	0.87399	0.87401			6
2025.12.04	02:14:51.020		0.87400			4
2025.12.04	02:14:55.499		0.87401			4
2025.12.04	02:14:55.971		0.87400			4
2025.12.04	02:15:00.308	0.87399				2
2025.12.04	02:15:01.580	0.87397	0.87399			6
2025.12.04	02:15:02.282		0.87398			4
2025.12.04	02:15:14.020	0.87396	0.87397			6
2025.12.04	02:15:14.987		0.87398			4
2025.12.04	02:15:16.112	0.87395	0.87397			6
2025.12.04	02:15:17.029	0.87394	0.87396			6
2025.12.04	02:15:32.528	0.87395				2
2025.12.04	02:15:35.270		0.87397			4
2025.12.04	02:15:37.718		0.87398			4
2025.12.04	02:15:41.371	0.87399	0.87401			6
2025.12.04	02:15:41.729	0.87403	0.87404			6
2025.12.04	02:15:52.754		0.87405			4
2025.12.04	02:15:53.103		0.87404			4
2025.12.04	02:15:53.922		0.87405			4
2025.12.04	02:15:56.112		0.87404			4
2025.12.04	02:16:00.617	0.87403				2
2025.12.04	02:16:02.081		0.87405			4
2025.12.04	02:16:10.384	0.87402	0.87403			6
2025.12.04	02:16:12.739		0.87404			4
2025.12.04	02:16:19.142	0.87403	0.87405			6
2025.12.04	02:16:24.940	0.87404				2
2025.12.04	02:16:32.193		0.87406			4
2025.12.04	02:16:35.440	0.87405				2
2025.12.04	02:16:39.426	0.87404				2
2025.12.04	02:16:40.322		0.87407			4
2025.12.04	02:16:40.682	0.87405				2
2025.12.04	02:16:41.341		0.87406			4
2025.12.04	02:16:41.693		0.87407			4
2025.12.04	02:16:42.360		0.87406			4
2025.12.04	02:16:42.735	0.87404				2
2025.12.04	02:16:43.633	0.87405				2
2025.12.04	02:16:44.414	0.87404	0.87407			6
2025.12.04	02:16:45.055	0.87403	0.87406			6
2025.12.04	02:16:45.405		0.87405			4
2025.12.04	02:16:56.759		0.87404			4
2025.12.04	02:16:57.192		0.87405			4
2025.12.04	02:17:01.703	0.87403				2
2025.12.04	02:17:07.822	0.87402	0.87403			6
2025.12.04	02:17:08.736		0.87405			4
2025.12.04	02:17:10.484		0.87406			4
2025.12.04	02:17:12.611	0.87403	0.87405			6
2025.12.04	02:17:13.820		0.87406			4
2025.12.04	02:17:14.732		0.87405			4
2025.12.04	02:17:17.471	0.87402	0.87404			6
2025.12.04	02:17:19.507		0.87405			4
2025.12.04	02:17:20.189	0.87403				2
2025.12.04	02:17:24.956		0.87406			4
2025.12.04	02:17:29.612		0.87405			4
2025.12.04	02:17:31.677		0.87406			4
2025.12.04	02:17:33.841		0.87407			4
2025.12.04	02:17:34.522		0.87406			4
2025.12.04	02:17:35.064		0.87407			4
2025.12.04	02:17:36.296		0.87406			4
2025.12.04	02:17:36.947		0.87407			4
2025.12.04	02:17:37.536		0.87405			4
2025.12.04	02:17:37.853	0.87404				2
2025.12.04	02:17:40.318		0.87406			4
2025.12.04	02:17:41.050	0.87405				2
2025.12.04	02:17:55.400	0.87404				2
2025.12.04	02:17:55.735	0.87405				2
2025.12.04	02:17:56.189		0.87407			4
2025.12.04	02:18:00.516	0.87405				2
2025.12.04	02:18:01.136	0.87404	0.87406			6
2025.12.04	02:18:03.226	0.87405				2
2025.12.04	02:18:03.726	0.87404				2
2025.12.04	02:18:10.612	0.87405	0.87407			6
2025.12.04	02:18:25.682	0.87404	0.87406			6
2025.12.04	02:18:27.748	0.87405	0.87407			6
2025.12.04	02:18:31.408	0.87406				2
2025.12.04	02:18:32.612	0.87405				2
2025.12.04	02:18:36.745		0.87406			4
2025.12.04	02:18:39.131		0.87407			4
2025.12.04	02:18:41.643		0.87406			4
2025.12.04	02:18:42.376		0.87407			4
2025.12.04	02:18:45.359		0.87406			4
2025.12.04	02:18:48.483	0.87403	0.87405			6
2025.12.04	02:18:49.989		0.87404			4
2025.12.04	02:18:50.760		0.87405			4
2025.12.04	02:18:56.277	0.87404				2
2025.12.04	02:18:59.526	0.87405	0.87406			6
2025.12.04	02:19:00.190	0.87405				2
2025.12.04	02:19:00.519	0.87404				2
2025.12.04	02:19:00.837	0.87405				2
2025.12.04	02:19:01.710		0.87407			4
2025.12.04	02:19:02.904	0.87404	0.87406			6
2025.12.04	02:19:05.258		0.87405			4
2025.12.04	02:19:14.757	0.87403				2
2025.12.04	02:19:17.185	0.87401	0.87403			6
2025.12.04	02:19:17.494	0.87400	0.87402			6
2025.12.04	02:19:26.378	0.87399	0.87401			6
2025.12.04	02:19:27.803	0.87400	0.87402			6
2025.12.04	02:19:35.966	0.87399				2
2025.12.04	02:19:48.733		0.87401			4
2025.12.04	02:19:49.038		0.87402			4
2025.12.04	02:19:49.743	0.87400				2
2025.12.04	02:19:52.750	0.87399				2
2025.12.04	02:19:53.378	0.87400				2
2025.12.04	02:20:00.327	0.87399	0.87401			6
2025.12.04	02:20:00.639	0.87398	0.87400			6
2025.12.04	02:20:06.890	0.87399				2
2025.12.04	02:20:07.718	0.87398				2
2025.12.04	02:20:09.868		0.87399			4
2025.12.04	02:20:10.563	0.87399	0.87400			6
2025.12.04	02:20:18.399	0.87398				2
2025.12.04	02:20:27.853		0.87399			4
2025.12.04	02:20:29.400	0.87397				2
2025.12.04	02:20:29.713		0.87398			4
2025.12.04	02:20:31.205	0.87396				2
2025.12.04	02:20:42.919	0.87397	0.87399			6
2025.12.04	02:20:51.453	0.87398				2
2025.12.04	02:21:00.443	0.87398				2
2025.12.04	02:21:06.086	0.87399	0.87400			6
2025.12.04	02:21:20.971	0.87397				2
2025.12.04	02:21:21.624	0.87399				2
2025.12.04	02:21:34.164	0.87400	0.87401			6
2025.12.04	02:21:35.164	0.87402	0.87403			6
2025.12.04	02:21:35.476	0.87403	0.87404			6
2025.12.04	02:21:37.871		0.87405			4
2025.12.04	02:21:47.493	0.87404	0.87407			6
2025.12.04	02:21:49.460		0.87406			4
2025.12.04	02:21:50.872	0.87405	0.87407			6
2025.12.04	02:21:51.237	0.87406	0.87408			6
2025.12.04	02:21:55.336	0.87404	0.87407			6
2025.12.04	02:21:55.638		0.87406			4
2025.12.04	02:22:00.739	0.87404				2
2025.12.04	02:22:02.892	0.87405				2
2025.12.04	02:22:03.463		0.87407			4
2025.12.04	02:22:08.783	0.87406				2
2025.12.04	02:22:09.271	0.87405				2
2025.12.04	02:22:12.409		0.87406			4
2025.12.04	02:22:15.863		0.87407			4
2025.12.04	02:22:33.942	0.87406				2
2025.12.04	02:22:37.905	0.87405				2
2025.12.04	02:22:38.912		0.87406			4
2025.12.04	02:22:40.926		0.87407			4
2025.12.04	02:22:41.932		0.87406			4
2025.12.04	02:22:43.817		0.87407			4
2025.12.04	02:22:49.928		0.87406			4
2025.12.04	02:22:55.208		0.87407			4
2025.12.04	02:22:59.936	0.87406				2
2025.12.04	02:23:00.289	0.87406				2
2025.12.04	02:23:01.561	0.87407	0.87408			6
2025.12.04	02:23:01.871	0.87408	0.87409			6
2025.12.04	02:23:04.237	0.87407				2
2025.12.04	02:23:04.539		0.87408			4
2025.12.04	02:23:05.973	0.87410	0.87411			6
2025.12.04	02:23:06.421		0.87412			4
2025.12.04	02:23:11.006	0.87409	0.87411			6
2025.12.04	02:23:19.769	0.87408	0.87409			6
2025.12.04	02:23:27.432	0.87409	0.87410			6
2025.12.04	02:23:27.745	0.87408	0.87411			6
2025.12.04	02:23:29.006		0.87410			4
2025.12.04	02:23:29.585		0.87411			4
2025.12.04	02:23:30.856		0.87410			4
2025.12.04	02:23:31.993		0.87411			4
2025.12.04	02:23:32.691		0.87410			4
2025.12.04	02:23:39.443	0.87409	0.87411			6
2025.12.04	02:23:40.061	0.87408				2
2025.12.04	02:23:40.857	0.87409				2
2025.12.04	02:23:45.708	0.87410				2
2025.12.04	02:23:50.632		0.87412			4
2025.12.04	02:24:00.477	0.87410	0.87411			6
2025.12.04	02:24:00.821	0.87411	0.87412			6
2025.12.04	02:24:01.337	0.87410	0.87411			6
2025.12.04	02:24:02.446	0.87411	0.87412			6
2025.12.04	02:24:07.719	0.87410	0.87411			6
2025.12.04	02:24:08.929	0.87409	0.87410			6
2025.12.04	02:24:11.495	0.87408				2
2025.12.04	02:24:12.394		0.87409			4
2025.12.04	02:24:24.404	0.87407	0.87408			6
2025.12.04	02:24:29.796	0.87408	0.87409			6
2025.12.04	02:24:33.384	0.87405	0.87406			6
2025.12.04	02:24:34.422	0.87407	0.87408			6
2025.12.04	02:24:34.726	0.87406	0.87407			6
2025.12.04	02:24:35.212	0.87407	0.87408			6
2025.12.04	02:24:40.103	0.87405	0.87406			6
2025.12.04	02:24:40.407		0.87407			4
2025.12.04	02:24:41.716		0.87406			4
2025.12.04	02:24:55.327		0.87407			4
2025.12.04	02:25:00.759	0.87406				2
2025.12.04	02:25:01.746	0.87405				2
2025.12.04	02:25:04.982	0.87404				2
2025.12.04	02:25:05.956		0.87406			4
2025.12.04	02:25:12.218		0.87407			4
2025.12.04	02:25:13.717		0.87406			4
2025.12.04	02:25:17.022	0.87405	0.87407			6
2025.12.04	02:25:17.601	0.87404				2
2025.12.04	02:25:18.186		0.87405			4
2025.12.04	02:25:19.497		0.87406			4
2025.12.04	02:25:20.321	0.87399	0.87402			6
2025.12.04	02:25:21.479	0.87400				2
2025.12.04	02:25:22.662		0.87401			4
2025.12.04	02:25:22.972	0.87399	0.87400			6
2025.12.04	02:25:30.719	0.87398	0.87399			6
2025.12.04	02:25:32.121	0.87399	0.87400			6
2025.12.04	02:25:33.642	0.87398	0.87399			6
2025.12.04	02:25:33.952	0.87399	0.87400			6
2025.12.04	02:25:36.499	0.87398	0.87399			6
2025.12.04	02:25:37.957	0.87399	0.87400			6
2025.12.04	02:25:38.261	0.87398	0.87399			6
2025.12.04	02:25:38.583	0.87400	0.87401			6
2025.12.04	02:25:38.958	0.87399				2
2025.12.04	02:25:39.265		0.87400			4
2025.12.04	02:25:43.300	0.87400	0.87401			6
2025.12.04	02:25:43.884	0.87399	0.87400			6
2025.12.04	02:25:44.745	0.87400	0.87402			6
2025.12.04	02:25:45.076	0.87405	0.87407			6
2025.12.04	02:25:45.896	0.87406				2
2025.12.04	02:25:47.497	0.87405				2
2025.12.04	02:25:52.305		0.87406			4
2025.12.04	02:25:55.140	0.87404	0.87405			6
2025.12.04	02:25:55.449	0.87402	0.87404			6
2025.12.04	02:25:56.419	0.87404	0.87405			6
2025.12.04	02:25:59.277	0.87406	0.87407			6
2025.12.04	02:26:00.057	0.87406				2
2025.12.04	02:26:01.933	0.87405	0.87406			6
2025.12.04	02:26:04.147	0.87406	0.87407			6
2025.12.04	02:26:06.387	0.87405	0.87406			6
2025.12.04	02:26:07.205	0.87406	0.87407			6
2025.12.04	02:26:40.094	0.87405	0.87406			6
2025.12.04	02:26:44.412	0.87406	0.87407			6
2025.12.04	02:26:45.011	0.87405	0.87406			6
2025.12.04	02:26:54.359	0.87406	0.87407			6
2025.12.04	02:26:54.735	0.87405	0.87406			6
2025.12.04	02:26:55.631	0.87406	0.87407			6
2025.12.04	02:26:56.999	0.87405	0.87406			6
2025.12.04	02:27:00.446	0.87405				2
2025.12.04	02:27:00.753	0.87406	0.87407			6
2025.12.04	02:27:03.473	0.87405	0.87406			6
2025.12.04	02:27:08.532	0.87406	0.87408			6
2025.12.04	02:27:10.352	0.87407				2
2025.12.04	02:27:24.536	0.87408	0.87409			6
2025.12.04	02:27:28.235	0.87407				2
2025.12.04	02:27:28.541		0.87408			4
2025.12.04	02:27:29.209	0.87406	0.87407			6
2025.12.04	02:27:30.269	0.87407	0.87408			6
2025.12.04	02:27:30.760	0.87406	0.87407			6
2025.12.04	02:27:31.277	0.87407	0.87409			6
2025.12.04	02:27:31.579		0.87408			4
2025.12.04	02:27:31.903	0.87406	0.87407			6
2025.12.04	02:27:32.266	0.87407	0.87408			6
2025.12.04	02:27:32.971	0.87408	0.87409			6
2025.12.04	02:27:33.961	0.87407	0.87408			6
2025.12.04	02:27:37.971	0.87406				2
2025.12.04	02:27:38.440	0.87407				2
2025.12.04	02:27:42.044	0.87406				2
2025.12.04	02:27:42.657	0.87407				2
2025.12.04	02:27:52.218	0.87406				2
2025.12.04	02:27:54.182	0.87407				2
2025.12.04	02:27:55.578	0.87406	0.87407			6
2025.12.04	02:28:00.326	0.87406				2
2025.12.04	02:28:00.796	0.87407	0.87408			6
2025.12.04	02:28:01.128	0.87406	0.87407			6
2025.12.04	02:28:08.742		0.87408			4
2025.12.04	02:28:10.397	0.87407				2
2025.12.04	02:28:12.520	0.87405				2
2025.12.04	02:28:15.366	0.87406				2
2025.12.04	02:28:15.709	0.87405				2
2025.12.04	02:28:21.442	0.87406				2
2025.12.04	02:28:37.898		0.87407			4
2025.12.04	02:28:43.885	0.87407	0.87408			6
2025.12.04	02:28:44.431	0.87406	0.87407			6
2025.12.04	02:28:50.808	0.87407	0.87408			6
2025.12.04	02:28:52.958	0.87408	0.87409			6
2025.12.04	02:28:55.427	0.87407				2
2025.12.04	02:28:56.791	0.87408				2
2025.12.04	02:28:59.373	0.87407				2
2025.12.04	02:29:00.725	0.87406	0.87408			6
2025.12.04	02:29:16.681		0.87407			4
2025.12.04	02:29:30.327	0.87405	0.87408			6
2025.12.04	02:29:34.253		0.87407			4
2025.12.04	02:29:35.838	0.87406				2
2025.12.04	02:29:39.829		0.87408			4
2025.12.04	02:29:41.613	0.87407				2
2025.12.04	02:29:41.976	0.87406				2
2025.12.04	02:29:42.382		0.87407			4
2025.12.04	02:29:43.351		0.87408			4
2025.12.04	02:29:51.404		0.87407			4
2025.12.04	02:29:52.919		0.87408			4
2025.12.04	02:29:57.849	0.87407				2
2025.12.04	02:29:58.987	0.87406				2
2025.12.04	02:30:00.454	0.87407				2
2025.12.04	02:30:01.264	0.87406	0.87407			6
2025.12.04	02:30:02.688	0.87407	0.87408			6
2025.12.04	02:30:04.263	0.87408	0.87409			6
2025.12.04	02:30:04.572	0.87407	0.87408			6
2025.12.04	02:30:10.763	0.87409	0.87410			6
2025.12.04	02:30:11.079	0.87407	0.87409			6
2025.12.04	02:30:14.525	0.87408	0.87410			6
2025.12.04	02:30:15.178	0.87409				2
2025.12.04	02:30:16.173	0.87408				2
2025.12.04	02:30:19.446	0.87407				2
2025.12.04	02:30:26.092	0.87408				2
2025.12.04	02:30:28.231	0.87409	0.87411			6
2025.12.04	02:30:29.712	0.87410				2
2025.12.04	02:30:30.251	0.87411	0.87412			6
2025.12.04	02:30:31.420	0.87413	0.87415			6
2025.12.04	02:30:31.876	0.87412				2
2025.12.04	02:30:32.841	0.87413				2
2025.12.04	02:30:33.748	0.87412				2
2025.12.04	02:30:34.070	0.87416	0.87417			6
2025.12.04	02:30:34.401	0.87415	0.87416			6
2025.12.04	02:30:35.189	0.87414				2
2025.12.04	02:30:37.383	0.87413				2
2025.12.04	02:30:38.604	0.87415				2
2025.12.04	02:30:44.743		0.87417			4
2025.12.04	02:30:45.828	0.87416				2
2025.12.04	02:30:51.385	0.87417	0.87419			6
2025.12.04	02:30:54.867	0.87415	0.87416			6
2025.12.04	02:30:55.851	0.87414				2
2025.12.04	02:30:57.388	0.87416	0.87418			6
2025.12.04	02:31:00.495	0.87417				2
2025.12.04	02:31:05.629	0.87418	0.87419			6
2025.12.04	02:31:07.086	0.87419	0.87420			6
2025.12.04	02:31:12.323	0.87418	0.87419			6
2025.12.04	02:31:14.042	0.87419	0.87420			6
2025.12.04	02:31:17.317	0.87418				2
2025.12.04	02:31:17.633		0.87419			4
2025.12.04	02:31:18.488	0.87419	0.87420			6
2025.12.04	02:31:20.786	0.87418				2
2025.12.04	02:31:21.216		0.87419			4
2025.12.04	02:31:22.409	0.87419	0.87420			6
2025.12.04	02:31:30.063	0.87418	0.87419			6
2025.12.04	02:31:33.583	0.87417	0.87418			6
2025.12.04	02:31:36.525	0.87418	0.87419			6
2025.12.04	02:31:36.832	0.87417	0.87418			6
2025.12.04	02:31:39.919	0.87416	0.87417			6
2025.12.04	02:31:45.127		0.87418			4
2025.12.04	02:31:48.568	0.87415	0.87417			6
2025.12.04	02:31:49.628	0.87416				2
2025.12.04	02:31:55.557	0.87415				2
2025.12.04	02:32:00.605	0.87415				2
2025.12.04	02:32:08.136	0.87416				2
2025.12.04	02:32:11.678	0.87417	0.87419			6
2025.12.04	02:32:12.071		0.87420			4
2025.12.04	02:32:18.946		0.87419			4
2025.12.04	02:32:21.885	0.87418	0.87420			6
2025.12.04	02:32:25.487	0.87417	0.87419			6
2025.12.04	02:32:29.370		0.87420			4
2025.12.04	02:32:30.856	0.87418				2
2025.12.04	02:32:31.850	0.87417	0.87419			6
2025.12.04	02:32:32.159	0.87419	0.87420			6
2025.12.04	02:32:41.582	0.87418				2
2025.12.04	02:32:42.217	0.87419				2
2025.12.04	02:32:54.142	0.87418				2
2025.12.04	02:32:58.696	0.87419				2
2025.12.04	02:32:59.664	0.87418	0.87419			6
2025.12.04	02:33:00.353	0.87419	0.87420			6
2025.12.04	02:33:00.660	0.87420	0.87421			6
2025.12.04	02:33:03.800	0.87422	0.87423			6
2025.12.04	02:33:07.534	0.87424	0.87425			6
2025.12.04	02:33:11.534	0.87428	0.87429			6
2025.12.04	02:33:11.850	0.87427				2
2025.12.04	02:33:12.233	0.87428				2
2025.12.04	02:33:14.644	0.87429	0.87430			6
2025.12.04	02:33:17.646	0.87431	0.87432			6
2025.12.04	02:33:17.962	0.87430	0.87431			6
2025.12.04	02:33:19.318	0.87429	0.87430			6
2025.12.04	02:33:23.791	0.87430	0.87431			6
2025.12.04	02:33:29.203	0.87427	0.87428			6
2025.12.04	02:33:29.529	0.87426	0.87427			6
2025.12.04	02:33:43.140	0.87427	0.87428			6
2025.12.04	02:33:44.072	0.87426	0.87427			6
2025.12.04	02:33:44.427	0.87427	0.87428			6
2025.12.04	02:33:48.337	0.87426	0.87427			6
2025.12.04	02:33:51.707	0.87427	0.87428			6
2025.12.04	02:33:52.019	0.87429	0.87430			6
2025.12.04	02:33:52.346	0.87430	0.87431			6
2025.12.04	02:34:00.516	0.87430				2
2025.12.04	02:34:06.969	0.87428	0.87429			6
2025.12.04	02:34:13.150	0.87429	0.87430			6
2025.12.04	02:34:15.368	0.87428	0.87429			6
2025.12.04	02:34:22.598	0.87429	0.87430			6
2025.12.04	02:34:23.107	0.87430	0.87431			6
2025.12.04	02:34:23.415	0.87431	0.87432			6
2025.12.04	02:34:25.895	0.87432	0.87433			6
2025.12.04	02:34:27.931	0.87431				2
2025.12.04	02:34:28.836		0.87432			4
2025.12.04	02:34:29.171		0.87433			4
2025.12.04	02:34:31.113	0.87433	0.87434			6
2025.12.04	02:34:31.421	0.87431	0.87432			6
2025.12.04	02:34:33.767	0.87432	0.87433			6
2025.12.04	02:34:34.100	0.87431	0.87432			6
2025.12.04	02:34:34.530	0.87432	0.87433			6
2025.12.04	02:34:34.843	0.87431	0.87432			6
2025.12.04	02:34:35.857	0.87432	0.87433			6
2025.12.04	02:34:40.345		0.87434			4
2025.12.04	02:34:41.246	0.87433				2
2025.12.04	02:34:41.594	0.87432				2
2025.12.04	02:34:41.937		0.87433			4
2025.12.04	02:34:43.750	0.87428	0.87430			6
2025.12.04	02:34:48.643	0.87429				2
2025.12.04	02:34:49.407	0.87428				2
2025.12.04	02:34:49.767	0.87427	0.87428			6
2025.12.04	02:34:55.240	0.87426				2
2025.12.04	02:34:56.271	0.87428	0.87429			6
2025.12.04	02:34:56.859	0.87427	0.87428			6
2025.12.04	02:35:00.067	0.87427				2
2025.12.04	02:35:00.381	0.87423	0.87424			6
2025.12.04	02:35:00.689	0.87422				2
2025.12.04	02:35:01.413	0.87423				2
2025.12.04	02:35:02.892		0.87425			4
2025.12.04	02:35:03.261		0.87424			4
2025.12.04	02:35:05.632	0.87422	0.87423			6
2025.12.04	02:35:07.338	0.87421	0.87422			6
2025.12.04	02:35:08.822	0.87420	0.87421			6
2025.12.04	02:35:13.786	0.87419				2
2025.12.04	02:35:16.538	0.87420				2
2025.12.04	02:35:23.257	0.87419				2
2025.12.04	02:35:35.822		0.87420			4
2025.12.04	02:35:38.161		0.87421			4
2025.12.04	02:35:43.653	0.87418	0.87420			6
2025.12.04	02:35:46.237	0.87416	0.87417			6
2025.12.04	02:35:47.221		0.87418			4
2025.12.04	02:35:47.551		0.87417			4
2025.12.04	02:35:48.531	0.87415				2
2025.12.04	02:35:55.061	0.87418	0.87420			6
2025.12.04	02:35:58.138		0.87421			4
2025.12.04	02:35:59.340	0.87419				2
2025.12.04	02:36:00.142	0.87419				2
2025.12.04	02:36:07.418	0.87420				2
2025.12.04	02:36:08.616	0.87419				2
2025.12.04	02:36:17.666		0.87420			4
2025.12.04	02:36:18.716		0.87421			4
2025.12.04	02:36:19.020	0.87421	0.87422			6
2025.12.04	02:36:19.609	0.87420	0.87421			6
2025.12.04	02:36:20.500		0.87422			4
2025.12.04	02:36:24.775	0.87421				2
2025.12.04	02:36:33.830	0.87420				2
2025.12.04	02:36:35.152		0.87421			4
2025.12.04	02:36:36.864		0.87422			4
2025.12.04	02:36:37.189	0.87421				2
2025.12.04	02:36:41.380	0.87422	0.87423			6
2025.12.04	02:36:43.691	0.87421	0.87422			6
2025.12.04	02:36:45.407		0.87423			4
2025.12.04	02:36:51.228	0.87422				2
2025.12.04	02:36:52.480	0.87420	0.87421			6
2025.12.04	02:36:53.908	0.87419	0.87420			6
2025.12.04	02:36:55.838	0.87418				2
2025.12.04	02:36:59.171	0.87419				2
2025.12.04	02:37:00.620	0.87419				2
2025.12.04	02:37:05.853	0.87420	0.87422			6
2025.12.04	02:37:07.393	0.87421				2
2025.12.04	02:37:09.611	0.87419	0.87421			6
2025.12.04	02:37:10.437	0.87420				2
2025.12.04	02:37:13.196	0.87419				2
2025.12.04	02:37:17.790	0.87420	0.87422			6
2025.12.04	02:37:23.150	0.87421				2
2025.12.04	02:37:23.731	0.87420				2
2025.12.04	02:37:34.897	0.87421				2
2025.12.04	02:37:41.238	0.87420	0.87421			6
2025.12.04	02:37:46.629	0.87417	0.87419			6
2025.12.04	02:37:46.941	0.87418				2
2025.12.04	02:37:48.235		0.87420			4
2025.12.04	02:37:49.481		0.87419			4
2025.12.04	02:37:53.911		0.87420			4
2025.12.04	02:37:54.219		0.87419			4
2025.12.04	02:37:55.830	0.87419	0.87420			6
2025.12.04	02:37:57.373	0.87420	0.87421			6
2025.12.04	02:38:00.094	0.87419	0.87420			6
2025.12.04	02:38:09.462	0.87421	0.87422			6
2025.12.04	02:38:09.784	0.87420				2
2025.12.04	02:38:10.268		0.87421			4
2025.12.04	02:38:10.613	0.87418	0.87420			6
2025.12.04	02:38:27.627		0.87419			4
2025.12.04	02:38:29.669		0.87420			4
2025.12.04	02:38:30.690	0.87417	0.87419			6
2025.12.04	02:38:42.265		0.87418			4
2025.12.04	02:38:42.601	0.87418	0.87419			6
2025.12.04	02:38:42.974	0.87417	0.87418			6
2025.12.04	02:38:43.441	0.87416	0.87417			6
2025.12.04	02:38:44.361	0.87415				2
2025.12.04	02:38:45.561	0.87416				2
2025.12.04	02:38:49.403	0.87417	0.87418			6
2025.12.04	02:38:50.107	0.87416				2
2025.12.04	02:38:50.791	0.87417				2
2025.12.04	02:38:51.526	0.87416				2
2025.12.04	02:38:52.247		0.87417			4
2025.12.04	02:38:57.358		0.87418			4
2025.12.04	02:39:00.588	0.87416				2
2025.12.04	02:39:01.323	0.87417	0.87419			6
2025.12.04	02:39:04.516	0.87418				2
2025.12.04	02:39:06.881	0.87417				2
2025.12.04	02:39:13.126	0.87418	0.87420			6
2025.12.04	02:39:16.323	0.87414	0.87417			6
2025.12.04	02:39:16.637	0.87415				2
2025.12.04	02:39:17.470	0.87416				2
2025.12.04	02:39:17.780		0.87418			4
2025.12.04	02:39:20.699	0.87415	0.87417			6
2025.12.04	02:39:25.869	0.87414	0.87416			6
2025.12.04	02:39:26.328	0.87415				2
2025.12.04	02:39:26.772	0.87414				2
2025.12.04	02:39:27.090		0.87415			4
2025.12.04	02:39:30.940	0.87415	0.87416			6
2025.12.04	02:39:31.291	0.87414				2
2025.12.04	02:39:37.001	0.87415	0.87417			6
2025.12.04	02:39:37.619		0.87416			4
2025.12.04	02:39:47.665	0.87414				2
2025.12.04	02:39:49.221	0.87415				2
2025.12.04	02:39:54.162	0.87414				2
2025.12.04	02:39:56.566	0.87415	0.87417			6
2025.12.04	02:40:00.618	0.87417	0.87418			6
2025.12.04	02:40:00.922	0.87416				2
2025.12.04	02:40:01.368		0.87417			4
2025.12.04	02:40:01.832	0.87417	0.87418			6
2025.12.04	02:40:03.105	0.87415				2
2025.12.04	02:40:04.039	0.87416				2
2025.12.04	02:40:04.622	0.87415				2
2025.12.04	02:40:05.941		0.87417			4
2025.12.04	02:40:08.721	0.87416				2
2025.12.04	02:40:09.803	0.87415				2
2025.12.04	02:40:10.352	0.87416				2
2025.12.04	02:40:11.400		0.87418			4
2025.12.04	02:40:13.330		0.87419			4
2025.12.04	02:40:13.664	0.87417				2
2025.12.04	02:40:14.311	0.87416				2
2025.12.04	02:40:17.597		0.87418			4
2025.12.04	02:40:19.220	0.87415	0.87417			6
2025.12.04	02:40:25.812	0.87418	0.87419			6
2025.12.04	02:40:26.120	0.87417				2
2025.12.04	02:40:28.818		0.87418			4
2025.12.04	02:40:37.418	0.87418	0.87419			6
2025.12.04	02:40:37.731	0.87417	0.87418			6
2025.12.04	02:40:38.417	0.87418	0.87419			6
2025.12.04	02:40:38.909	0.87417	0.87418			6
2025.12.04	02:40:39.422	0.87418	0.87419			6
2025.12.04	02:40:39.857	0.87417	0.87418			6
2025.12.04	02:40:43.963	0.87418	0.87419			6
2025.12.04	02:40:45.846	0.87417	0.87418			6
2025.12.04	02:40:48.726	0.87416				2
2025.12.04	02:40:49.147	0.87415	0.87417			6
2025.12.04	02:40:53.046		0.87418			4
2025.12.04	02:40:54.542	0.87416				2
2025.12.04	02:40:56.214		0.87417			4
2025.12.04	02:41:00.609	0.87417	0.87419			6
2025.12.04	02:41:01.399		0.87418			4
2025.12.04	02:41:02.290		0.87419			4
2025.12.04	02:41:06.056	0.87418				2
2025.12.04	02:41:06.371		0.87420			4
2025.12.04	02:41:07.018	0.87417	0.87419			6
2025.12.04	02:41:07.321	0.87418				2
2025.12.04	02:41:07.631	0.87417				2
2025.12.04	02:41:08.192	0.87418				2
2025.12.04	02:41:10.346	0.87417				2
2025.12.04	02:41:14.520		0.87418			4
2025.12.04	02:41:17.609		0.87419			4
2025.12.04	02:41:17.997	0.87418				2
2025.12.04	02:41:18.401	0.87417				2
2025.12.04	02:41:18.793	0.87418				2
2025.12.04	02:41:19.481	0.87417	0.87418			6
2025.12.04	02:41:19.837	0.87418	0.87419			6
2025.12.04	02:41:22.357	0.87417	0.87418			6
2025.12.04	02:41:23.650	0.87416				2
2025.12.04	02:41:25.956	0.87418	0.87419			6
2025.12.04	02:41:26.713	0.87417	0.87418			6
2025.12.04	02:41:27.787		0.87419			4
2025.12.04	02:41:28.192		0.87418			4
2025.12.04	02:41:28.510		0.87419			4
2025.12.04	02:41:28.836	0.87418				2
2025.12.04	02:41:29.621	0.87417				2
2025.12.04	02:41:29.992		0.87418			4
2025.12.04	02:41:30.312	0.87418	0.87419			6
2025.12.04	02:41:30.977	0.87417	0.87418			6
2025.12.04	02:41:31.290	0.87418	0.87419			6
2025.12.04	02:41:31.981	0.87417				2
2025.12.04	02:41:32.291		0.87418			4
2025.12.04	02:41:32.599		0.87419			4
2025.12.04	02:41:34.377	0.87416	0.87418			6
2025.12.04	02:41:36.429	0.87417				2
2025.12.04	02:41:41.673	0.87418	0.87420			6
2025.12.04	02:41:46.805	0.87419				2
2025.12.04	02:41:50.593	0.87418				2
2025.12.04	02:41:54.714	0.87417	0.87418			6
2025.12.04	02:41:58.539	0.87418	0.87420			6
2025.12.04	02:41:58.843		0.87419			4
2025.12.04	02:41:59.240	0.87416	0.87418			6
2025.12.04	02:42:00.700	0.87416				2
2025.12.04	02:42:03.903	0.87417	0.87419			6
2025.12.04	02:42:05.794	0.87418				2
2025.12.04	02:42:12.218	0.87417	0.87418			6
2025.12.04	02:42:12.961	0.87416				2
2025.12.04	02:42:20.840		0.87417			4
2025.12.04	02:42:27.997	0.87415				2
2025.12.04	02:42:34.373	0.87416				2
2025.12.04	02:42:36.635		0.87418			4
2025.12.04	02:42:37.480		0.87417			4
2025.12.04	02:42:39.571		0.87418			4
2025.12.04	02:42:40.197		0.87417			4
2025.12.04	02:42:45.492		0.87418			4
2025.12.04	02:42:45.799		0.87417			4
2025.12.04	02:42:46.153	0.87415				2
2025.12.04	02:42:46.459		0.87416			4
2025.12.04	02:42:48.653	0.87414	0.87415			6
2025.12.04	02:43:00.597	0.87414				2
2025.12.04	02:43:01.541	0.87415	0.87416			6
2025.12.04	02:43:03.602	0.87414	0.87415			6
2025.12.04	02:43:12.242		0.87416			4
2025.12.04	02:43:14.686		0.87415			4
2025.12.04	02:43:26.895	0.87413				2
2025.12.04	02:43:27.928		0.87414			4
2025.12.04	02:43:28.239	0.87412	0.87413			6
2025.12.04	02:43:29.429	0.87411				2
2025.12.04	02:43:29.986	0.87412				2
2025.12.04	02:43:33.167	0.87414	0.87415			6
2025.12.04	02:43:58.737	0.87415	0.87416			6
2025.12.04	02:44:00.135	0.87415				2
2025.12.04	02:44:02.486	0.87414	0.87415			6
2025.12.04	02:44:02.815	0.87415	0.87416			6
2025.12.04	02:44:14.679	0.87414	0.87415			6
2025.12.04	02:44:16.037	0.87415	0.87416			6
2025.12.04	02:44:30.086	0.87414	0.87415			6
2025.12.04	02:45:00.759	0.87414				2
2025.12.04	02:45:21.475	0.87412	0.87413			6
2025.12.04	02:45:22.671	0.87410	0.87412			6
2025.12.04	02:45:22.985	0.87412	0.87413			6
2025.12.04	02:45:23.329	0.87411				2
2025.12.04	02:45:24.792	0.87412				2
2025.12.04	02:45:26.435	0.87411				2
2025.12.04	02:45:32.179		0.87412			4
2025.12.04	02:45:32.738		0.87413			4
2025.12.04	02:45:33.097		0.87414			4
2025.12.04	02:45:33.686		0.87412			4
2025.12.04	02:45:34.679	0.87412	0.87413			6
2025.12.04	02:45:35.950	0.87411	0.87412			6
2025.12.04	02:45:44.230		0.87413			4
2025.12.04	02:45:46.296		0.87414			4
2025.12.04	02:45:46.953		0.87413			4
2025.12.04	02:45:48.031		0.87414			4
2025.12.04	02:45:49.884		0.87412			4
2025.12.04	02:45:51.601		0.87413			4
2025.12.04	02:45:52.590		0.87412			4
2025.12.04	02:45:53.254	0.87414	0.87415			6
2025.12.04	02:46:00.692	0.87414				2
2025.12.04	02:46:01.908	0.87415	0.87416			6
2025.12.04	02:46:02.301	0.87414	0.87415			6
2025.12.04	02:46:03.506	0.87415	0.87416			6
2025.12.04	02:46:07.471	0.87414	0.87415			6
2025.12.04	02:46:21.151	0.87413	0.87414			6
2025.12.04	02:46:21.516	0.87414	0.87415			6
2025.12.04	02:46:28.634		0.87416			4
2025.12.04	02:46:34.962	0.87415				2
2025.12.04	02:46:35.262		0.87417			4
2025.12.04	02:46:35.579		0.87416			4
2025.12.04	02:46:35.899	0.87416	0.87418			6
2025.12.04	02:46:36.254	0.87415	0.87417			6
2025.12.04	02:46:36.561		0.87418			4
2025.12.04	02:46:36.944	0.87416				2
2025.12.04	02:46:48.333	0.87418	0.87419			6
2025.12.04	02:46:53.816	0.87419	0.87421			6
2025.12.04	02:46:54.582	0.87420				2
2025.12.04	02:46:55.313		0.87422			4
2025.12.04	02:46:56.377	0.87419	0.87421			6
2025.12.04	02:47:00.708	0.87420				2
2025.12.04	02:47:01.038		0.87422			4
2025.12.04	02:47:02.456	0.87421				2
2025.12.04	02:47:03.052	0.87420				2
2025.12.04	02:47:27.236		0.87421			4
2025.12.04	02:47:27.831		0.87422			4
2025.12.04	02:47:32.374	0.87419				2
2025.12.04	02:47:32.729	0.87421				2
2025.12.04	02:47:33.361		0.87423			4
2025.12.04	02:47:34.412	0.87420	0.87422			6
2025.12.04	02:47:38.056		0.87423			4
2025.12.04	02:47:40.347	0.87421				2
2025.12.04	02:47:47.235	0.87420	0.87422			6
2025.12.04	02:47:47.788	0.87421				2
2025.12.04	02:47:51.549	0.87422	0.87423			6
2025.12.04	02:48:00.441	0.87422				2
2025.12.04	02:48:05.797	0.87421	0.87422			6
2025.12.04	02:48:06.356	0.87422	0.87424			6
2025.12.04	02:48:06.731		0.87423			4
2025.12.04	02:48:10.313	0.87421				2
2025.12.04	02:48:10.636	0.87422				2
2025.12.04	02:48:15.952	0.87421	0.87422			6
2025.12.04	02:48:16.964	0.87422	0.87423			6
2025.12.04	02:48:17.327	0.87421	0.87422			6
2025.12.04	02:48:18.141		0.87423			4
2025.12.04	02:48:18.472		0.87422			4
2025.12.04	02:48:21.990		0.87423			4
2025.12.04	02:48:22.441	0.87422				2
2025.12.04	02:48:23.034	0.87421				2
2025.12.04	02:48:23.471	0.87422				2
2025.12.04	02:48:26.166	0.87421				2
2025.12.04	02:48:27.209	0.87422				2
2025.12.04	02:48:27.919	0.87421				2
2025.12.04	02:48:28.253	0.87422				2
2025.12.04	02:48:28.597	0.87421				2
2025.12.04	02:48:29.518		0.87422			4
2025.12.04	02:48:37.492		0.87423			4
2025.12.04	02:48:38.526	0.87422				2
2025.12.04	02:48:45.376	0.87421				2
2025.12.04	02:48:49.452		0.87422			4
2025.12.04	02:48:51.037	0.87422	0.87423			6
2025.12.04	02:48:51.389	0.87420	0.87422			6
2025.12.04	02:48:56.883	0.87421				2
2025.12.04	02:48:58.376	0.87420				2
2025.12.04	02:49:00.624	0.87420				2
2025.12.04	02:49:01.018	0.87421				2
2025.12.04	02:49:02.840	0.87422	0.87423			6
2025.12.04	02:49:05.308	0.87421				2
2025.12.04	02:49:11.882		0.87422			4
2025.12.04	02:49:12.211		0.87423			4
2025.12.04	02:49:12.601		0.87422			4
2025.12.04	02:49:13.011		0.87423			4
2025.12.04	02:49:14.001		0.87422			4
2025.12.04	02:49:16.493	0.87420				2
2025.12.04	02:49:17.657	0.87421				2
2025.12.04	02:49:22.919		0.87423			4
2025.12.04	02:49:24.216	0.87422				2
2025.12.04	02:49:24.663	0.87421				2
2025.12.04	02:49:25.345		0.87422			4
2025.12.04	02:49:26.416		0.87423			4
2025.12.04	02:49:26.918		0.87422			4
2025.12.04	02:49:28.436		0.87423			4
2025.12.04	02:49:29.496		0.87422			4
2025.12.04	02:49:30.012		0.87423			4
2025.12.04	02:49:31.002		0.87422			4
2025.12.04	02:49:39.481	0.87420				2
2025.12.04	02:49:39.957	0.87421				2
2025.12.04	02:49:47.445	0.87420	0.87421			6
2025.12.04	02:49:47.914	0.87421	0.87422			6
2025.12.04	02:49:50.194	0.87422	0.87423			6
2025.12.04	02:49:50.762	0.87421	0.87422			6
2025.12.04	02:50:00.632	0.87421	0.87423			6
2025.12.04	02:50:01.059	0.87423	0.87424			6
2025.12.04	02:50:02.969	0.87422				2
2025.12.04	02:50:04.027	0.87423				2
2025.12.04	02:50:04.334	0.87422				2
2025.12.04	02:50:04.683		0.87423			4
2025.12.04	02:50:05.175	0.87421				2
2025.12.04	02:50:06.738		0.87422			4
2025.12.04	02:50:09.693		0.87423			4
2025.12.04	02:50:17.233	0.87422	0.87424			6
2025.12.04	02:50:21.701	0.87421	0.87423			6
2025.12.04	02:50:25.884		0.87422			4
2025.12.04	02:50:26.379	0.87426	0.87428			6
2025.12.04	02:50:26.682	0.87427				2
2025.12.04	02:50:27.369		0.87429			4
2025.12.04	02:50:27.864		0.87428			4
2025.12.04	02:50:28.485		0.87429			4
2025.12.04	02:50:28.985		0.87428			4
2025.12.04	02:50:34.533	0.87426	0.87427			6
2025.12.04	02:50:36.346	0.87425	0.87426			6
2025.12.04	02:50:37.394		0.87427			4
2025.12.04	02:50:46.812		0.87426			4
2025.12.04	02:50:50.202		0.87427			4
2025.12.04	02:51:00.287	0.87425				2
2025.12.04	02:51:00.922	0.87426				2
2025.12.04	02:51:02.737		0.87428			4
2025.12.04	02:51:03.517		0.87427			4
2025.12.04	02:51:06.837		0.87428			4
2025.12.04	02:51:07.186		0.87427			4
2025.12.04	02:51:13.413	0.87423	0.87425			6
2025.12.04	02:51:16.261	0.87422				2
2025.12.04	02:51:16.726	0.87423	0.87424			6
2025.12.04	02:51:17.029		0.87425			4
2025.12.04	02:51:19.897	0.87422				2
2025.12.04	02:51:20.282	0.87423	0.87424			6
2025.12.04	02:51:21.211	0.87422	0.87425			6
2025.12.04	02:51:22.106	0.87423	0.87424			6
2025.12.04	02:51:35.116	0.87422				2
2025.12.04	02:51:43.396	0.87423				2
2025.12.04	02:51:44.131	0.87422	0.87423			6
2025.12.04	02:51:44.443	0.87423	0.87424			6
2025.12.04	02:51:44.758	0.87425	0.87426			6
2025.12.04	02:51:51.107	0.87427	0.87428			6
2025.12.04	02:51:51.420	0.87426	0.87427			6
2025.12.04	02:51:51.898	0.87425				2
2025.12.04	02:51:52.343	0.87426				2
2025.12.04	02:52:00.266	0.87426				2
2025.12.04	02:52:04.184	0.87427	0.87428			6
2025.12.04	02:52:15.259	0.87428	0.87429			6
2025.12.04	02:52:15.562	0.87427	0.87428			6
2025.12.04	02:52:21.776	0.87428	0.87429			6
2025.12.04	02:52:22.103	0.87427	0.87428			6
2025.12.04	02:52:27.321	0.87428	0.87429			6
2025.12.04	02:52:27.628	0.87427				2
2025.12.04	02:52:27.939	0.87428				2
2025.12.04	02:52:31.714	0.87427				2
2025.12.04	02:52:33.676	0.87428	0.87430			6
2025.12.04	02:52:36.455		0.87429			4
2025.12.04	02:52:37.322	0.87427	0.87428			6
2025.12.04	02:52:37.646	0.87425	0.87426			6
2025.12.04	02:52:37.958	0.87426	0.87427			6
2025.12.04	02:52:38.374	0.87425	0.87426			6
2025.12.04	02:52:38.781		0.87427			4
2025.12.04	02:52:39.647	0.87426				2
2025.12.04	02:52:45.381	0.87425	0.87426			6
2025.12.04	02:52:50.571	0.87427	0.87428			6
2025.12.04	02:52:51.264	0.87428	0.87429			6
2025.12.04	02:52:54.653	0.87427	0.87428			6
2025.12.04	02:52:57.377	0.87428	0.87429			6
2025.12.04	02:53:00.733	0.87427	0.87428			6
2025.12.04	02:53:01.654	0.87428	0.87429			6
2025.12.04	02:53:02.687	0.87429	0.87430			6
2025.12.04	02:53:02.998	0.87430	0.87431			6
2025.12.04	02:53:07.497	0.87428	0.87429			6
2025.12.04	02:53:07.811	0.87427	0.87428			6
2025.12.04	02:53:09.247	0.87428	0.87429			6
2025.12.04	02:53:13.250	0.87427				2
2025.12.04	02:53:13.816		0.87428			4
2025.12.04	02:53:23.805		0.87429			4
2025.12.04	02:53:24.112		0.87428			4
2025.12.04	02:53:25.190	0.87428	0.87429			6
2025.12.04	02:53:27.315	0.87427	0.87428			6
2025.12.04	02:53:27.657		0.87429			4
2025.12.04	02:53:29.446	0.87428				2
2025.12.04	02:53:29.980	0.87427				2
2025.12.04	02:53:31.428	0.87428	0.87430			6
2025.12.04	02:53:36.308		0.87429			4
2025.12.04	02:53:40.469		0.87430			4
2025.12.04	02:53:41.584	0.87429				2
2025.12.04	02:53:51.607	0.87430	0.87431			6
2025.12.04	02:53:51.927	0.87429	0.87430			6
2025.12.04	02:53:54.438		0.87431			4
2025.12.04	02:53:55.872	0.87430				2
2025.12.04	02:53:58.825	0.87429				2
2025.12.04	02:53:59.155	0.87430				2
2025.12.04	02:54:00.305	0.87430				2
2025.12.04	02:54:01.416	0.87429				2
2025.12.04	02:54:02.370		0.87430			4
2025.12.04	02:54:09.809		0.87431			4
2025.12.04	02:54:12.895	0.87428	0.87430			6
2025.12.04	02:54:13.237	0.87429				2
2025.12.04	02:54:22.480	0.87427	0.87428			6
2025.12.04	02:54:23.267	0.87429	0.87430			6
2025.12.04	02:54:23.579	0.87428				2
2025.12.04	02:54:23.892	0.87429				2
2025.12.04	02:54:24.584		0.87431			4
2025.12.04	02:54:26.813	0.87428	0.87430			6
2025.12.04	02:54:27.287	0.87429				2
2025.12.04	02:54:33.194	0.87428				2
2025.12.04	02:54:33.639		0.87429			4
2025.12.04	02:54:33.941	0.87426	0.87428			6
2025.12.04	02:54:34.955		0.87429			4
2025.12.04	02:54:35.484	0.87427				2
2025.12.04	02:54:36.860	0.87426	0.87428			6
2025.12.04	02:54:43.500	0.87427				2
2025.12.04	02:54:44.627		0.87429			4
2025.12.04	02:54:45.742	0.87428				2
2025.12.04	02:54:46.049	0.87427	0.87430			6
2025.12.04	02:54:46.487	0.87428				2
2025.12.04	02:54:49.977	0.87427	0.87429			6
2025.12.04	02:54:50.410	0.87428				2
2025.12.04	02:54:50.755	0.87427				2
2025.12.04	02:54:52.157	0.87428				2
2025.12.04	02:54:53.702	0.87427				2
2025.12.04	02:54:54.388	0.87428				2
2025.12.04	02:54:54.691	0.87429	0.87430			6
2025.12.04	02:54:55.360		0.87431			4
2025.12.04	02:54:56.316	0.87430				2
2025.12.04	02:54:57.976	0.87429				2
2025.12.04	02:54:59.151	0.87430				2
2025.12.04	02:54:59.461	0.87429				2
2025.12.04	02:54:59.906	0.87428	0.87430			6
2025.12.04	02:55:00.210	0.87429				2
2025.12.04	02:55:00.518	0.87427	0.87429			6
2025.12.04	02:55:00.878	0.87426	0.87428			6
2025.12.04	02:55:02.256	0.87427				2
2025.12.04	02:55:03.932	0.87428	0.87429			6
2025.12.04	02:55:04.240	0.87429	0.87430			6
2025.12.04	02:55:05.810	0.87428				2
2025.12.04	02:55:06.500	0.87429				2
2025.12.04	02:55:07.901	0.87427	0.87428			6
2025.12.04	02:55:08.218	0.87428	0.87429			6
2025.12.04	02:55:15.046	0.87427	0.87428			6
2025.12.04	02:55:15.687	0.87426				2
2025.12.04	02:55:16.575	0.87427	0.87429			6
2025.12.04	02:55:17.289		0.87428			4
2025.12.04	02:55:19.111		0.87429			4
2025.12.04	02:55:26.343	0.87426				2
2025.12.04	02:55:27.222	0.87427	0.87428			6
2025.12.04	02:55:27.572		0.87429			4
2025.12.04	02:55:31.946	0.87426				2
2025.12.04	02:55:32.555	0.87427	0.87428			6
2025.12.04	02:55:34.084		0.87429			4
2025.12.04	02:55:35.818		0.87428			4
2025.12.04	02:55:36.430		0.87429			4
2025.12.04	02:55:37.548		0.87428			4
2025.12.04	02:55:40.374	0.87426				2
2025.12.04	02:55:51.858	0.87427				2
2025.12.04	02:55:52.183	0.87426	0.87427			6
2025.12.04	02:55:53.903	0.87427	0.87428			6
2025.12.04	02:55:54.262	0.87426	0.87427			6
2025.12.04	02:55:54.862	0.87427	0.87428			6
2025.12.04	02:55:55.487	0.87426	0.87427			6
2025.12.04	02:55:55.887	0.87424	0.87425			6
2025.12.04	02:55:57.157	0.87423				2
2025.12.04	02:55:57.543		0.87424			4
2025.12.04	02:55:59.922		0.87425			4
2025.12.04	02:56:00.679	0.87423				2
2025.12.04	02:56:02.917	0.87425	0.87427			6
2025.12.04	02:56:03.220	0.87426				2
2025.12.04	02:56:04.157		0.87428			4
2025.12.04	02:56:04.517		0.87427			4
2025.12.04	02:56:04.832	0.87425				2
2025.12.04	02:56:05.138	0.87426				2
2025.12.04	02:56:06.367	0.87427	0.87428			6
2025.12.04	02:56:12.539	0.87426	0.87427			6
2025.12.04	02:56:13.531		0.87428			4
2025.12.04	02:56:14.195	0.87427				2
2025.12.04	02:56:25.392	0.87426				2
2025.12.04	02:56:26.062		0.87427			4
2025.12.04	02:56:39.136	0.87425				2
2025.12.04	02:56:40.182		0.87426			4
2025.12.04	02:56:41.481		0.87427			4
2025.12.04	02:56:47.921		0.87426			4
2025.12.04	02:56:48.260	0.87424	0.87425			6
2025.12.04	02:56:48.643	0.87423	0.87426			6
2025.12.04	02:56:49.126	0.87424				2
2025.12.04	02:56:49.460		0.87425			4
2025.12.04	02:56:51.273	0.87423				2
2025.12.04	02:56:51.689	0.87424	0.87426			6
2025.12.04	02:56:52.520	0.87425				2
2025.12.04	02:56:53.382	0.87424				2
2025.12.04	02:56:57.632	0.87425				2
2025.12.04	02:56:58.972	0.87424				2
2025.12.04	02:56:59.756	0.87425				2
2025.12.04	02:57:00.059	0.87425				2
2025.12.04	02:57:00.407	0.87426	0.87427			6
2025.12.04	02:57:03.436	0.87425				2
2025.12.04	02:57:04.045	0.87426				2
2025.12.04	02:57:04.546	0.87425				2
2025.12.04	02:57:04.870	0.87426				2
2025.12.04	02:57:05.277	0.87425				2
2025.12.04	02:57:10.527	0.87427	0.87428			6
2025.12.04	02:57:13.870	0.87425	0.87427			6
2025.12.04	02:57:16.401		0.87426			4
2025.12.04	02:57:18.941	0.87424				2
2025.12.04	02:57:19.581	0.87425	0.87427			6
2025.12.04	02:57:20.982		0.87426			4
2025.12.04	02:57:22.802	0.87426	0.87427			6
2025.12.04	02:57:23.946		0.87428			4
2025.12.04	02:57:24.372	0.87427				2
2025.12.04	02:57:26.390		0.87429			4
2025.12.04	02:57:26.712	0.87428				2
2025.12.04	02:57:29.450	0.87429	0.87430			6
2025.12.04	02:57:29.759	0.87427	0.87429			6
2025.12.04	02:57:30.185	0.87428				2
2025.12.04	02:57:32.689	0.87429	0.87430			6
2025.12.04	02:57:33.473	0.87428	0.87429			6
2025.12.04	02:57:36.327	0.87429	0.87430			6
2025.12.04	02:57:37.769	0.87428				2
2025.12.04	02:57:38.112	0.87429				2
2025.12.04	02:57:38.635	0.87428				2
2025.12.04	02:57:39.192	0.87429				2
2025.12.04	02:57:43.519		0.87431			4
2025.12.04	02:57:44.219	0.87430				2
2025.12.04	02:57:44.538		0.87432			4
2025.12.04	02:57:45.581	0.87429	0.87431			6
2025.12.04	02:57:52.375	0.87428	0.87430			6
2025.12.04	02:57:53.099	0.87429				2
2025.12.04	02:58:00.129	0.87429				2
2025.12.04	02:58:00.519	0.87428				2
2025.12.04	02:58:01.926	0.87429				2
2025.12.04	02:58:02.725	0.87428				2
2025.12.04	02:58:05.456	0.87429				2
2025.12.04	02:58:07.991	0.87428				2
2025.12.04	02:58:08.355	0.87429				2
2025.12.04	02:58:09.686	0.87428				2
2025.12.04	02:58:09.996	0.87429				2
2025.12.04	02:58:18.399	0.87428				2
2025.12.04	02:58:24.094		0.87429			4
2025.12.04	02:58:26.444		0.87430			4
2025.12.04	02:58:27.316		0.87429			4
2025.12.04	02:58:30.028		0.87430			4
2025.12.04	02:58:31.456		0.87429			4
2025.12.04	02:58:33.624	0.87427				2
