<DATE>	<TIME>	<BID>	<ASK>	<LAST>	<VOLUME>	<FLAGS>
2025.05.14	00:03:31.440	0.84042	0.84135			6
2025.05.14	00:03:44.047		0.84134			4
2025.05.14	00:04:01.512	0.84042				2
2025.05.14	00:04:39.049		0.84133			4
2025.05.14	00:05:11.224	0.84042	0.84132			6
2025.05.14	00:05:15.652		0.84131			4
2025.05.14	00:05:26.905		0.84130			4
2025.05.14	00:05:30.357		0.84133			4
2025.05.14	00:05:42.354		0.84132			4
2025.05.14	00:05:43.031		0.84131			4
2025.05.14	00:05:44.831		0.84132			4
2025.05.14	00:05:47.591		0.84131			4
2025.05.14	00:05:50.048		0.84130			4
2025.05.14	00:05:57.377		0.84129			4
2025.05.14	00:06:00.383	0.84042	0.84131			6
2025.05.14	00:06:07.411		0.84132			4
2025.05.14	00:06:10.825		0.84131			4
2025.05.14	00:06:12.070		0.84130			4
2025.05.14	00:06:39.191		0.84131			4
2025.05.14	00:06:47.949	0.84017				2
2025.05.14	00:06:48.481		0.84129			4
2025.05.14	00:06:53.430		0.84131			4
2025.05.14	00:06:58.056		0.84130			4
2025.05.14	00:07:02.693	0.84017	0.84131			6
2025.05.14	00:07:13.488		0.84130			4
2025.05.14	00:07:29.483		0.84131			4
2025.05.14	00:07:33.981		0.84130			4
2025.05.14	00:08:01.424	0.84017				2
2025.05.14	00:08:03.962		0.84120			4
2025.05.14	00:08:06.169		0.84130			4
2025.05.14	00:08:06.842	0.84048	0.84102			6
2025.05.14	00:08:12.558	0.84017	0.84130			6
2025.05.14	00:08:14.349		0.84131			4
2025.05.14	00:08:24.353		0.84130			4
2025.05.14	00:09:07.730	0.84017				2
2025.05.14	00:09:40.761		0.84130			4
2025.05.14	00:10:00.357	0.84017	0.84132			6
2025.05.14	00:10:02.259		0.84131			4
2025.05.14	00:10:11.865	0.84031	0.84103			6
2025.05.14	00:10:52.688	0.84015	0.84137			6
2025.05.14	00:10:54.409	0.84018	0.84132			6
2025.05.14	00:10:58.180	0.84031	0.84103			6
2025.05.14	00:10:58.801	0.84018	0.84132			6
2025.05.14	00:11:00.608	0.84018	0.84130			6
2025.05.14	00:11:05.180	0.84032	0.84105			6
2025.05.14	00:11:05.825	0.84018	0.84132			6
2025.05.14	00:11:10.653		0.84130			4
2025.05.14	00:11:12.113	0.84032	0.84105			6
2025.05.14	00:11:12.753	0.84018	0.84130			6
2025.05.14	00:11:15.824		0.84132			4
2025.05.14	00:11:18.997	0.84032	0.84105			6
2025.05.14	00:11:19.632	0.84018	0.84132			6
2025.05.14	00:11:21.293		0.84130			4
2025.05.14	00:11:22.482	0.84019				2
2025.05.14	00:11:25.948	0.84032	0.84105			6
2025.05.14	00:11:26.553	0.84019	0.84130			6
2025.05.14	00:11:26.857		0.84131			4
2025.05.14	00:12:03.892	0.84020				2
2025.05.14	00:12:27.281		0.84131			4
2025.05.14	00:12:46.390		0.84130			4
2025.05.14	00:12:47.576		0.84131			4
2025.05.14	00:13:12.284	0.84020				2
2025.05.14	00:13:17.981	0.84021				2
2025.05.14	00:13:23.685	0.84020				2
2025.05.14	00:13:44.350		0.84132			4
2025.05.14	00:13:49.620	0.84017				2
2025.05.14	00:13:54.351		0.84131			4
2025.05.14	00:14:00.582	0.84017				2
2025.05.14	00:14:04.353		0.84132			4
2025.05.14	00:14:14.353		0.84131			4
2025.05.14	00:14:15.922		0.84133			4
2025.05.14	00:14:21.283		0.84131			4
2025.05.14	00:14:23.385	0.84018				2
2025.05.14	00:14:28.126		0.84133			4
2025.05.14	00:14:29.983	0.84019				2
2025.05.14	00:14:33.886	0.84020				2
2025.05.14	00:14:43.782	0.84021				2
2025.05.14	00:14:47.179		0.84124			4
2025.05.14	00:14:47.583		0.84123			4
2025.05.14	00:14:48.358		0.84129			4
2025.05.14	00:14:51.430		0.84133			4
2025.05.14	00:14:53.620		0.84131			4
2025.05.14	00:14:55.486	0.84022				2
2025.05.14	00:14:56.347		0.84130			4
2025.05.14	00:14:57.391		0.84131			4
2025.05.14	00:14:57.756		0.84133			4
2025.05.14	00:15:00.042	0.84022	0.84126			6
2025.05.14	00:15:01.952	0.84033				2
2025.05.14	00:15:02.281	0.84017				2
2025.05.14	00:15:04.301		0.84133			4
2025.05.14	00:15:10.743		0.84132			4
2025.05.14	00:15:11.725		0.84133			4
2025.05.14	00:15:16.372	0.84018				2
2025.05.14	00:15:24.881	0.84019				2
2025.05.14	00:15:36.856		0.84132			4
2025.05.14	00:15:46.291	0.84017	0.84133			6
2025.05.14	00:16:00.581	0.84017				2
2025.05.14	00:16:07.486	0.84018				2
2025.05.14	00:16:15.177	0.84017				2
2025.05.14	00:16:18.822		0.84131			4
2025.05.14	00:16:30.910	0.84020				2
2025.05.14	00:16:32.004		0.84132			4
2025.05.14	00:16:32.821		0.84133			4
2025.05.14	00:16:41.683		0.84132			4
2025.05.14	00:16:42.350		0.84131			4
2025.05.14	00:16:43.112		0.84130			4
2025.05.14	00:16:45.889		0.84133			4
2025.05.14	00:16:46.816		0.84132			4
2025.05.14	00:16:48.152		0.84133			4
2025.05.14	00:16:51.883	0.84021	0.84130			6
2025.05.14	00:16:52.893		0.84129			4
2025.05.14	00:16:53.889		0.84130			4
2025.05.14	00:16:57.221		0.84132			4
2025.05.14	00:16:57.576		0.84131			4
2025.05.14	00:16:58.356		0.84133			4
2025.05.14	00:16:59.384	0.84022				2
2025.05.14	00:17:02.383	0.84022				2
2025.05.14	00:17:05.747	0.84021				2
2025.05.14	00:17:07.729		0.84131			4
2025.05.14	00:17:08.348		0.84130			4
2025.05.14	00:17:12.628		0.84133			4
2025.05.14	00:17:13.204		0.84130			4
2025.05.14	00:17:14.924		0.84131			4
2025.05.14	00:17:16.481	0.84022				2
2025.05.14	00:17:17.156		0.84129			4
2025.05.14	00:17:17.915		0.84131			4
2025.05.14	00:17:22.310		0.84133			4
2025.05.14	00:17:27.808		0.84131			4
2025.05.14	00:17:32.871	0.84025	0.84133			6
2025.05.14	00:17:37.338	0.84028				2
2025.05.14	00:17:44.356		0.84130			4
2025.05.14	00:17:47.364		0.84131			4
2025.05.14	00:17:50.357		0.84130			4
2025.05.14	00:17:58.227	0.84017	0.84133			6
2025.05.14	00:18:00.388	0.84017				2
2025.05.14	00:18:01.036		0.84132			4
2025.05.14	00:18:02.349		0.84131			4
2025.05.14	00:18:08.352		0.84130			4
2025.05.14	00:18:12.348		0.84129			4
2025.05.14	00:18:17.756	0.84016				2
2025.05.14	00:18:18.678		0.84126			4
2025.05.14	00:18:45.581	0.84017				2
2025.05.14	00:18:49.568	0.84016	0.84090			6
2025.05.14	00:18:50.351		0.84093			4
2025.05.14	00:19:00.353	0.84016	0.84092			6
2025.05.14	00:19:02.308		0.84091			4
2025.05.14	00:19:06.979		0.84092			4
2025.05.14	00:19:12.316		0.84090			4
2025.05.14	00:19:12.748	0.84017				2
2025.05.14	00:19:13.153		0.84125			4
2025.05.14	00:19:14.351		0.84127			4
2025.05.14	00:19:16.819		0.84128			4
2025.05.14	00:19:20.315		0.84126			4
2025.05.14	00:19:22.084		0.84127			4
2025.05.14	00:19:24.348		0.84126			4
2025.05.14	00:19:26.710		0.84125			4
2025.05.14	00:19:30.355		0.84124			4
2025.05.14	00:19:30.763	0.84044				2
2025.05.14	00:19:31.819		0.84126			4
2025.05.14	00:19:36.340		0.84124			4
2025.05.14	00:19:41.737		0.84125			4
2025.05.14	00:19:45.491		0.84124			4
2025.05.14	00:19:46.287		0.84125			4
2025.05.14	00:19:51.719		0.84124			4
2025.05.14	00:19:57.138		0.84126			4
2025.05.14	00:19:58.353		0.84125			4
2025.05.14	00:20:00.725	0.84044				2
2025.05.14	00:20:50.314		0.84126			4
2025.05.14	00:20:58.782		0.84124			4
2025.05.14	00:21:00.592	0.84044				2
2025.05.14	00:21:04.412		0.84126			4
2025.05.14	00:21:09.786		0.84124			4
2025.05.14	00:21:19.377		0.84127			4
2025.05.14	00:21:24.717		0.84126			4
2025.05.14	00:21:28.352		0.84128			4
2025.05.14	00:21:29.294		0.84127			4
2025.05.14	00:21:30.722	0.84046	0.84130			6
2025.05.14	00:21:57.681	0.84045				2
2025.05.14	00:22:01.204	0.84045				2
2025.05.14	00:22:07.962		0.84127			4
2025.05.14	00:22:11.716		0.84130			4
2025.05.14	00:22:12.216		0.84128			4
2025.05.14	00:22:12.553		0.84127			4
2025.05.14	00:22:12.893		0.84128			4
2025.05.14	00:22:13.226		0.84130			4
2025.05.14	00:22:13.540		0.84129			4
2025.05.14	00:22:14.357		0.84130			4
2025.05.14	00:23:00.722	0.84045				2
2025.05.14	00:23:16.609		0.84130			4
2025.05.14	00:23:20.337		0.84128			4
2025.05.14	00:23:22.355		0.84130			4
2025.05.14	00:23:32.349		0.84128			4
2025.05.14	00:23:46.288		0.84127			4
2025.05.14	00:24:00.508	0.84045				2
2025.05.14	00:24:10.314		0.84128			4
2025.05.14	00:24:42.750		0.84125			4
2025.05.14	00:25:00.307	0.84045				2
2025.05.14	00:25:50.100		0.84125			4
2025.05.14	00:25:53.302		0.84140			4
2025.05.14	00:25:57.680	0.84046				2
2025.05.14	00:26:10.758	0.84046				2
2025.05.14	00:26:29.523		0.84134			4
2025.05.14	00:26:52.306		0.84125			4
2025.05.14	00:27:00.758	0.84046				2
2025.05.14	00:27:54.499		0.84125			4
2025.05.14	00:28:00.761	0.84046				2
2025.05.14	00:28:19.982	0.84045				2
2025.05.14	00:28:42.306		0.84121			4
2025.05.14	00:29:00.758	0.84045				2
2025.05.14	00:29:37.312		0.84124			4
2025.05.14	00:30:00.384	0.84045				2
2025.05.14	00:30:37.480		0.84124			4
2025.05.14	00:30:46.999	0.84042				2
2025.05.14	00:31:01.481	0.84042				2
2025.05.14	00:31:40.365		0.84124			4
2025.05.14	00:32:06.281	0.84042				2
2025.05.14	00:32:22.309		0.84125			4
2025.05.14	00:33:01.380	0.84042				2
2025.05.14	00:33:17.310		0.84124			4
2025.05.14	00:34:01.605	0.84042				2
2025.05.14	00:34:19.491		0.84124			4
2025.05.14	00:35:00.693	0.84042				2
2025.05.14	00:35:07.329		0.84125			4
2025.05.14	00:35:59.515		0.84124			4
2025.05.14	00:36:00.888	0.84042				2
2025.05.14	00:36:25.310		0.84128			4
2025.05.14	00:36:27.725		0.84127			4
2025.05.14	00:36:54.359		0.84125			4
2025.05.14	00:36:55.306		0.84117			4
2025.05.14	00:37:00.833	0.84042	0.84116			6
2025.05.14	00:37:01.343		0.84111			4
2025.05.14	00:37:07.206		0.84110			4
2025.05.14	00:37:14.033		0.84117			4
2025.05.14	00:37:16.664		0.84110			4
2025.05.14	00:38:00.472	0.84042				2
2025.05.14	00:38:20.152		0.84110			4
2025.05.14	00:38:46.728		0.84111			4
2025.05.14	00:39:04.059	0.84042				2
2025.05.14	00:39:46.809		0.84113			4
2025.05.14	00:40:01.411	0.84042				2
2025.05.14	00:40:18.963		0.84117			4
2025.05.14	00:40:31.725		0.84115			4
2025.05.14	00:40:47.064	0.84019				2
2025.05.14	00:41:02.986	0.84019				2
2025.05.14	00:41:18.988	0.84018				2
2025.05.14	00:41:31.726		0.84115			4
2025.05.14	00:41:43.127	0.84019	0.84119			6
2025.05.14	00:41:44.306	0.84018				2
2025.05.14	00:41:46.725	0.84043				2
2025.05.14	00:42:01.727	0.84043				2
2025.05.14	00:42:19.015		0.84121			4
2025.05.14	00:42:43.169		0.84120			4
2025.05.14	00:42:46.382		0.84118			4
2025.05.14	00:43:00.652	0.84043				2
2025.05.14	00:43:46.086		0.84117			4
2025.05.14	00:43:48.816		0.84119			4
2025.05.14	00:44:01.477	0.84043	0.84124			6
2025.05.14	00:44:10.758		0.84119			4
2025.05.14	00:44:17.074		0.84121			4
2025.05.14	00:44:24.060		0.84136			4
2025.05.14	00:45:01.080	0.84043				2
2025.05.14	00:45:02.247	0.84039	0.84116			6
2025.05.14	00:45:02.578	0.84041	0.84115			6
2025.05.14	00:45:04.700	0.84043	0.84136			6
2025.05.14	00:45:08.666	0.84055	0.84124			6
2025.05.14	00:45:10.303		0.84117			4
2025.05.14	00:45:25.182	0.84034				2
2025.05.14	00:45:49.470	0.84055				2
2025.05.14	00:45:54.486	0.84034				2
2025.05.14	00:46:01.083	0.84034				2
2025.05.14	00:46:05.306		0.84116			4
2025.05.14	00:46:19.518	0.84053				2
2025.05.14	00:46:24.833	0.84034				2
2025.05.14	00:46:52.112	0.84053				2
2025.05.14	00:46:58.807	0.84034				2
2025.05.14	00:47:00.307	0.84032	0.84114			6
2025.05.14	00:47:02.039	0.84050	0.84102			6
2025.05.14	00:47:04.798	0.84032	0.84114			6
2025.05.14	00:47:21.491	0.84052				2
2025.05.14	00:47:26.898	0.84032				2
2025.05.14	00:47:50.883	0.84054				2
2025.05.14	00:47:55.306		0.84118			4
2025.05.14	00:47:56.354	0.84035				2
2025.05.14	00:48:00.354	0.84035				2
2025.05.14	00:48:17.068	0.84055				2
2025.05.14	00:48:24.064	0.84035				2
2025.05.14	00:48:48.834	0.84055				2
2025.05.14	00:48:50.311		0.84120			4
2025.05.14	00:48:54.193	0.84037				2
2025.05.14	00:49:00.710	0.84037				2
2025.05.14	00:49:16.659	0.84055				2
2025.05.14	00:49:23.292	0.84037				2
2025.05.14	00:49:45.308	0.84039	0.84121			6
2025.05.14	00:49:47.948	0.84055				2
2025.05.14	00:49:54.325	0.84039				2
2025.05.14	00:50:02.985	0.84039				2
2025.05.14	00:50:17.356	0.84055				2
2025.05.14	00:50:23.681	0.84039				2
2025.05.14	00:50:47.353	0.84055	0.84121			6
2025.05.14	00:50:54.137	0.84039				2
2025.05.14	00:51:01.942	0.84039				2
2025.05.14	00:51:17.972	0.84054				2
2025.05.14	00:51:23.803	0.84039				2
2025.05.14	00:51:35.318		0.84122			4
2025.05.14	00:51:46.430	0.84036	0.84115			6
2025.05.14	00:51:47.520	0.84054				2
2025.05.14	00:51:54.083	0.84036				2
2025.05.14	00:52:02.682	0.84036				2
2025.05.14	00:52:15.166	0.84054				2
2025.05.14	00:52:21.018	0.84036				2
2025.05.14	00:52:41.072	0.84054				2
2025.05.14	00:52:41.724		0.84117			4
2025.05.14	00:52:47.191	0.84039				2
2025.05.14	00:53:00.663	0.84039				2
2025.05.14	00:53:07.568	0.84054				2
2025.05.14	00:53:11.305		0.84116			4
2025.05.14	00:53:13.196	0.84037				2
2025.05.14	00:53:36.550	0.84054				2
2025.05.14	00:53:42.719	0.84037				2
2025.05.14	00:53:53.726	0.84038				2
2025.05.14	00:54:02.905	0.84038				2
2025.05.14	00:54:03.695	0.84054				2
2025.05.14	00:54:06.352		0.84121			4
2025.05.14	00:54:09.943	0.84042				2
2025.05.14	00:54:11.669	0.84039	0.84113			6
2025.05.14	00:54:12.010	0.84041	0.84120			6
2025.05.14	00:54:14.353	0.84039	0.84113			6
2025.05.14	00:54:14.692	0.84041	0.84120			6
2025.05.14	00:54:15.034	0.84039	0.84113			6
2025.05.14	00:54:15.381	0.84041	0.84120			6
2025.05.14	00:54:19.780	0.84042				2
2025.05.14	00:54:32.086	0.84054				2
2025.05.14	00:54:37.406	0.84042				2
2025.05.14	00:55:00.396	0.84042				2
2025.05.14	00:55:01.177	0.84054				2
2025.05.14	00:55:04.481		0.84111			4
2025.05.14	00:55:06.397		0.84118			4
2025.05.14	00:55:07.908	0.84041				2
2025.05.14	00:55:08.238	0.84040				2
2025.05.14	00:55:20.044	0.84038	0.84112			6
2025.05.14	00:55:25.482	0.84039				2
2025.05.14	00:55:31.616	0.84054				2
2025.05.14	00:55:36.972	0.84039				2
2025.05.14	00:55:38.900	0.84041	0.84120			6
2025.05.14	00:55:51.723	0.84040	0.84113			6
2025.05.14	00:55:52.583	0.84041				2
2025.05.14	00:55:54.080	0.84042	0.84119			6
2025.05.14	00:55:55.680	0.84043				2
2025.05.14	00:55:57.283	0.84044				2
2025.05.14	00:55:59.086	0.84045				2
2025.05.14	00:56:01.288	0.84045				2
2025.05.14	00:56:02.881	0.84044	0.84117			6
2025.05.14	00:56:03.616	0.84054				2
2025.05.14	00:56:05.682		0.84116			4
2025.05.14	00:56:07.780		0.84115			4
2025.05.14	00:56:09.124	0.84046				2
2025.05.14	00:56:09.587	0.84047				2
2025.05.14	00:56:11.724	0.84051	0.84117			6
2025.05.14	00:56:13.141	0.84052				2
2025.05.14	00:56:13.507	0.84053	0.84118			6
2025.05.14	00:56:15.623		0.84116			4
2025.05.14	00:56:18.182	0.84054	0.84115			6
2025.05.14	00:56:21.180	0.84055	0.84114			6
2025.05.14	00:56:24.158		0.84113			4
2025.05.14	00:56:27.286	0.84056				2
2025.05.14	00:56:30.384	0.84057	0.84112			6
2025.05.14	00:56:31.362	0.84058				2
2025.05.14	00:56:34.782	0.84059	0.84111			6
2025.05.14	00:56:42.888	0.84060	0.84110			6
2025.05.14	00:56:45.585	0.84061				2
2025.05.14	00:56:49.118	0.84059	0.84112			6
2025.05.14	00:56:49.424	0.84056	0.84115			6
2025.05.14	00:56:50.160	0.84038	0.84122			6
2025.05.14	00:56:50.568	0.84036				2
2025.05.14	00:56:51.208	0.84035				2
2025.05.14	00:56:51.902	0.84034				2
2025.05.14	00:56:52.304		0.84124			4
2025.05.14	00:56:52.792		0.84123			4
2025.05.14	00:56:56.756	0.84035	0.84122			6
2025.05.14	00:56:59.980		0.84121			4
2025.05.14	00:57:00.324	0.84035				2
2025.05.14	00:57:02.280	0.84036				2
2025.05.14	00:57:04.553	0.84055				2
2025.05.14	00:57:07.371		0.84120			4
2025.05.14	00:57:07.781		0.84122			4
2025.05.14	00:57:09.657	0.84038				2
2025.05.14	00:57:10.781	0.84039				2
2025.05.14	00:57:13.582		0.84121			4
2025.05.14	00:57:13.963	0.84037	0.84119			6
2025.05.14	00:57:20.880	0.84038				2
2025.05.14	00:57:25.054		0.84118			4
2025.05.14	00:57:34.483	0.84039	0.84117			6
2025.05.14	00:57:35.814	0.84055				2
2025.05.14	00:57:42.190	0.84039				2
2025.05.14	00:57:55.302		0.84115			4
2025.05.14	00:57:57.086	0.84036				2
2025.05.14	00:58:02.385	0.84036				2
2025.05.14	00:58:03.305	0.84037	0.84119			6
2025.05.14	00:58:08.551	0.84055				2
2025.05.14	00:58:10.182		0.84118			4
2025.05.14	00:58:12.312		0.84116			4
2025.05.14	00:58:13.684	0.84037				2
2025.05.14	00:58:16.545	0.84038				2
2025.05.14	00:58:27.480	0.84039				2
2025.05.14	00:58:33.969	0.84055				2
2025.05.14	00:58:35.378		0.84118			4
2025.05.14	00:58:35.718		0.84116			4
2025.05.14	00:58:39.430	0.84039				2
2025.05.14	00:58:41.591	0.84040				2
2025.05.14	00:59:00.139	0.84055	0.84117			6
2025.05.14	00:59:05.664	0.84042				2
2025.05.14	00:59:09.531	0.84040	0.84115			6
2025.05.14	00:59:11.795	0.84042	0.84117			6
2025.05.14	00:59:16.613	0.84043				2
2025.05.14	00:59:18.905	0.84041	0.84120			6
2025.05.14	00:59:20.959	0.84039				2
2025.05.14	00:59:25.481	0.84037				2
2025.05.14	00:59:28.031	0.84055				2
2025.05.14	00:59:34.220		0.84122			4
2025.05.14	00:59:34.521	0.84038				2
2025.05.14	00:59:34.838	0.84037	0.84117			6
2025.05.14	00:59:39.478	0.84038				2
2025.05.14	00:59:43.481		0.84121			4
2025.05.14	00:59:43.798	0.84037	0.84119			6
2025.05.14	00:59:44.100	0.84038	0.84120			6
2025.05.14	00:59:44.674	0.84037	0.84119			6
2025.05.14	00:59:45.222	0.84038				2
2025.05.14	00:59:45.573	0.84037				2
2025.05.14	00:59:47.107	0.84038				2
2025.05.14	00:59:49.923	0.84039	0.84118			6
2025.05.14	00:59:55.481	0.84040				2
2025.05.14	00:59:56.687		0.84120			4
2025.05.14	00:59:58.850	0.84055	0.84117			6
2025.05.14	01:00:00.319	0.84055				2
2025.05.14	01:00:01.359		0.84137			4
2025.05.14	01:00:01.707		0.84135			4
2025.05.14	01:00:02.055		0.84131			4
2025.05.14	01:00:02.362	0.84048	0.84095			6
2025.05.14	01:00:02.709		0.84094			4
2025.05.14	01:00:03.320	0.84051				2
2025.05.14	01:00:03.674		0.84093			4
2025.05.14	01:00:03.973	0.84050	0.84094			6
2025.05.14	01:00:04.580		0.84093			4
2025.05.14	01:00:04.883	0.84040	0.84119			6
2025.05.14	01:00:06.408	0.84041				2
2025.05.14	01:00:07.444	0.84058	0.84102			6
2025.05.14	01:00:10.282	0.84062	0.84098			6
2025.05.14	01:00:10.776		0.84097			4
2025.05.14	01:00:11.544		0.84099			4
2025.05.14	01:00:13.347	0.84073				2
2025.05.14	01:00:14.232	0.84071				2
2025.05.14	01:00:15.425	0.84073	0.84103			6
2025.05.14	01:00:16.414	0.84072				2
2025.05.14	01:00:16.846	0.84068	0.84096			6
2025.05.14	01:00:17.734	0.84069	0.84093			6
2025.05.14	01:00:18.388	0.84068				2
2025.05.14	01:00:18.705	0.84067				2
2025.05.14	01:00:19.019	0.84069	0.84097			6
2025.05.14	01:00:19.684	0.84066				2
2025.05.14	01:00:21.049		0.84096			4
2025.05.14	01:00:21.454	0.84067	0.84097			6
2025.05.14	01:00:22.498	0.84066				2
2025.05.14	01:00:23.391	0.84059				2
2025.05.14	01:00:26.374	0.84075	0.84100			6
2025.05.14	01:00:26.683	0.84077				2
2025.05.14	01:00:27.003	0.84070	0.84096			6
2025.05.14	01:00:30.959		0.84099			4
2025.05.14	01:00:31.813	0.84072	0.84097			6
2025.05.14	01:00:32.433		0.84099			4
2025.05.14	01:00:32.910	0.84076	0.84101			6
2025.05.14	01:00:33.372	0.84081	0.84100			6
2025.05.14	01:00:33.986		0.84099			4
2025.05.14	01:00:34.373		0.84098			4
2025.05.14	01:00:36.330	0.84074				2
2025.05.14	01:00:36.930		0.84100			4
2025.05.14	01:00:37.411		0.84099			4
2025.05.14	01:00:38.686		0.84095			4
2025.05.14	01:00:39.064	0.84079	0.84097			6
2025.05.14	01:00:39.737		0.84098			4
2025.05.14	01:00:40.079		0.84097			4
2025.05.14	01:00:40.427		0.84098			4
2025.05.14	01:00:40.934	0.84080				2
2025.05.14	01:00:41.270	0.84076				2
2025.05.14	01:00:42.284		0.84097			4
2025.05.14	01:00:44.187		0.84096			4
2025.05.14	01:00:45.462		0.84098			4
2025.05.14	01:00:47.958	0.84075				2
2025.05.14	01:00:48.922	0.84074	0.84097			6
2025.05.14	01:00:50.682		0.84101			4
2025.05.14	01:00:52.104		0.84098			4
2025.05.14	01:00:55.881	0.84075				2
2025.05.14	01:00:56.349		0.84100			4
2025.05.14	01:00:57.386	0.84076	0.84102			6
2025.05.14	01:00:58.731	0.84083	0.84101			6
2025.05.14	01:00:59.282	0.84086				2
2025.05.14	01:01:00.282	0.84079	0.84102			6
2025.05.14	01:01:00.668	0.84077	0.84103			6
2025.05.14	01:01:02.047	0.84075	0.84104			6
2025.05.14	01:01:02.419	0.84074				2
2025.05.14	01:01:04.106		0.84103			4
2025.05.14	01:01:04.639	0.84075				2
2025.05.14	01:01:05.266		0.84102			4
2025.05.14	01:01:06.692		0.84103			4
2025.05.14	01:01:08.014	0.84077				2
2025.05.14	01:01:12.354		0.84102			4
2025.05.14	01:01:14.382		0.84103			4
2025.05.14	01:01:16.100	0.84078				2
2025.05.14	01:01:16.831	0.84079				2
2025.05.14	01:01:18.286	0.84083				2
2025.05.14	01:01:18.829	0.84086	0.84104			6
2025.05.14	01:01:24.840		0.84103			4
2025.05.14	01:01:27.005	0.84090	0.84105			6
2025.05.14	01:01:33.456		0.84103			4
2025.05.14	01:01:38.156	0.84088				2
2025.05.14	01:01:47.201	0.84089				2
2025.05.14	01:01:50.759	0.84090				2
2025.05.14	01:01:55.346	0.84095	0.84108			6
2025.05.14	01:02:00.757	0.84095				2
2025.05.14	01:02:05.754	0.84092				2
2025.05.14	01:02:08.383	0.84091				2
2025.05.14	01:02:10.538	0.84093	0.84105			6
2025.05.14	01:02:19.010	0.84105	0.84106			6
2025.05.14	01:02:20.363	0.84095				2
2025.05.14	01:02:21.109	0.84092	0.84103			6
2025.05.14	01:02:21.790		0.84102			4
2025.05.14	01:02:23.080	0.84093				2
2025.05.14	01:02:28.098	0.84096	0.84103			6
2025.05.14	01:02:44.753		0.84107			4
2025.05.14	01:02:50.757		0.84106			4
2025.05.14	01:02:58.082		0.84104			4
2025.05.14	01:03:00.107	0.84096				2
2025.05.14	01:03:06.269	0.84098	0.84106			6
2025.05.14	01:03:11.680	0.84100	0.84111			6
2025.05.14	01:03:15.884	0.84097	0.84106			6
2025.05.14	01:03:16.708		0.84110			4
2025.05.14	01:03:20.546	0.84100				2
2025.05.14	01:03:21.579	0.84103	0.84111			6
2025.05.14	01:03:22.683		0.84110			4
2025.05.14	01:03:23.707	0.84101				2
2025.05.14	01:03:24.519	0.84103				2
2025.05.14	01:03:25.185	0.84104	0.84113			6
2025.05.14	01:03:25.488	0.84106				2
2025.05.14	01:03:25.963	0.84105				2
2025.05.14	01:03:30.759	0.84098	0.84107			6
2025.05.14	01:03:31.580	0.84099				2
2025.05.14	01:03:33.417	0.84102	0.84112			6
2025.05.14	01:03:46.098	0.84104				2
2025.05.14	01:03:50.283	0.84103				2
2025.05.14	01:03:51.582		0.84111			4
2025.05.14	01:03:53.600		0.84112			4
2025.05.14	01:04:01.785	0.84103				2
2025.05.14	01:04:03.459	0.84101				2
2025.05.14	01:04:03.764		0.84107			4
2025.05.14	01:04:05.744	0.84095				2
2025.05.14	01:04:27.583		0.84108			4
2025.05.14	01:04:35.389	0.84097	0.84106			6
2025.05.14	01:04:35.819		0.84107			4
2025.05.14	01:04:39.277		0.84110			4
2025.05.14	01:04:42.136	0.84098				2
2025.05.14	01:04:44.056	0.84101	0.84111			6
2025.05.14	01:04:48.567	0.84098				2
2025.05.14	01:04:53.153	0.84102	0.84113			6
2025.05.14	01:05:00.371	0.84102				2
2025.05.14	01:05:05.382		0.84111			4
2025.05.14	01:05:05.700		0.84114			4
2025.05.14	01:05:07.796	0.84103				2
2025.05.14	01:05:14.773	0.84108	0.84120			6
2025.05.14	01:05:21.355	0.84104	0.84113			6
2025.05.14	01:05:21.660	0.84103				2
2025.05.14	01:05:22.267	0.84104				2
2025.05.14	01:05:25.338		0.84112			4
2025.05.14	01:05:43.465	0.84101	0.84111			6
2025.05.14	01:05:46.673	0.84100				2
2025.05.14	01:05:55.209	0.84104	0.84108			6
2025.05.14	01:05:55.957	0.84101				2
2025.05.14	01:05:57.133	0.84105	0.84111			6
2025.05.14	01:05:58.484	0.84101	0.84109			6
2025.05.14	01:05:58.799	0.84102	0.84112			6
2025.05.14	01:06:00.733	0.84102				2
2025.05.14	01:06:01.899	0.84101	0.84108			6
2025.05.14	01:06:02.357	0.84098				2
2025.05.14	01:06:03.815		0.84110			4
2025.05.14	01:06:04.218	0.84100	0.84112			6
2025.05.14	01:06:25.365	0.84102	0.84116			6
2025.05.14	01:06:43.496		0.84115			4
2025.05.14	01:07:00.282	0.84102				2
2025.05.14	01:07:05.039	0.84103	0.84117			6
2025.05.14	01:07:10.434	0.84101	0.84112			6
2025.05.14	01:07:25.344	0.84093	0.84108			6
2025.05.14	01:07:30.915		0.84109			4
2025.05.14	01:07:32.290	0.84088	0.84100			6
2025.05.14	01:07:32.598	0.84090	0.84102			6
2025.05.14	01:07:41.092	0.84088				2
2025.05.14	01:07:48.695		0.84105			4
2025.05.14	01:08:01.218	0.84088				2
2025.05.14	01:08:02.346	0.84091	0.84108			6
2025.05.14	01:08:13.402	0.84098	0.84111			6
2025.05.14	01:08:14.050	0.84096				2
2025.05.14	01:08:18.027	0.84099	0.84113			6
2025.05.14	01:08:19.059		0.84112			4
2025.05.14	01:08:22.981	0.84102	0.84118			6
2025.05.14	01:08:28.391	0.84103				2
2025.05.14	01:09:02.081	0.84103				2
2025.05.14	01:09:14.357		0.84114			4
2025.05.14	01:10:02.229	0.84103				2
2025.05.14	01:10:04.636	0.84104				2
2025.05.14	01:10:16.182		0.84114			4
2025.05.14	01:10:39.883	0.84103				2
2025.05.14	01:11:00.283	0.84103				2
2025.05.14	01:11:05.807	0.84098	0.84107			6
2025.05.14	01:11:12.590	0.84097	0.84103			6
2025.05.14	01:11:18.502		0.84105			4
2025.05.14	01:11:34.943		0.84109			4
2025.05.14	01:11:36.396		0.84107			4
2025.05.14	01:11:37.772		0.84110			4
2025.05.14	01:11:40.999	0.84100				2
2025.05.14	01:12:00.288	0.84100				2
2025.05.14	01:12:01.932	0.84097	0.84109			6
2025.05.14	01:12:02.347		0.84108			4
2025.05.14	01:12:03.335		0.84106			4
2025.05.14	01:12:10.502		0.84108			4
2025.05.14	01:12:18.475		0.84109			4
2025.05.14	01:12:19.753		0.84108			4
2025.05.14	01:12:28.782		0.84107			4
2025.05.14	01:12:44.933		0.84106			4
2025.05.14	01:12:45.363		0.84107			4
2025.05.14	01:12:45.930		0.84106			4
2025.05.14	01:12:46.832	0.84095				2
2025.05.14	01:12:50.654	0.84096				2
2025.05.14	01:12:55.360		0.84107			4
2025.05.14	01:12:57.117	0.84095	0.84104			6
2025.05.14	01:12:57.555		0.84103			4
2025.05.14	01:12:58.590	0.84096	0.84105			6
2025.05.14	01:12:59.672		0.84106			4
2025.05.14	01:13:00.444	0.84096				2
2025.05.14	01:13:03.246	0.84095	0.84107			6
2025.05.14	01:13:03.551	0.84096				2
2025.05.14	01:13:07.400	0.84095	0.84104			6
2025.05.14	01:13:07.750	0.84097				2
2025.05.14	01:13:09.643	0.84096				2
2025.05.14	01:13:09.986	0.84095				2
2025.05.14	01:13:13.481	0.84094	0.84100			6
2025.05.14	01:13:13.799		0.84097			4
2025.05.14	01:13:14.109	0.84091				2
2025.05.14	01:13:14.419	0.84088				2
2025.05.14	01:13:16.021	0.84090				2
2025.05.14	01:13:18.010	0.84088				2
2025.05.14	01:13:21.882	0.84090				2
2025.05.14	01:13:22.201	0.84093	0.84099			6
2025.05.14	01:13:23.937		0.84096			4
2025.05.14	01:13:25.394	0.84091				2
2025.05.14	01:13:29.585	0.84090	0.84095			6
2025.05.14	01:13:35.380	0.84089				2
2025.05.14	01:13:36.653	0.84088	0.84092			6
2025.05.14	01:13:38.551	0.84087				2
2025.05.14	01:13:51.308	0.84084	0.84089			6
2025.05.14	01:13:53.943	0.84085	0.84092			6
2025.05.14	01:13:54.251		0.84093			4
2025.05.14	01:13:56.113		0.84092			4
2025.05.14	01:14:01.190	0.84085				2
2025.05.14	01:14:27.470	0.84088	0.84093			6
2025.05.14	01:14:29.975	0.84086				2
2025.05.14	01:14:31.300	0.84084	0.84090			6
2025.05.14	01:14:39.203		0.84089			4
2025.05.14	01:14:41.381	0.84087	0.84094			6
2025.05.14	01:14:41.707	0.84086	0.84095			6
2025.05.14	01:14:47.084	0.84087				2
2025.05.14	01:14:47.445	0.84086				2
2025.05.14	01:14:47.776	0.84088				2
2025.05.14	01:14:48.420	0.84089				2
2025.05.14	01:14:56.333	0.84090				2
2025.05.14	01:14:59.703	0.84091	0.84098			6
2025.05.14	01:15:00.026	0.84091	0.84099			6
2025.05.14	01:15:01.305	0.84090	0.84095			6
2025.05.14	01:15:03.002	0.84089				2
2025.05.14	01:15:16.814	0.84090	0.84096			6
2025.05.14	01:15:19.931	0.84094	0.84101			6
2025.05.14	01:15:35.168	0.84095				2
2025.05.14	01:15:39.403		0.84100			4
2025.05.14	01:15:39.716	0.84097	0.84102			6
2025.05.14	01:15:51.162	0.84096	0.84099			6
2025.05.14	01:15:55.377	0.84095				2
2025.05.14	01:16:00.283	0.84095				2
2025.05.14	01:16:09.414	0.84090	0.84094			6
2025.05.14	01:16:09.865	0.84089				2
2025.05.14	01:16:29.772	0.84084	0.84089			6
2025.05.14	01:16:32.606	0.84085	0.84092			6
2025.05.14	01:16:33.078	0.84086				2
2025.05.14	01:16:33.626	0.84085				2
2025.05.14	01:16:33.966	0.84086				2
2025.05.14	01:16:34.288	0.84085				2
2025.05.14	01:16:41.799		0.84089			4
2025.05.14	01:16:42.571		0.84090			4
2025.05.14	01:16:44.348	0.84086	0.84092			6
2025.05.14	01:16:44.738	0.84085				2
2025.05.14	01:16:45.421	0.84086				2
2025.05.14	01:16:51.944	0.84085	0.84089			6
2025.05.14	01:16:52.566	0.84086	0.84092			6
2025.05.14	01:16:59.565	0.84085				2
2025.05.14	01:17:00.590	0.84085	0.84093			6
2025.05.14	01:17:06.683	0.84087	0.84092			6
2025.05.14	01:17:07.453	0.84086				2
2025.05.14	01:17:08.379	0.84087				2
2025.05.14	01:17:08.681	0.84086				2
2025.05.14	01:17:09.381	0.84087				2
2025.05.14	01:17:09.693	0.84086				2
2025.05.14	01:17:10.392	0.84087				2
2025.05.14	01:17:10.765	0.84086				2
2025.05.14	01:17:11.406	0.84087				2
2025.05.14	01:17:11.748	0.84086				2
2025.05.14	01:17:12.355	0.84087				2
2025.05.14	01:17:13.381	0.84086				2
2025.05.14	01:17:20.555		0.84093			4
2025.05.14	01:17:21.449	0.84085				2
2025.05.14	01:17:21.804	0.84086				2
2025.05.14	01:17:27.923	0.84087				2
2025.05.14	01:17:32.143	0.84085				2
2025.05.14	01:17:42.582	0.84086				2
2025.05.14	01:17:43.276	0.84089	0.84096			6
2025.05.14	01:17:44.307	0.84088	0.84093			6
2025.05.14	01:17:50.860	0.84089				2
2025.05.14	01:17:54.154	0.84088				2
2025.05.14	01:17:54.461	0.84087				2
2025.05.14	01:17:56.158		0.84094			4
2025.05.14	01:17:57.305		0.84093			4
2025.05.14	01:18:00.055	0.84087				2
2025.05.14	01:18:07.098	0.84086				2
2025.05.14	01:18:07.411	0.84087				2
2025.05.14	01:18:11.151	0.84086	0.84092			6
2025.05.14	01:18:12.674	0.84085				2
2025.05.14	01:18:13.183	0.84086				2
2025.05.14	01:18:20.520	0.84084	0.84090			6
2025.05.14	01:18:24.990	0.84085	0.84089			6
2025.05.14	01:18:25.713	0.84082				2
2025.05.14	01:18:29.982	0.84084				2
2025.05.14	01:18:30.763	0.84083				2
2025.05.14	01:18:40.534		0.84088			4
2025.05.14	01:18:57.973	0.84082	0.84086			6
2025.05.14	01:18:58.381	0.84080				2
2025.05.14	01:19:00.477	0.84085	0.84089			6
2025.05.14	01:19:01.573	0.84084	0.84091			6
2025.05.14	01:19:02.807	0.84085				2
2025.05.14	01:19:03.886		0.84090			4
2025.05.14	01:19:14.024	0.84086				2
2025.05.14	01:19:14.526	0.84085				2
2025.05.14	01:19:21.602	0.84084				2
2025.05.14	01:19:28.924	0.84085				2
2025.05.14	01:19:47.683		0.84091			4
2025.05.14	01:19:48.014		0.84093			4
2025.05.14	01:19:48.823		0.84092			4
2025.05.14	01:19:56.154	0.84087	0.84095			6
2025.05.14	01:20:00.241	0.84087				2
2025.05.14	01:20:00.579	0.84086	0.84093			6
2025.05.14	01:20:03.455		0.84091			4
2025.05.14	01:20:04.808	0.84088				2
2025.05.14	01:20:05.980	0.84089	0.84092			6
2025.05.14	01:20:06.734	0.84088				2
2025.05.14	01:20:14.675		0.84091			4
2025.05.14	01:20:16.146		0.84093			4
2025.05.14	01:20:39.089	0.84089	0.84095			6
2025.05.14	01:21:05.385	0.84089				2
2025.05.14	01:21:07.482	0.84094	0.84101			6
2025.05.14	01:21:07.799		0.84100			4
2025.05.14	01:21:08.138	0.84093				2
2025.05.14	01:21:08.772		0.84099			4
2025.05.14	01:21:25.165	0.84091	0.84097			6
2025.05.14	01:21:27.996	0.84092	0.84098			6
2025.05.14	01:21:38.552	0.84094	0.84101			6
2025.05.14	01:21:42.193		0.84099			4
2025.05.14	01:21:44.468		0.84100			4
2025.05.14	01:21:54.631	0.84093	0.84099			6
2025.05.14	01:21:54.941	0.84091	0.84097			6
2025.05.14	01:21:55.634	0.84090	0.84096			6
2025.05.14	01:21:56.349	0.84091				2
2025.05.14	01:21:57.104		0.84098			4
2025.05.14	01:21:58.089	0.84090				2
2025.05.14	01:21:58.667	0.84091				2
2025.05.14	01:22:02.107	0.84091				2
2025.05.14	01:22:03.481	0.84089	0.84095			6
2025.05.14	01:22:13.578		0.84096			4
2025.05.14	01:22:17.324		0.84095			4
2025.05.14	01:22:24.923		0.84094			4
2025.05.14	01:22:43.757	0.84088	0.84092			6
2025.05.14	01:22:44.061	0.84087				2
2025.05.14	01:22:44.813	0.84083	0.84088			6
2025.05.14	01:22:54.354	0.84082				2
2025.05.14	01:22:56.951		0.84087			4
2025.05.14	01:22:57.262	0.84080	0.84088			6
2025.05.14	01:23:00.616	0.84080				2
2025.05.14	01:23:08.348	0.84082	0.84087			6
2025.05.14	01:23:27.368	0.84081	0.84088			6
2025.05.14	01:23:28.496	0.84083				2
2025.05.14	01:23:33.474	0.84082				2
2025.05.14	01:23:34.333		0.84087			4
2025.05.14	01:23:36.012	0.84083				2
2025.05.14	01:23:38.648	0.84082				2
2025.05.14	01:23:40.534	0.84081				2
2025.05.14	01:23:51.583	0.84082	0.84088			6
2025.05.14	01:24:02.360	0.84082				2
2025.05.14	01:24:03.902	0.84084	0.84089			6
2025.05.14	01:24:05.306	0.84085				2
2025.05.14	01:24:10.165	0.84084				2
2025.05.14	01:24:11.591		0.84090			4
2025.05.14	01:24:13.427		0.84091			4
2025.05.14	01:24:13.740	0.84085	0.84090			6
2025.05.14	01:24:21.399	0.84083	0.84087			6
2025.05.14	01:24:33.614	0.84087	0.84093			6
2025.05.14	01:24:36.978	0.84088	0.84095			6
2025.05.14	01:25:00.374	0.84088				2
2025.05.14	01:25:11.499		0.84096			4
2025.05.14	01:25:26.843	0.84089				2
2025.05.14	01:25:56.716	0.84088	0.84095			6
2025.05.14	01:26:00.537	0.84089	0.84096			6
2025.05.14	01:26:02.904	0.84086	0.84090			6
2025.05.14	01:26:06.406	0.84085	0.84088			6
2025.05.14	01:26:07.010	0.84084				2
2025.05.14	01:26:08.385		0.84091			4
2025.05.14	01:26:08.690	0.84085				2
2025.05.14	01:26:24.379	0.84084				2
2025.05.14	01:26:25.128	0.84085				2
2025.05.14	01:26:32.567		0.84088			4
2025.05.14	01:26:33.895		0.84091			4
2025.05.14	01:26:37.530	0.84084				2
2025.05.14	01:26:43.026	0.84083				2
2025.05.14	01:26:47.110	0.84084				2
2025.05.14	01:27:00.281	0.84084				2
2025.05.14	01:27:16.153	0.84083				2
2025.05.14	01:27:17.092	0.84084				2
2025.05.14	01:27:22.659		0.84092			4
2025.05.14	01:27:22.959	0.84086	0.84093			6
2025.05.14	01:27:43.137		0.84094			4
2025.05.14	01:27:44.202		0.84093			4
2025.05.14	01:28:00.234	0.84086				2
2025.05.14	01:28:28.713	0.84084	0.84091			6
2025.05.14	01:29:03.583	0.84084				2
2025.05.14	01:29:29.442		0.84091			4
2025.05.14	01:29:39.045	0.84085	0.84092			6
2025.05.14	01:29:43.525		0.84091			4
2025.05.14	01:29:45.281		0.84092			4
2025.05.14	01:30:00.307	0.84084	0.84091			6
2025.05.14	01:30:01.918		0.84090			4
2025.05.14	01:30:02.263	0.84087	0.84088			6
2025.05.14	01:30:04.712	0.84083	0.84090			6
2025.05.14	01:30:05.875	0.84086	0.84092			6
2025.05.14	01:30:06.293		0.84093			4
2025.05.14	01:30:16.995		0.84091			4
2025.05.14	01:30:17.546	0.84085				2
2025.05.14	01:30:22.784		0.84092			4
2025.05.14	01:30:44.806		0.84091			4
2025.05.14	01:30:54.411	0.84083	0.84090			6
2025.05.14	01:30:55.027	0.84084				2
2025.05.14	01:31:00.471	0.84084				2
2025.05.14	01:31:00.776	0.84083	0.84089			6
2025.05.14	01:31:04.626		0.84090			4
2025.05.14	01:31:12.606		0.84089			4
2025.05.14	01:31:13.111		0.84090			4
2025.05.14	01:31:14.157	0.84085				2
2025.05.14	01:31:19.379		0.84091			4
2025.05.14	01:31:27.186	0.84083				2
2025.05.14	01:31:30.861	0.84085				2
2025.05.14	01:31:40.156	0.84084				2
2025.05.14	01:31:40.660		0.84090			4
2025.05.14	01:31:44.495	0.84083	0.84091			6
2025.05.14	01:31:47.701	0.84084				2
2025.05.14	01:31:53.709		0.84090			4
2025.05.14	01:32:00.356	0.84084				2
2025.05.14	01:32:02.420		0.84088			4
2025.05.14	01:32:11.641	0.84082	0.84087			6
2025.05.14	01:32:21.155		0.84088			4
2025.05.14	01:32:26.647		0.84086			4
2025.05.14	01:32:29.711	0.84080	0.84085			6
2025.05.14	01:32:30.336	0.84081				2
2025.05.14	01:32:36.680	0.84079				2
2025.05.14	01:32:44.580		0.84087			4
2025.05.14	01:32:48.199		0.84088			4
2025.05.14	01:32:51.164		0.84087			4
2025.05.14	01:33:00.723	0.84079				2
2025.05.14	01:33:07.049	0.84078	0.84085			6
2025.05.14	01:33:07.742	0.84080				2
2025.05.14	01:33:22.971	0.84081	0.84086			6
2025.05.14	01:33:23.537	0.84082	0.84087			6
2025.05.14	01:33:23.884	0.84081				2
2025.05.14	01:33:29.591	0.84082				2
2025.05.14	01:33:29.991	0.84081				2
2025.05.14	01:33:39.622	0.84082				2
2025.05.14	01:33:42.869	0.84081				2
2025.05.14	01:33:43.678	0.84082				2
2025.05.14	01:33:44.870	0.84081				2
2025.05.14	01:33:51.330	0.84082				2
2025.05.14	01:33:51.896	0.84081				2
2025.05.14	01:34:00.292	0.84081				2
2025.05.14	01:34:00.770		0.84086			4
2025.05.14	01:34:10.790	0.84080				2
2025.05.14	01:34:16.056		0.84084			4
2025.05.14	01:34:16.390		0.84086			4
2025.05.14	01:34:31.622		0.84085			4
2025.05.14	01:34:56.161	0.84079				2
2025.05.14	01:35:01.658	0.84079				2
2025.05.14	01:35:18.580	0.84080	0.84086			6
2025.05.14	01:35:45.613	0.84079	0.84085			6
2025.05.14	01:35:50.657	0.84081	0.84087			6
2025.05.14	01:35:51.077		0.84086			4
2025.05.14	01:35:52.275	0.84080				2
2025.05.14	01:36:01.078	0.84080				2
2025.05.14	01:36:12.872		0.84085			4
2025.05.14	01:36:15.026	0.84079				2
2025.05.14	01:36:23.139		0.84084			4
2025.05.14	01:36:27.911		0.84085			4
2025.05.14	01:36:28.234		0.84084			4
2025.05.14	01:36:36.298		0.84085			4
2025.05.14	01:36:37.844		0.84084			4
2025.05.14	01:36:42.619		0.84085			4
2025.05.14	01:36:43.880		0.84084			4
2025.05.14	01:36:52.069	0.84078				2
2025.05.14	01:36:52.380	0.84080				2
2025.05.14	01:36:52.693		0.84085			4
2025.05.14	01:36:56.142	0.84079				2
2025.05.14	01:37:01.693	0.84079				2
2025.05.14	01:37:08.402		0.84084			4
2025.05.14	01:37:31.291	0.84080				2
2025.05.14	01:37:39.286		0.84085			4
2025.05.14	01:38:02.057	0.84080				2
2025.05.14	01:38:18.586	0.84083	0.84087			6
2025.05.14	01:38:43.738		0.84089			4
2025.05.14	01:38:44.052		0.84088			4
2025.05.14	01:39:04.448	0.84083				2
2025.05.14	01:39:36.241	0.84084	0.84089			6
2025.05.14	01:39:44.779	0.84083				2
2025.05.14	01:39:48.245	0.84086	0.84090			6
2025.05.14	01:40:03.724	0.84086				2
2025.05.14	01:40:27.108	0.84084				2
2025.05.14	01:40:33.288		0.84089			4
2025.05.14	01:40:34.519		0.84090			4
2025.05.14	01:40:38.294		0.84089			4
2025.05.14	01:40:46.571		0.84088			4
2025.05.14	01:40:47.953		0.84089			4
2025.05.14	01:41:02.401	0.84084				2
2025.05.14	01:41:03.403	0.84083	0.84088			6
2025.05.14	01:41:11.097	0.84082	0.84087			6
2025.05.14	01:41:12.268	0.84080	0.84088			6
2025.05.14	01:41:12.691		0.84087			4
2025.05.14	01:41:19.931		0.84088			4
2025.05.14	01:41:20.307	0.84081				2
2025.05.14	01:41:20.775	0.84080				2
2025.05.14	01:41:21.580	0.84081				2
2025.05.14	01:41:31.829	0.84082				2
2025.05.14	01:41:38.105		0.84089			4
2025.05.14	01:41:41.372	0.84079	0.84088			6
2025.05.14	01:41:44.773	0.84080				2
2025.05.14	01:41:45.198		0.84087			4
2025.05.14	01:41:49.568	0.84079	0.84086			6
2025.05.14	01:41:54.249	0.84080				2
2025.05.14	01:41:59.706	0.84081				2
2025.05.14	01:42:00.804	0.84081				2
2025.05.14	01:42:01.730	0.84079	0.84087			6
2025.05.14	01:42:17.449	0.84086	0.84089			6
2025.05.14	01:42:23.762		0.84090			4
2025.05.14	01:42:25.400	0.84087				2
2025.05.14	01:42:28.712		0.84091			4
2025.05.14	01:42:45.468	0.84088	0.84092			6
2025.05.14	01:42:52.523	0.84087	0.84091			6
2025.05.14	01:42:53.134	0.84086				2
2025.05.14	01:43:00.019	0.84086				2
2025.05.14	01:43:03.473	0.84089	0.84093			6
2025.05.14	01:43:17.076	0.84090				2
2025.05.14	01:44:01.409	0.84090				2
2025.05.14	01:44:03.481		0.84093			4
2025.05.14	01:44:37.443	0.84091				2
2025.05.14	01:44:45.470	0.84090	0.84094			6
2025.05.14	01:44:46.223	0.84091				2
2025.05.14	01:44:46.935		0.84093			4
2025.05.14	01:44:56.936		0.84094			4
2025.05.14	01:45:03.939	0.84091				2
2025.05.14	01:45:08.539	0.84093	0.84099			6
2025.05.14	01:45:09.035	0.84091	0.84096			6
2025.05.14	01:45:09.797		0.84097			4
2025.05.14	01:45:10.302	0.84092	0.84096			6
2025.05.14	01:45:10.784	0.84091				2
2025.05.14	01:45:32.454	0.84093	0.84098			6
2025.05.14	01:45:32.829	0.84095				2
2025.05.14	01:45:34.218		0.84097			4
2025.05.14	01:46:01.371	0.84095				2
2025.05.14	01:46:35.697		0.84097			4
2025.05.14	01:46:54.280		0.84096			4
2025.05.14	01:47:02.681	0.84095				2
2025.05.14	01:47:32.254		0.84097			4
2025.05.14	01:48:01.687	0.84093	0.84096			6
2025.05.14	01:48:03.124	0.84094	0.84097			6
2025.05.14	01:48:08.114	0.84093				2
2025.05.14	01:48:19.357	0.84094				2
2025.05.14	01:48:46.278		0.84098			4
2025.05.14	01:48:52.769	0.84099	0.84100			6
2025.05.14	01:49:00.028	0.84099				2
2025.05.14	01:49:04.329		0.84101			4
2025.05.14	01:49:05.497	0.84100				2
2025.05.14	01:49:05.798		0.84103			4
2025.05.14	01:49:06.122		0.84104			4
2025.05.14	01:49:11.267	0.84101	0.84105			6
2025.05.14	01:49:43.957	0.84096	0.84100			6
2025.05.14	01:49:44.675	0.84099	0.84101			6
2025.05.14	01:49:53.634	0.84102	0.84106			6
2025.05.14	01:50:03.136	0.84102				2
2025.05.14	01:50:03.449	0.84103	0.84107			6
2025.05.14	01:50:03.771		0.84106			4
2025.05.14	01:50:10.899	0.84104	0.84107			6
2025.05.14	01:50:17.115	0.84102	0.84106			6
2025.05.14	01:50:18.096	0.84103				2
2025.05.14	01:50:34.759		0.84107			4
2025.05.14	01:50:37.663	0.84108	0.84109			6
2025.05.14	01:50:37.980	0.84109	0.84110			6
2025.05.14	01:50:38.350	0.84108	0.84111			6
2025.05.14	01:50:41.069	0.84109				2
2025.05.14	01:50:48.903	0.84108				2
2025.05.14	01:50:54.983	0.84109				2
2025.05.14	01:51:01.609	0.84109	0.84112			6
2025.05.14	01:51:11.802		0.84111			4
2025.05.14	01:51:13.436		0.84112			4
2025.05.14	01:51:17.129		0.84111			4
2025.05.14	01:51:27.088		0.84110			4
2025.05.14	01:51:30.743	0.84102				2
2025.05.14	01:51:31.691	0.84104	0.84105			6
2025.05.14	01:51:48.023	0.84103	0.84104			6
2025.05.14	01:51:51.781	0.84104	0.84105			6
2025.05.14	01:52:07.229	0.84104				2
2025.05.14	01:52:26.226	0.84103	0.84104			6
2025.05.14	01:52:28.489	0.84102	0.84103			6
2025.05.14	01:52:29.137	0.84103	0.84104			6
2025.05.14	01:52:33.668	0.84102	0.84111			6
2025.05.14	01:52:33.979	0.84106	0.84109			6
2025.05.14	01:52:34.740		0.84108			4
2025.05.14	01:52:36.352	0.84105				2
2025.05.14	01:52:45.318	0.84106	0.84109			6
2025.05.14	01:52:49.867	0.84104	0.84110			6
2025.05.14	01:52:51.153	0.84105	0.84108			6
2025.05.14	01:53:00.362	0.84105				2
2025.05.14	01:53:03.117		0.84107			4
2025.05.14	01:53:06.376	0.84100	0.84103			6
2025.05.14	01:53:09.909	0.84099				2
2025.05.14	01:53:12.168	0.84100				2
2025.05.14	01:53:14.879	0.84098				2
2025.05.14	01:53:15.199	0.84099				2
2025.05.14	01:53:21.594	0.84100	0.84102			6
2025.05.14	01:53:22.111	0.84099				2
2025.05.14	01:53:22.590	0.84098	0.84105			6
2025.05.14	01:53:23.244	0.84099				2
2025.05.14	01:53:29.667	0.84097	0.84103			6
2025.05.14	01:53:32.538	0.84098	0.84104			6
2025.05.14	01:53:35.852	0.84099	0.84105			6
2025.05.14	01:53:36.254	0.84098				2
2025.05.14	01:54:00.310	0.84098				2
2025.05.14	01:54:03.208		0.84104			4
2025.05.14	01:54:04.671		0.84105			4
2025.05.14	01:54:04.978		0.84106			4
2025.05.14	01:54:05.282	0.84100	0.84104			6
2025.05.14	01:54:05.758	0.84098	0.84106			6
2025.05.14	01:54:10.333	0.84099	0.84102			6
2025.05.14	01:54:10.822	0.84098	0.84104			6
2025.05.14	01:54:11.426		0.84103			4
2025.05.14	01:54:13.931	0.84099				2
2025.05.14	01:54:21.179	0.84098	0.84104			6
2025.05.14	01:54:29.287		0.84105			4
2025.05.14	01:54:29.666	0.84099	0.84102			6
2025.05.14	01:54:32.118	0.84098	0.84100			6
2025.05.14	01:54:32.528	0.84097				2
2025.05.14	01:54:32.841	0.84095				2
2025.05.14	01:54:33.605	0.84098	0.84101			6
2025.05.14	01:54:34.956	0.84097	0.84100			6
2025.05.14	01:54:36.658	0.84098	0.84101			6
2025.05.14	01:54:46.754	0.84097	0.84100			6
2025.05.14	01:54:47.346	0.84100	0.84102			6
2025.05.14	01:54:48.350	0.84099				2
2025.05.14	01:54:50.699		0.84104			4
2025.05.14	01:54:55.227	0.84100				2
2025.05.14	01:54:57.300		0.84103			4
2025.05.14	01:54:57.738		0.84104			4
2025.05.14	01:55:00.606	0.84100				2
2025.05.14	01:55:01.138		0.84103			4
2025.05.14	01:55:02.699	0.84099	0.84102			6
2025.05.14	01:55:15.878	0.84100	0.84103			6
2025.05.14	01:55:23.407	0.84099	0.84102			6
2025.05.14	01:55:33.443	0.84100	0.84103			6
2025.05.14	01:55:38.578	0.84099	0.84102			6
2025.05.14	01:55:50.596	0.84096	0.84099			6
2025.05.14	01:55:51.897	0.84097	0.84100			6
2025.05.14	01:55:53.687	0.84096				2
2025.05.14	01:55:53.998	0.84097				2
2025.05.14	01:55:59.937	0.84096	0.84098			6
2025.05.14	01:56:00.395	0.84096	0.84100			6
2025.05.14	01:56:00.698		0.84099			4
2025.05.14	01:56:02.383	0.84095	0.84100			6
2025.05.14	01:56:02.710	0.84096				2
2025.05.14	01:56:05.780	0.84097				2
2025.05.14	01:56:07.246	0.84095	0.84102			6
2025.05.14	01:56:12.678	0.84097	0.84100			6
2025.05.14	01:56:14.513	0.84094	0.84101			6
2025.05.14	01:56:15.281		0.84100			4
2025.05.14	01:56:17.762		0.84098			4
2025.05.14	01:56:18.122	0.84095				2
2025.05.14	01:56:19.010		0.84097			4
2025.05.14	01:56:20.408	0.84096	0.84102			6
2025.05.14	01:56:24.834		0.84101			4
2025.05.14	01:56:25.958		0.84099			4
2025.05.14	01:56:26.260	0.84097				2
2025.05.14	01:56:26.863		0.84100			4
2025.05.14	01:56:29.106	0.84096	0.84099			6
2025.05.14	01:56:39.743	0.84098	0.84101			6
2025.05.14	01:56:40.506		0.84100			4
2025.05.14	01:56:40.817	0.84097				2
2025.05.14	01:56:41.580	0.84098				2
2025.05.14	01:56:42.635	0.84097				2
2025.05.14	01:56:50.671	0.84095	0.84098			6
2025.05.14	01:57:03.511	0.84095				2
2025.05.14	01:57:04.582	0.84094	0.84097			6
2025.05.14	01:57:08.062	0.84093	0.84096			6
2025.05.14	01:57:12.723		0.84097			4
2025.05.14	01:57:14.171	0.84094				2
2025.05.14	01:57:15.019		0.84096			4
2025.05.14	01:57:18.946		0.84097			4
2025.05.14	01:57:20.071		0.84100			4
2025.05.14	01:57:21.270	0.84095	0.84101			6
2025.05.14	01:57:25.978		0.84099			4
2025.05.14	01:57:41.147	0.84094	0.84098			6
2025.05.14	01:57:42.404	0.84095				2
2025.05.14	01:57:46.684		0.84097			4
2025.05.14	01:57:47.231	0.84094				2
2025.05.14	01:58:00.131	0.84094				2
2025.05.14	01:58:06.468		0.84096			4
2025.05.14	01:58:16.952	0.84093				2
2025.05.14	01:58:20.096	0.84094				2
2025.05.14	01:58:23.007		0.84097			4
2025.05.14	01:58:30.105		0.84098			4
2025.05.14	01:58:33.417	0.84095				2
2025.05.14	01:58:37.398	0.84094	0.84097			6
2025.05.14	01:58:37.718	0.84095				2
2025.05.14	01:58:45.226	0.84096	0.84099			6
2025.05.14	01:58:47.759	0.84095	0.84098			6
2025.05.14	01:58:53.521	0.84099	0.84103			6
2025.05.14	01:58:53.829	0.84098	0.84101			6
2025.05.14	01:58:54.160		0.84100			4
2025.05.14	01:59:01.182	0.84098				2
2025.05.14	01:59:02.166		0.84101			4
2025.05.14	01:59:04.212	0.84099	0.84102			6
2025.05.14	01:59:04.584	0.84098	0.84101			6
2025.05.14	01:59:12.460		0.84102			4
2025.05.14	01:59:13.017		0.84101			4
2025.05.14	01:59:29.406	0.84099				2
2025.05.14	01:59:29.990		0.84102			4
2025.05.14	01:59:41.573	0.84098	0.84101			6
2025.05.14	01:59:44.785	0.84099	0.84102			6
2025.05.14	01:59:50.239	0.84098	0.84101			6
2025.05.14	02:00:00.096	0.84098				2
2025.05.14	02:00:02.434	0.84100				2
2025.05.14	02:00:06.366	0.84101	0.84103			6
2025.05.14	02:00:09.216	0.84103	0.84104			6
2025.05.14	02:00:10.308	0.84105	0.84107			6
2025.05.14	02:00:10.702		0.84106			4
2025.05.14	02:00:11.900		0.84107			4
2025.05.14	02:00:12.390	0.84104				2
2025.05.14	02:00:12.698	0.84105	0.84108			6
2025.05.14	02:00:13.931		0.84107			4
2025.05.14	02:00:15.194	0.84103	0.84106			6
2025.05.14	02:00:16.259	0.84106	0.84107			6
2025.05.14	02:00:17.338	0.84105	0.84106			6
2025.05.14	02:00:20.232		0.84107			4
2025.05.14	02:00:20.541		0.84106			4
2025.05.14	02:00:21.063	0.84106	0.84107			6
2025.05.14	02:00:21.373	0.84105				2
2025.05.14	02:00:22.171	0.84107	0.84108			6
2025.05.14	02:00:23.752	0.84106				2
2025.05.14	02:00:24.111	0.84108	0.84111			6
2025.05.14	02:00:24.468	0.84107	0.84110			6
2025.05.14	02:00:31.275	0.84108	0.84111			6
2025.05.14	02:00:31.585	0.84107	0.84110			6
2025.05.14	02:00:36.382		0.84108			4
2025.05.14	02:00:49.157	0.84110	0.84111			6
2025.05.14	02:00:49.993	0.84109	0.84110			6
2025.05.14	02:00:55.261	0.84105	0.84106			6
2025.05.14	02:00:55.597	0.84103	0.84105			6
2025.05.14	02:01:00.390	0.84103				2
2025.05.14	02:01:00.782		0.84106			4
2025.05.14	02:01:01.088		0.84105			4
2025.05.14	02:01:07.281	0.84105	0.84106			6
2025.05.14	02:01:12.588	0.84104				2
2025.05.14	02:01:14.419	0.84103	0.84105			6
2025.05.14	02:01:15.628	0.84104				2
2025.05.14	02:01:16.606	0.84101	0.84104			6
2025.05.14	02:01:16.946	0.84103	0.84105			6
2025.05.14	02:01:18.303	0.84102	0.84104			6
2025.05.14	02:01:18.619		0.84105			4
2025.05.14	02:01:41.601	0.84104	0.84106			6
2025.05.14	02:01:41.948	0.84105				2
2025.05.14	02:01:59.972	0.84107	0.84108			6
2025.05.14	02:02:00.493	0.84107				2
2025.05.14	02:02:21.062	0.84106	0.84107			6
2025.05.14	02:02:31.369	0.84107	0.84108			6
2025.05.14	02:02:31.675	0.84106	0.84107			6
2025.05.14	02:03:00.163	0.84106				2
2025.05.14	02:03:00.543	0.84107	0.84108			6
2025.05.14	02:04:00.399	0.84107				2
2025.05.14	02:04:02.390		0.84108			4
2025.05.14	02:04:23.434	0.84108	0.84109			6
2025.05.14	02:04:24.386	0.84100	0.84103			6
2025.05.14	02:04:24.695	0.84101				2
2025.05.14	02:04:26.388	0.84099	0.84102			6
2025.05.14	02:04:26.728	0.84100				2
2025.05.14	02:04:27.279	0.84099				2
2025.05.14	02:04:28.342		0.84104			4
2025.05.14	02:04:30.833		0.84102			4
2025.05.14	02:04:35.951	0.84100				2
2025.05.14	02:04:36.779	0.84099				2
2025.05.14	02:04:52.393	0.84101	0.84103			6
2025.05.14	02:04:56.466	0.84099	0.84102			6
2025.05.14	02:05:00.370	0.84099				2
2025.05.14	02:05:06.910	0.84100				2
2025.05.14	02:05:18.896	0.84097	0.84101			6
2025.05.14	02:05:19.199	0.84098	0.84100			6
2025.05.14	02:05:19.960	0.84097				2
2025.05.14	02:05:20.356	0.84099				2
2025.05.14	02:05:21.470	0.84100	0.84101			6
2025.05.14	02:05:22.712	0.84098				2
2025.05.14	02:05:23.020	0.84097	0.84100			6
2025.05.14	02:05:23.898	0.84098				2
2025.05.14	02:05:24.367		0.84099			4
2025.05.14	02:05:32.745		0.84100			4
2025.05.14	02:05:38.137		0.84099			4
2025.05.14	02:05:38.445	0.84099	0.84100			6
2025.05.14	02:05:38.826	0.84098	0.84099			6
2025.05.14	02:05:40.306	0.84099	0.84100			6
2025.05.14	02:05:57.371	0.84098				2
2025.05.14	02:05:58.239	0.84097				2
2025.05.14	02:06:00.405	0.84097				2
2025.05.14	02:06:02.344	0.84098	0.84099			6
2025.05.14	02:06:02.651	0.84100	0.84101			6
2025.05.14	02:06:04.345	0.84098	0.84099			6
2025.05.14	02:06:08.974	0.84097				2
2025.05.14	02:06:19.976	0.84098				2
2025.05.14	02:06:21.878	0.84097				2
2025.05.14	02:06:24.147	0.84099	0.84100			6
2025.05.14	02:06:24.505	0.84097	0.84099			6
2025.05.14	02:06:24.985	0.84098				2
2025.05.14	02:06:29.733	0.84099	0.84100			6
2025.05.14	02:06:41.211	0.84097				2
2025.05.14	02:06:57.881	0.84096	0.84099			6
2025.05.14	02:07:00.070	0.84095	0.84097			6
2025.05.14	02:07:03.998		0.84096			4
2025.05.14	02:07:06.190	0.84093				2
2025.05.14	02:07:06.589	0.84094	0.84097			6
2025.05.14	02:07:11.028		0.84096			4
2025.05.14	02:07:13.161	0.84095	0.84097			6
2025.05.14	02:07:14.592		0.84098			4
2025.05.14	02:07:18.009		0.84097			4
2025.05.14	02:07:23.456		0.84098			4
2025.05.14	02:07:23.872		0.84097			4
2025.05.14	02:07:30.365	0.84096				2
2025.05.14	02:07:33.337	0.84092	0.84095			6
2025.05.14	02:07:34.345	0.84093				2
2025.05.14	02:07:34.660	0.84092				2
2025.05.14	02:07:40.857	0.84093	0.84094			6
2025.05.14	02:07:45.882		0.84095			4
2025.05.14	02:07:50.453	0.84092	0.84094			6
2025.05.14	02:07:59.383		0.84095			4
2025.05.14	02:08:00.596	0.84092				2
2025.05.14	02:08:04.261	0.84090	0.84093			6
2025.05.14	02:08:10.452	0.84089	0.84092			6
2025.05.14	02:08:11.724	0.84092	0.84094			6
2025.05.14	02:08:12.352	0.84091				2
2025.05.14	02:08:18.573	0.84094	0.84097			6
2025.05.14	02:08:23.156	0.84095	0.84098			6
2025.05.14	02:08:25.159	0.84094				2
2025.05.14	02:08:28.198		0.84097			4
2025.05.14	02:08:32.410		0.84100			4
2025.05.14	02:08:32.756	0.84095	0.84097			6
2025.05.14	02:08:34.822	0.84094				2
2025.05.14	02:08:42.954	0.84096	0.84098			6
2025.05.14	02:08:43.258	0.84095				2
2025.05.14	02:08:45.489	0.84098	0.84100			6
2025.05.14	02:08:45.795	0.84099				2
2025.05.14	02:08:49.940	0.84097				2
2025.05.14	02:08:50.244		0.84099			4
2025.05.14	02:08:50.558		0.84100			4
2025.05.14	02:08:56.061	0.84098				2
2025.05.14	02:09:00.349	0.84098				2
2025.05.14	02:09:09.035	0.84099				2
2025.05.14	02:09:22.393	0.84098	0.84101			6
2025.05.14	02:09:22.716	0.84097	0.84100			6
2025.05.14	02:09:30.984	0.84096	0.84099			6
2025.05.14	02:09:34.182	0.84095				2
2025.05.14	02:09:42.006	0.84097	0.84101			6
2025.05.14	02:09:43.429		0.84100			4
2025.05.14	02:09:46.653		0.84099			4
2025.05.14	02:09:58.103	0.84095	0.84101			6
2025.05.14	02:09:58.421		0.84100			4
2025.05.14	02:10:00.026	0.84095				2
2025.05.14	02:10:01.000		0.84101			4
2025.05.14	02:10:01.592		0.84100			4
2025.05.14	02:10:02.142		0.84101			4
2025.05.14	02:10:02.581	0.84098				2
2025.05.14	02:10:02.886	0.84099				2
2025.05.14	02:10:03.220		0.84102			4
2025.05.14	02:10:05.539	0.84098	0.84100			6
2025.05.14	02:10:05.857	0.84099				2
2025.05.14	02:10:06.166	0.84101	0.84102			6
2025.05.14	02:10:08.822	0.84099	0.84100			6
2025.05.14	02:10:10.319	0.84098				2
2025.05.14	02:10:28.636	0.84096	0.84098			6
2025.05.14	02:10:28.941	0.84095				2
2025.05.14	02:10:35.443	0.84096	0.84099			6
2025.05.14	02:10:38.950		0.84100			4
2025.05.14	02:10:41.633		0.84099			4
2025.05.14	02:10:42.294	0.84094	0.84097			6
2025.05.14	02:10:42.602	0.84092	0.84096			6
2025.05.14	02:10:43.261	0.84093				2
2025.05.14	02:10:45.621	0.84092				2
2025.05.14	02:10:47.332	0.84093				2
2025.05.14	02:10:47.832	0.84094	0.84097			6
2025.05.14	02:10:48.340	0.84093	0.84096			6
2025.05.14	02:10:53.251	0.84094	0.84097			6
2025.05.14	02:11:01.280	0.84094				2
2025.05.14	02:11:01.594	0.84093	0.84096			6
2025.05.14	02:11:23.615	0.84094	0.84097			6
2025.05.14	02:11:28.917	0.84096				2
2025.05.14	02:11:34.293	0.84094				2
2025.05.14	02:11:34.942	0.84096	0.84099			6
2025.05.14	02:11:36.417		0.84098			4
2025.05.14	02:11:48.677		0.84099			4
2025.05.14	02:11:49.004		0.84097			4
2025.05.14	02:11:50.468	0.84094				2
2025.05.14	02:12:00.205	0.84094				2
2025.05.14	02:12:02.172	0.84093	0.84095			6
2025.05.14	02:12:17.060	0.84092	0.84094			6
2025.05.14	02:12:17.482	0.84091	0.84095			6
2025.05.14	02:12:18.046		0.84094			4
2025.05.14	02:12:27.373	0.84092	0.84095			6
2025.05.14	02:12:28.218	0.84089				2
2025.05.14	02:12:30.432	0.84090	0.84093			6
2025.05.14	02:12:31.393	0.84091	0.84094			6
2025.05.14	02:12:34.163		0.84093			4
2025.05.14	02:12:35.194		0.84094			4
2025.05.14	02:12:40.812	0.84092	0.84095			6
2025.05.14	02:12:45.217	0.84091	0.84094			6
2025.05.14	02:12:45.527		0.84095			4
2025.05.14	02:12:47.224	0.84092				2
2025.05.14	02:12:48.492	0.84091	0.84094			6
2025.05.14	02:13:03.986	0.84091				2
2025.05.14	02:13:18.628		0.84095			4
2025.05.14	02:13:24.988	0.84090	0.84094			6
2025.05.14	02:13:27.001	0.84091				2
2025.05.14	02:13:32.412	0.84092				2
2025.05.14	02:13:34.351	0.84091				2
2025.05.14	02:13:44.692	0.84092				2
2025.05.14	02:13:45.871	0.84091				2
2025.05.14	02:14:00.624	0.84091				2
2025.05.14	02:14:01.399	0.84090				2
2025.05.14	02:14:02.156	0.84091	0.84095			6
2025.05.14	02:14:02.474		0.84094			4
2025.05.14	02:14:06.887	0.84092	0.84095			6
2025.05.14	02:14:20.415		0.84094			4
2025.05.14	02:14:21.805	0.84090	0.84095			6
2025.05.14	02:14:23.794	0.84091	0.84094			6
2025.05.14	02:14:24.420	0.84090	0.84095			6
2025.05.14	02:14:27.895	0.84091	0.84096			6
2025.05.14	02:14:31.064		0.84095			4
2025.05.14	02:14:33.936	0.84092				2
2025.05.14	02:14:50.853	0.84091				2
2025.05.14	02:14:51.258	0.84092				2
2025.05.14	02:14:56.077	0.84091				2
2025.05.14	02:14:58.046	0.84092				2
2025.05.14	02:15:00.353	0.84092				2
2025.05.14	02:15:06.568	0.84093				2
2025.05.14	02:15:14.772	0.84091	0.84094			6
2025.05.14	02:15:15.081	0.84092				2
2025.05.14	02:15:21.374	0.84091				2
2025.05.14	02:15:22.592	0.84092				2
2025.05.14	02:15:32.565	0.84089	0.84093			6
2025.05.14	02:15:33.292	0.84091				2
2025.05.14	02:15:34.172	0.84089	0.84090			6
2025.05.14	02:15:34.480	0.84088	0.84091			6
2025.05.14	02:15:44.614	0.84089				2
2025.05.14	02:15:50.150	0.84088	0.84090			6
2025.05.14	02:15:50.459	0.84087				2
2025.05.14	02:15:54.196	0.84089	0.84091			6
2025.05.14	02:15:54.532	0.84088				2
2025.05.14	02:15:56.429	0.84087	0.84090			6
2025.05.14	02:15:56.849	0.84088				2
2025.05.14	02:15:57.236	0.84089				2
2025.05.14	02:16:01.012	0.84089				2
2025.05.14	02:16:06.712		0.84092			4
2025.05.14	02:16:07.124	0.84090				2
2025.05.14	02:16:09.096		0.84093			4
2025.05.14	02:16:10.615	0.84091				2
2025.05.14	02:16:10.919	0.84090				2
2025.05.14	02:16:17.356		0.84092			4
2025.05.14	02:16:22.382	0.84089				2
2025.05.14	02:16:28.121	0.84092	0.84095			6
2025.05.14	02:16:28.430	0.84093	0.84096			6
2025.05.14	02:16:31.568		0.84095			4
2025.05.14	02:16:40.511		0.84096			4
2025.05.14	02:16:41.589		0.84095			4
2025.05.14	02:16:42.433	0.84092	0.84096			6
2025.05.14	02:16:42.952	0.84090	0.84094			6
2025.05.14	02:16:49.684	0.84089	0.84093			6
2025.05.14	02:16:50.842	0.84090				2
2025.05.14	02:16:52.496	0.84093	0.84095			6
2025.05.14	02:16:52.840	0.84091				2
2025.05.14	02:17:01.386	0.84091	0.84094			6
2025.05.14	02:17:11.625	0.84093	0.84095			6
2025.05.14	02:17:21.738	0.84091				2
2025.05.14	02:17:33.778		0.84094			4
2025.05.14	02:17:34.932	0.84089	0.84093			6
2025.05.14	02:17:43.689		0.84092			4
2025.05.14	02:17:48.200		0.84091			4
2025.05.14	02:17:51.300	0.84090	0.84093			6
2025.05.14	02:17:52.033		0.84092			4
2025.05.14	02:17:52.656		0.84093			4
2025.05.14	02:17:55.393		0.84094			4
2025.05.14	02:17:56.207	0.84091				2
2025.05.14	02:17:57.251	0.84095	0.84097			6
2025.05.14	02:17:59.824	0.84093	0.84096			6
2025.05.14	02:18:00.349	0.84093				2
2025.05.14	02:18:00.868	0.84094	0.84097			6
2025.05.14	02:18:02.339	0.84095				2
2025.05.14	02:18:23.232	0.84094				2
2025.05.14	02:18:49.385	0.84092	0.84095			6
2025.05.14	02:18:57.416	0.84093				2
2025.05.14	02:18:58.587	0.84094	0.84097			6
2025.05.14	02:19:00.339	0.84095				2
2025.05.14	02:19:00.667		0.84098			4
2025.05.14	02:19:03.233	0.84096	0.84099			6
2025.05.14	02:19:04.269	0.84097	0.84100			6
2025.05.14	02:19:08.373		0.84099			4
2025.05.14	02:19:10.611		0.84100			4
2025.05.14	02:19:17.797		0.84099			4
2025.05.14	02:19:24.339		0.84100			4
2025.05.14	02:19:28.967	0.84096	0.84099			6
2025.05.14	02:19:36.478	0.84097				2
2025.05.14	02:19:44.477		0.84100			4
2025.05.14	02:19:49.592	0.84094	0.84096			6
2025.05.14	02:19:53.841	0.84093				2
2025.05.14	02:19:54.156	0.84092				2
2025.05.14	02:19:56.271	0.84096	0.84098			6
2025.05.14	02:19:56.892		0.84099			4
2025.05.14	02:19:59.172		0.84098			4
2025.05.14	02:20:00.092	0.84096				2
2025.05.14	02:20:05.369		0.84099			4
2025.05.14	02:20:08.726		0.84098			4
2025.05.14	02:20:49.194	0.84095	0.84097			6
2025.05.14	02:20:49.537	0.84094				2
2025.05.14	02:20:58.238	0.84097	0.84100			6
2025.05.14	02:21:02.342	0.84097				2
2025.05.14	02:21:13.582	0.84098	0.84101			6
2025.05.14	02:21:13.968	0.84097	0.84100			6
2025.05.14	02:21:25.105	0.84096	0.84099			6
2025.05.14	02:21:26.322	0.84097	0.84100			6
2025.05.14	02:21:31.244	0.84098				2
2025.05.14	02:21:35.859	0.84099	0.84101			6
2025.05.14	02:22:01.460	0.84099				2
2025.05.14	02:22:03.193	0.84097	0.84100			6
2025.05.14	02:22:55.383	0.84099	0.84101			6
2025.05.14	02:23:03.582	0.84099				2
2025.05.14	02:23:03.977	0.84098				2
2025.05.14	02:23:19.556	0.84099				2
2025.05.14	02:23:35.410	0.84096	0.84098			6
2025.05.14	02:23:35.719	0.84094				2
2025.05.14	02:23:36.068	0.84095				2
2025.05.14	02:23:36.437	0.84096				2
2025.05.14	02:23:39.524	0.84093	0.84096			6
2025.05.14	02:23:40.195		0.84095			4
2025.05.14	02:23:40.568	0.84096	0.84099			6
2025.05.14	02:23:42.346		0.84098			4
2025.05.14	02:23:46.654	0.84095				2
2025.05.14	02:23:48.944	0.84094	0.84096			6
2025.05.14	02:23:58.011	0.84093	0.84095			6
2025.05.14	02:23:58.567		0.84094			4
2025.05.14	02:24:01.621	0.84092	0.84095			6
2025.05.14	02:24:07.482		0.84094			4
2025.05.14	02:24:08.211		0.84093			4
2025.05.14	02:24:15.491	0.84093	0.84096			6
2025.05.14	02:24:17.012		0.84095			4
2025.05.14	02:24:18.148	0.84092				2
2025.05.14	02:24:19.583		0.84096			4
2025.05.14	02:24:19.899		0.84095			4
2025.05.14	02:24:20.710		0.84096			4
2025.05.14	02:24:22.343	0.84090	0.84093			6
2025.05.14	02:24:30.456		0.84092			4
2025.05.14	02:24:33.602		0.84093			4
2025.05.14	02:24:33.936		0.84092			4
2025.05.14	02:24:35.372	0.84089				2
2025.05.14	02:24:38.181	0.84088	0.84091			6
2025.05.14	02:24:39.588	0.84089	0.84092			6
2025.05.14	02:24:40.235	0.84087	0.84090			6
2025.05.14	02:24:41.204	0.84088	0.84091			6
2025.05.14	02:24:42.231		0.84090			4
2025.05.14	02:24:46.374	0.84087				2
2025.05.14	02:24:58.482	0.84086	0.84089			6
2025.05.14	02:25:00.362	0.84086				2
2025.05.14	02:25:22.761		0.84090			4
2025.05.14	02:25:39.553		0.84089			4
2025.05.14	02:25:40.423	0.84085	0.84088			6
2025.05.14	02:25:40.803	0.84086	0.84089			6
2025.05.14	02:25:41.208	0.84085	0.84087			6
2025.05.14	02:25:45.366	0.84084				2
2025.05.14	02:25:47.294	0.84087	0.84090			6
2025.05.14	02:25:48.281	0.84090	0.84092			6
2025.05.14	02:25:48.602	0.84089	0.84091			6
2025.05.14	02:25:49.213		0.84092			4
2025.05.14	02:25:57.303		0.84091			4
2025.05.14	02:26:00.267	0.84088				2
2025.05.14	02:26:03.059	0.84087	0.84089			6
2025.05.14	02:26:07.872		0.84090			4
2025.05.14	02:26:21.886	0.84086	0.84089			6
2025.05.14	02:26:29.484	0.84087	0.84090			6
2025.05.14	02:26:29.991	0.84088	0.84091			6
2025.05.14	02:26:35.261	0.84090	0.84093			6
2025.05.14	02:26:38.472	0.84091				2
2025.05.14	02:27:00.421	0.84091				2
2025.05.14	02:27:13.447		0.84094			4
2025.05.14	02:27:13.851	0.84092				2
2025.05.14	02:27:22.783	0.84091				2
2025.05.14	02:27:23.362	0.84092				2
2025.05.14	02:27:27.294		0.84093			4
2025.05.14	02:27:34.050		0.84094			4
2025.05.14	02:27:34.752	0.84091				2
2025.05.14	02:27:39.320	0.84092				2
2025.05.14	02:27:40.692		0.84095			4
2025.05.14	02:27:42.091	0.84093				2
2025.05.14	02:28:00.397	0.84093				2
2025.05.14	02:28:04.723	0.84092				2
2025.05.14	02:28:08.256	0.84093	0.84096			6
2025.05.14	02:28:13.798	0.84094				2
2025.05.14	02:28:26.305	0.84096	0.84098			6
2025.05.14	02:28:49.046		0.84097			4
2025.05.14	02:28:49.852		0.84098			4
2025.05.14	02:28:51.982		0.84099			4
2025.05.14	02:28:55.712	0.84097	0.84100			6
2025.05.14	02:28:56.717	0.84099				2
2025.05.14	02:29:00.349	0.84099				2
2025.05.14	02:29:02.464	0.84098				2
2025.05.14	02:29:06.327	0.84097				2
2025.05.14	02:29:18.450	0.84098				2
2025.05.14	02:29:54.574		0.84101			4
2025.05.14	02:30:00.633	0.84098				2
2025.05.14	02:30:01.516	0.84093	0.84096			6
2025.05.14	02:30:06.282	0.84092	0.84095			6
2025.05.14	02:30:18.617	0.84093				2
2025.05.14	02:30:28.267	0.84092	0.84094			6
2025.05.14	02:30:29.420	0.84091				2
2025.05.14	02:30:29.774		0.84093			4
2025.05.14	02:30:30.338	0.84092				2
2025.05.14	02:30:31.194	0.84091	0.84092			6
2025.05.14	02:30:34.952	0.84089	0.84090			6
2025.05.14	02:30:39.252		0.84092			4
2025.05.14	02:30:49.465	0.84090				2
2025.05.14	02:31:01.133	0.84089				2
2025.05.14	02:31:04.481	0.84091	0.84093			6
2025.05.14	02:31:04.799	0.84094	0.84096			6
2025.05.14	02:31:05.105		0.84097			4
2025.05.14	02:31:07.617	0.84093	0.84096			6
2025.05.14	02:31:11.348	0.84094	0.84097			6
2025.05.14	02:31:23.192	0.84095	0.84098			6
2025.05.14	02:31:23.546	0.84094	0.84097			6
2025.05.14	02:31:40.278	0.84095	0.84098			6
2025.05.14	02:31:40.813	0.84094	0.84097			6
2025.05.14	02:31:41.261	0.84096	0.84099			6
2025.05.14	02:31:43.021		0.84098			4
2025.05.14	02:31:53.365	0.84097	0.84100			6
2025.05.14	02:32:01.784	0.84096	0.84099			6
2025.05.14	02:32:27.781	0.84097	0.84100			6
2025.05.14	02:32:42.280		0.84099			4
2025.05.14	02:32:49.248		0.84100			4
2025.05.14	02:32:52.687		0.84099			4
2025.05.14	02:33:00.539	0.84097				2
2025.05.14	02:33:04.408	0.84094	0.84097			6
2025.05.14	02:33:05.076	0.84095				2
2025.05.14	02:33:14.409	0.84094				2
2025.05.14	02:33:20.754	0.84095				2
2025.05.14	02:33:33.455	0.84093	0.84096			6
2025.05.14	02:33:53.676		0.84095			4
2025.05.14	02:34:00.607	0.84093				2
2025.05.14	02:34:02.392		0.84096			4
2025.05.14	02:34:04.852	0.84092	0.84095			6
2025.05.14	02:34:13.093	0.84094	0.84097			6
2025.05.14	02:34:13.460	0.84095				2
2025.05.14	02:34:21.773		0.84098			4
2025.05.14	02:34:22.133	0.84097	0.84100			6
2025.05.14	02:34:23.109	0.84100	0.84101			6
2025.05.14	02:34:39.002	0.84096	0.84099			6
2025.05.14	02:34:44.430	0.84095	0.84098			6
2025.05.14	02:35:03.193	0.84095				2
2025.05.14	02:35:34.948		0.84097			4
2025.05.14	02:35:42.553	0.84094				2
2025.05.14	02:35:46.379	0.84095	0.84098			6
2025.05.14	02:35:52.837	0.84096				2
2025.05.14	02:35:55.420	0.84095				2
2025.05.14	02:36:01.184	0.84095				2
2025.05.14	02:36:01.638	0.84093	0.84096			6
2025.05.14	02:36:02.111	0.84092	0.84095			6
2025.05.14	02:36:11.815		0.84094			4
2025.05.14	02:36:13.916	0.84094	0.84097			6
2025.05.14	02:36:14.669	0.84093	0.84096			6
2025.05.14	02:36:22.138	0.84092	0.84095			6
2025.05.14	02:36:24.871		0.84094			4
2025.05.14	02:36:25.945		0.84095			4
2025.05.14	02:36:26.261	0.84093	0.84096			6
2025.05.14	02:36:30.039		0.84095			4
2025.05.14	02:36:33.508	0.84092				2
2025.05.14	02:36:46.810	0.84093	0.84096			6
2025.05.14	02:37:01.482	0.84093				2
2025.05.14	02:37:09.580		0.84095			4
2025.05.14	02:37:12.399	0.84092				2
2025.05.14	02:37:12.758	0.84093				2
2025.05.14	02:37:29.093	0.84092				2
2025.05.14	02:37:29.615	0.84093				2
2025.05.14	02:37:37.309		0.84096			4
2025.05.14	02:37:47.490	0.84094	0.84097			6
2025.05.14	02:37:48.952	0.84093	0.84096			6
2025.05.14	02:37:56.218		0.84095			4
2025.05.14	02:37:59.271		0.84096			4
2025.05.14	02:38:00.040	0.84092	0.84095			6
2025.05.14	02:38:07.246		0.84094			4
2025.05.14	02:38:13.510	0.84093				2
2025.05.14	02:38:17.381	0.84092				2
2025.05.14	02:38:17.707	0.84091				2
2025.05.14	02:38:25.871	0.84092				2
2025.05.14	02:38:48.984		0.84095			4
2025.05.14	02:38:54.013	0.84091	0.84093			6
2025.05.14	02:38:55.137		0.84094			4
2025.05.14	02:38:55.807	0.84092				2
2025.05.14	02:38:57.349	0.84089	0.84091			6
2025.05.14	02:38:57.664	0.84088				2
2025.05.14	02:38:58.345		0.84090			4
2025.05.14	02:38:58.650	0.84089	0.84092			6
2025.05.14	02:39:00.318	0.84089				2
2025.05.14	02:39:05.019		0.84091			4
2025.05.14	02:39:05.651		0.84092			4
2025.05.14	02:39:22.924	0.84091	0.84094			6
2025.05.14	02:39:23.836	0.84092	0.84095			6
2025.05.14	02:39:58.049		0.84094			4
2025.05.14	02:40:00.385	0.84092				2
2025.05.14	02:40:09.378		0.84095			4
2025.05.14	02:40:22.543	0.84091	0.84094			6
2025.05.14	02:40:26.423	0.84092				2
2025.05.14	02:40:46.796	0.84093	0.84096			6
2025.05.14	02:40:49.011		0.84095			4
2025.05.14	02:41:00.444	0.84093				2
2025.05.14	02:41:08.403	0.84092	0.84094			6
2025.05.14	02:41:14.517	0.84091				2
2025.05.14	02:41:15.028	0.84092				2
2025.05.14	02:41:23.502	0.84089	0.84091			6
2025.05.14	02:41:28.346		0.84092			4
2025.05.14	02:41:28.957	0.84090				2
2025.05.14	02:41:29.902	0.84089				2
2025.05.14	02:41:31.576	0.84090				2
2025.05.14	02:41:39.737		0.84093			4
2025.05.14	02:41:40.391		0.84092			4
2025.05.14	02:41:47.501		0.84093			4
2025.05.14	02:41:51.845	0.84091				2
2025.05.14	02:41:53.820	0.84090				2
2025.05.14	02:41:57.377		0.84092			4
2025.05.14	02:42:00.533	0.84090				2
2025.05.14	02:42:11.772	0.84088	0.84091			6
2025.05.14	02:42:18.213		0.84090			4
2025.05.14	02:42:18.545	0.84087				2
2025.05.14	02:42:18.851	0.84089	0.84092			6
2025.05.14	02:42:25.712	0.84088	0.84091			6
2025.05.14	02:42:34.305	0.84089				2
2025.05.14	02:42:41.624	0.84088				2
2025.05.14	02:42:51.899	0.84087				2
2025.05.14	02:42:52.262	0.84088				2
2025.05.14	02:42:55.651	0.84089				2
2025.05.14	02:43:00.104	0.84089				2
2025.05.14	02:43:01.277	0.84088				2
2025.05.14	02:43:25.882		0.84091			4
2025.05.14	02:43:37.309	0.84087				2
2025.05.14	02:43:37.611		0.84090			4
2025.05.14	02:43:55.226	0.84088				2
2025.05.14	02:44:00.407	0.84088				2
2025.05.14	02:44:11.842		0.84091			4
2025.05.14	02:44:17.257	0.84086	0.84089			6
2025.05.14	02:44:17.872	0.84085				2
2025.05.14	02:44:22.186	0.84084	0.84087			6
2025.05.14	02:44:22.791	0.84085	0.84088			6
2025.05.14	02:44:38.197	0.84087	0.84090			6
2025.05.14	02:44:56.426		0.84089			4
2025.05.14	02:45:01.099	0.84087	0.84090			6
2025.05.14	02:45:02.164		0.84088			4
2025.05.14	02:45:03.164		0.84090			4
2025.05.14	02:45:11.356	0.84088				2
2025.05.14	02:45:15.172	0.84087				2
2025.05.14	02:45:15.637	0.84088	0.84091			6
2025.05.14	02:45:24.484		0.84090			4
2025.05.14	02:45:25.021		0.84091			4
2025.05.14	02:45:40.557		0.84090			4
2025.05.14	02:45:48.839	0.84087	0.84089			6
2025.05.14	02:45:49.939		0.84090			4
2025.05.14	02:45:51.974	0.84088				2
2025.05.14	02:45:53.450	0.84087	0.84089			6
2025.05.14	02:45:56.346	0.84088	0.84090			6
2025.05.14	02:45:56.662	0.84089	0.84091			6
2025.05.14	02:45:58.154	0.84090				2
2025.05.14	02:45:58.472	0.84089				2
2025.05.14	02:45:59.027	0.84088				2
2025.05.14	02:46:00.531	0.84088				2
2025.05.14	02:46:01.745	0.84090	0.84092			6
2025.05.14	02:46:02.052	0.84091	0.84094			6
2025.05.14	02:46:02.424	0.84089	0.84091			6
2025.05.14	02:46:02.744	0.84088				2
2025.05.14	02:46:07.217		0.84090			4
2025.05.14	02:46:09.982	0.84087				2
2025.05.14	02:46:18.879	0.84088	0.84091			6
2025.05.14	02:46:19.242	0.84087	0.84090			6
2025.05.14	02:46:23.292	0.84090	0.84093			6
2025.05.14	02:46:23.598	0.84091	0.84094			6
2025.05.14	02:46:26.630	0.84092	0.84095			6
2025.05.14	02:46:26.989	0.84091	0.84093			6
2025.05.14	02:46:29.252	0.84093	0.84096			6
2025.05.14	02:46:44.061		0.84095			4
2025.05.14	02:46:45.816		0.84096			4
2025.05.14	02:46:56.440	0.84088	0.84091			6
2025.05.14	02:46:56.769	0.84089				2
2025.05.14	02:47:01.056	0.84089				2
2025.05.14	02:47:04.993	0.84090	0.84092			6
2025.05.14	02:47:13.620	0.84089				2
2025.05.14	02:47:14.345	0.84087	0.84089			6
2025.05.14	02:47:14.683		0.84090			4
2025.05.14	02:47:16.351	0.84088				2
2025.05.14	02:47:22.009	0.84087				2
2025.05.14	02:47:28.963	0.84086				2
2025.05.14	02:47:30.691	0.84087				2
2025.05.14	02:47:34.491	0.84086				2
2025.05.14	02:47:37.917	0.84085	0.84089			6
2025.05.14	02:47:38.422	0.84084	0.84086			6
2025.05.14	02:47:38.976	0.84086	0.84087			6
2025.05.14	02:47:39.330	0.84085	0.84086			6
2025.05.14	02:47:43.770	0.84084				2
2025.05.14	02:47:51.847		0.84085			4
2025.05.14	02:47:52.690		0.84087			4
2025.05.14	02:47:53.028	0.84085				2
2025.05.14	02:47:54.281	0.84086	0.84089			6
2025.05.14	02:47:56.156		0.84090			4
2025.05.14	02:47:56.468	0.84087				2
2025.05.14	02:48:00.764	0.84086				2
2025.05.14	02:48:02.156	0.84083	0.84086			6
2025.05.14	02:48:14.674	0.84084	0.84087			6
2025.05.14	02:48:15.841	0.84083				2
2025.05.14	02:48:16.547	0.84084				2
2025.05.14	02:48:25.109	0.84083	0.84086			6
2025.05.14	02:48:35.231	0.84080	0.84083			6
2025.05.14	02:48:35.541	0.84082	0.84085			6
2025.05.14	02:48:35.901	0.84083				2
2025.05.14	02:48:42.972	0.84082	0.84084			6
2025.05.14	02:48:43.557	0.84081				2
2025.05.14	02:48:50.262	0.84083	0.84086			6
2025.05.14	02:48:50.649	0.84084				2
2025.05.14	02:49:00.314	0.84084				2
2025.05.14	02:49:10.645	0.84082	0.84084			6
2025.05.14	02:49:12.108	0.84081				2
2025.05.14	02:49:12.416	0.84082				2
2025.05.14	02:49:13.376	0.84083	0.84086			6
2025.05.14	02:49:18.639	0.84084				2
2025.05.14	02:49:38.566	0.84083				2
2025.05.14	02:49:47.266	0.84085	0.84088			6
2025.05.14	02:49:47.867	0.84086				2
2025.05.14	02:49:48.244		0.84089			4
2025.05.14	02:49:48.587		0.84088			4
2025.05.14	02:49:55.505	0.84085				2
2025.05.14	02:49:56.070	0.84086				2
2025.05.14	02:49:56.527	0.84085				2
2025.05.14	02:50:00.362	0.84085				2
2025.05.14	02:50:02.455		0.84087			4
2025.05.14	02:50:08.133		0.84088			4
2025.05.14	02:50:11.095		0.84086			4
2025.05.14	02:50:16.314	0.84084				2
2025.05.14	02:50:18.818	0.84085				2
2025.05.14	02:50:19.217		0.84087			4
2025.05.14	02:50:26.174	0.84084	0.84086			6
2025.05.14	02:50:26.481	0.84082	0.84085			6
2025.05.14	02:50:28.286	0.84078	0.84083			6
2025.05.14	02:50:28.603	0.84081	0.84084			6
2025.05.14	02:50:36.294	0.84082				2
2025.05.14	02:50:37.372	0.84083	0.84086			6
2025.05.14	02:50:37.681	0.84081				2
2025.05.14	02:50:38.011	0.84082				2
2025.05.14	02:50:43.202	0.84083				2
2025.05.14	02:50:46.366	0.84084	0.84088			6
2025.05.14	02:50:46.738	0.84085				2
2025.05.14	02:50:47.510	0.84084	0.84087			6
2025.05.14	02:50:48.951	0.84082				2
2025.05.14	02:50:50.775	0.84081	0.84086			6
2025.05.14	02:50:56.819	0.84080				2
2025.05.14	02:51:04.058	0.84081				2
2025.05.14	02:51:10.229	0.84083				2
2025.05.14	02:51:11.140		0.84087			4
2025.05.14	02:51:11.924		0.84086			4
2025.05.14	02:51:14.925	0.84082				2
2025.05.14	02:51:24.366	0.84085	0.84088			6
2025.05.14	02:51:33.304	0.84086				2
2025.05.14	02:51:37.330	0.84085				2
2025.05.14	02:51:45.587		0.84087			4
2025.05.14	02:51:52.746	0.84084				2
2025.05.14	02:51:57.679	0.84083	0.84086			6
2025.05.14	02:52:00.355	0.84083				2
2025.05.14	02:52:03.362	0.84086	0.84090			6
2025.05.14	02:52:05.117	0.84085	0.84088			6
2025.05.14	02:52:08.796	0.84086				2
2025.05.14	02:52:13.038	0.84087				2
2025.05.14	02:52:14.973	0.84086	0.84089			6
2025.05.14	02:52:17.277	0.84087	0.84090			6
2025.05.14	02:52:18.964		0.84089			4
2025.05.14	02:52:27.953		0.84090			4
2025.05.14	02:52:30.310	0.84088				2
2025.05.14	02:52:34.025	0.84086	0.84089			6
2025.05.14	02:52:34.369	0.84087	0.84090			6
2025.05.14	02:52:38.217		0.84089			4
2025.05.14	02:52:38.526	0.84086				2
2025.05.14	02:52:48.522	0.84084	0.84087			6
2025.05.14	02:52:53.817	0.84088	0.84089			6
2025.05.14	02:52:54.118	0.84084	0.84087			6
2025.05.14	02:52:58.508	0.84085	0.84088			6
2025.05.14	02:53:01.701	0.84085				2
2025.05.14	02:53:16.260	0.84086				2
2025.05.14	02:53:20.007	0.84085				2
2025.05.14	02:53:20.616	0.84086				2
2025.05.14	02:53:30.742		0.84089			4
2025.05.14	02:53:31.568	0.84085				2
2025.05.14	02:53:32.625	0.84086				2
2025.05.14	02:53:37.181	0.84087				2
2025.05.14	02:53:38.809	0.84085				2
2025.05.14	02:53:40.053	0.84086				2
2025.05.14	02:53:41.033	0.84087				2
2025.05.14	02:53:41.400	0.84086				2
2025.05.14	02:53:46.107	0.84087				2
2025.05.14	02:53:49.043	0.84086				2
2025.05.14	02:53:49.420	0.84087				2
2025.05.14	02:53:52.425	0.84086				2
2025.05.14	02:53:59.198	0.84084	0.84087			6
2025.05.14	02:54:00.356	0.84084				2
2025.05.14	02:54:00.664		0.84086			4
2025.05.14	02:54:01.479	0.84083	0.84085			6
2025.05.14	02:54:06.344	0.84082				2
2025.05.14	02:54:11.172	0.84081	0.84083			6
2025.05.14	02:54:15.631		0.84082			4
2025.05.14	02:54:17.661	0.84082	0.84085			6
2025.05.14	02:54:20.329		0.84084			4
2025.05.14	02:54:31.464	0.84083	0.84085			6
2025.05.14	02:54:51.373	0.84082	0.84083			6
2025.05.14	02:54:51.725		0.84084			4
2025.05.14	02:54:56.676	0.84080	0.84083			6
2025.05.14	02:55:00.423	0.84081				2
2025.05.14	02:55:02.873		0.84082			4
2025.05.14	02:55:07.884	0.84079	0.84083			6
2025.05.14	02:55:11.894	0.84078	0.84081			6
2025.05.14	02:55:12.198	0.84079				2
2025.05.14	02:55:12.516	0.84078	0.84079			6
2025.05.14	02:55:13.369	0.84080	0.84082			6
2025.05.14	02:55:13.763	0.84079	0.84081			6
2025.05.14	02:55:20.007		0.84080			4
2025.05.14	02:55:30.905	0.84080	0.84081			6
2025.05.14	02:55:31.357	0.84079	0.84080			6
2025.05.14	02:55:32.008	0.84077	0.84079			6
2025.05.14	02:55:32.309	0.84078				2
2025.05.14	02:55:33.767	0.84079	0.84080			6
2025.05.14	02:55:37.304	0.84080	0.84083			6
2025.05.14	02:55:41.775	0.84081	0.84084			6
2025.05.14	02:55:44.781	0.84082				2
2025.05.14	02:55:46.472	0.84081	0.84082			6
2025.05.14	02:55:47.604		0.84083			4
2025.05.14	02:55:48.279		0.84084			4
2025.05.14	02:55:48.613	0.84082				2
2025.05.14	02:55:54.656	0.84081	0.84083			6
2025.05.14	02:56:00.157	0.84081				2
2025.05.14	02:56:07.371	0.84082				2
2025.05.14	02:56:10.281		0.84084			4
2025.05.14	02:56:19.120	0.84081				2
2025.05.14	02:56:24.179		0.84082			4
2025.05.14	02:56:24.482		0.84084			4
2025.05.14	02:56:34.304	0.84080	0.84083			6
2025.05.14	02:56:47.882	0.84081				2
2025.05.14	02:56:59.053	0.84079	0.84081			6
2025.05.14	02:57:00.356	0.84079				2
2025.05.14	02:57:02.524		0.84082			4
2025.05.14	02:57:02.869	0.84081				2
2025.05.14	02:57:03.227	0.84080				2
2025.05.14	02:57:05.721		0.84083			4
2025.05.14	02:57:06.029	0.84081				2
2025.05.14	02:57:21.478	0.84080				2
2025.05.14	02:57:30.409	0.84078	0.84082			6
2025.05.14	02:57:30.720	0.84080				2
2025.05.14	02:57:36.281	0.84079				2
2025.05.14	02:57:37.558	0.84080				2
2025.05.14	02:57:38.559		0.84083			4
2025.05.14	02:57:42.087	0.84077	0.84079			6
2025.05.14	02:57:43.413	0.84076				2
2025.05.14	02:57:50.020	0.84078	0.84080			6
2025.05.14	02:57:50.538	0.84080	0.84083			6
2025.05.14	02:57:50.858	0.84079	0.84082			6
2025.05.14	02:57:56.822		0.84081			4
2025.05.14	02:58:00.493	0.84079				2
2025.05.14	02:58:08.651	0.84078				2
2025.05.14	02:58:30.433	0.84079				2
2025.05.14	02:58:34.481	0.84080	0.84083			6
2025.05.14	02:58:36.355		0.84082			4
2025.05.14	02:58:38.587		0.84083			4
2025.05.14	02:58:41.630	0.84081				2
2025.05.14	02:58:46.305	0.84080				2
2025.05.14	02:58:47.317	0.84081				2
2025.05.14	02:58:51.251	0.84082	0.84084			6
2025.05.14	02:58:53.409		0.84083			4
2025.05.14	02:58:53.786		0.84084			4
2025.05.14	02:58:54.917		0.84083			4
2025.05.14	02:58:55.500		0.84084			4
2025.05.14	02:58:58.345		0.84083			4
2025.05.14	02:58:58.674		0.84084			4
2025.05.14	02:58:59.849		0.84085			4
2025.05.14	02:59:00.177	0.84082				2
2025.05.14	02:59:00.521	0.84083				2
2025.05.14	02:59:01.762		0.84084			4
2025.05.14	02:59:02.079	0.84081	0.84083			6
2025.05.14	02:59:02.381	0.84082				2
2025.05.14	02:59:02.694		0.84084			4
2025.05.14	02:59:07.793		0.84083			4
2025.05.14	02:59:08.198		0.84084			4
2025.05.14	02:59:09.023		0.84083			4
2025.05.14	02:59:09.377		0.84084			4
2025.05.14	02:59:12.512	0.84081				2
2025.05.14	02:59:22.801	0.84080	0.84083			6
2025.05.14	02:59:23.907	0.84081				2
2025.05.14	02:59:24.672	0.84082	0.84084			6
2025.05.14	02:59:25.197		0.84085			4
2025.05.14	02:59:26.133	0.84083	0.84086			6
2025.05.14	02:59:27.088	0.84085	0.84087			6
2025.05.14	02:59:27.435		0.84088			4
2025.05.14	02:59:29.876	0.84084	0.84086			6
2025.05.14	02:59:31.116	0.84083				2
2025.05.14	02:59:34.407	0.84084				2
2025.05.14	02:59:35.560	0.84083				2
2025.05.14	02:59:36.908	0.84084				2
2025.05.14	02:59:46.424	0.84085	0.84088			6
2025.05.14	02:59:47.331	0.84084	0.84087			6
2025.05.14	02:59:47.869	0.84085				2
2025.05.14	02:59:48.213	0.84086	0.84089			6
2025.05.14	02:59:50.976	0.84085	0.84087			6
2025.05.14	02:59:55.618	0.84086				2
2025.05.14	02:59:56.585	0.84084	0.84086			6
2025.05.14	02:59:57.848	0.84081	0.84084			6
2025.05.14	03:00:00.117	0.84082	0.84085			6
2025.05.14	03:00:00.420	0.84081				2
2025.05.14	03:00:01.808	0.84082				2
2025.05.14	03:00:02.120	0.84081	0.84086			6
2025.05.14	03:00:02.429	0.84084	0.84087			6
2025.05.14	03:00:02.739		0.84088			4
2025.05.14	03:00:03.466	0.84085				2
2025.05.14	03:00:09.321		0.84089			4
2025.05.14	03:00:09.905	0.84086	0.84088			6
2025.05.14	03:00:12.398		0.84089			4
2025.05.14	03:00:12.749	0.84085	0.84088			6
2025.05.14	03:00:13.710		0.84089			4
2025.05.14	03:00:14.040		0.84088			4
2025.05.14	03:00:16.752	0.84086	0.84089			6
2025.05.14	03:00:20.264		0.84088			4
2025.05.14	03:00:20.628	0.84087				2
2025.05.14	03:00:21.310	0.84088	0.84089			6
2025.05.14	03:00:21.940		0.84091			4
2025.05.14	03:00:32.343	0.84087	0.84088			6
2025.05.14	03:00:34.154		0.84089			4
2025.05.14	03:00:37.321		0.84088			4
2025.05.14	03:00:38.055	0.84086	0.84087			6
2025.05.14	03:00:38.387		0.84088			4
2025.05.14	03:00:38.764	0.84087				2
2025.05.14	03:00:39.066		0.84089			4
2025.05.14	03:00:40.348	0.84088	0.84090			6
2025.05.14	03:00:41.945	0.84087				2
2025.05.14	03:00:42.892	0.84086	0.84088			6
2025.05.14	03:00:43.895	0.84085				2
2025.05.14	03:00:44.798	0.84087				2
2025.05.14	03:00:45.703	0.84086	0.84087			6
2025.05.14	03:00:46.351	0.84087	0.84088			6
2025.05.14	03:00:46.911	0.84086				2
2025.05.14	03:00:47.673		0.84089			4
2025.05.14	03:00:47.980	0.84085	0.84087			6
2025.05.14	03:00:51.105		0.84088			4
2025.05.14	03:00:51.700	0.84087	0.84089			6
2025.05.14	03:00:53.233	0.84086				2
2025.05.14	03:00:54.129		0.84088			4
2025.05.14	03:00:54.557	0.84087				2
2025.05.14	03:00:55.610		0.84090			4
2025.05.14	03:01:00.057	0.84087				2
2025.05.14	03:01:01.319		0.84089			4
2025.05.14	03:01:01.637	0.84086				2
2025.05.14	03:01:03.188	0.84087				2
2025.05.14	03:01:03.501	0.84088	0.84091			6
2025.05.14	03:01:03.852		0.84090			4
2025.05.14	03:01:04.912	0.84087				2
2025.05.14	03:01:06.342	0.84088				2
2025.05.14	03:01:07.900		0.84089			4
2025.05.14	03:01:11.255		0.84090			4
2025.05.14	03:01:11.560		0.84091			4
2025.05.14	03:01:12.255		0.84090			4
2025.05.14	03:01:12.562	0.84086	0.84088			6
2025.05.14	03:01:13.013		0.84087			4
2025.05.14	03:01:13.319	0.84085	0.84086			6
2025.05.14	03:01:13.621	0.84086	0.84088			6
2025.05.14	03:01:14.663	0.84084	0.84087			6
2025.05.14	03:01:15.311	0.84087	0.84090			6
2025.05.14	03:01:15.619	0.84088				2
2025.05.14	03:01:16.297	0.84087				2
2025.05.14	03:01:17.635		0.84089			4
2025.05.14	03:01:18.058	0.84086	0.84087			6
2025.05.14	03:01:19.486	0.84084	0.84085			6
2025.05.14	03:01:19.801	0.84082	0.84083			6
2025.05.14	03:01:20.129		0.84084			4
2025.05.14	03:01:20.555	0.84083	0.84085			6
2025.05.14	03:01:22.863	0.84082				2
2025.05.14	03:01:28.309	0.84083	0.84086			6
2025.05.14	03:01:28.970	0.84082	0.84084			6
2025.05.14	03:01:31.523	0.84081				2
2025.05.14	03:01:33.377	0.84082				2
2025.05.14	03:01:33.875	0.84081	0.84082			6
2025.05.14	03:01:34.178		0.84083			4
2025.05.14	03:01:37.276	0.84080				2
2025.05.14	03:01:38.348	0.84081	0.84082			6
2025.05.14	03:01:38.661	0.84084	0.84086			6
2025.05.14	03:01:39.086	0.84083				2
2025.05.14	03:01:42.462	0.84081	0.84083			6
2025.05.14	03:01:43.328		0.84082			4
2025.05.14	03:01:43.672	0.84086	0.84087			6
2025.05.14	03:01:43.980	0.84088	0.84090			6
2025.05.14	03:01:45.534	0.84086	0.84088			6
2025.05.14	03:01:46.883	0.84085	0.84087			6
2025.05.14	03:01:48.681	0.84086	0.84088			6
2025.05.14	03:01:49.451		0.84089			4
2025.05.14	03:01:50.578	0.84087				2
2025.05.14	03:01:52.120	0.84086	0.84088			6
2025.05.14	03:01:54.390	0.84085	0.84087			6
2025.05.14	03:01:55.404	0.84086				2
2025.05.14	03:01:56.400	0.84084				2
2025.05.14	03:01:57.559	0.84085				2
2025.05.14	03:02:00.015	0.84085				2
2025.05.14	03:02:00.356	0.84084				2
2025.05.14	03:02:01.742	0.84083	0.84086			6
2025.05.14	03:02:03.916	0.84084	0.84087			6
2025.05.14	03:02:04.824		0.84085			4
2025.05.14	03:02:05.388	0.84082				2
2025.05.14	03:02:05.727		0.84084			4
2025.05.14	03:02:06.961		0.84085			4
2025.05.14	03:02:08.232	0.84081	0.84084			6
2025.05.14	03:02:12.946		0.84083			4
2025.05.14	03:02:13.413	0.84080				2
2025.05.14	03:02:13.951	0.84081				2
2025.05.14	03:02:14.262	0.84082	0.84085			6
2025.05.14	03:02:17.409		0.84084			4
2025.05.14	03:02:25.389		0.84085			4
2025.05.14	03:02:25.706	0.84081	0.84082			6
2025.05.14	03:02:26.351	0.84077	0.84080			6
2025.05.14	03:02:27.707	0.84078				2
2025.05.14	03:02:28.026	0.84077				2
2025.05.14	03:02:32.638		0.84079			4
2025.05.14	03:02:33.859		0.84080			4
2025.05.14	03:02:35.038	0.84079	0.84082			6
2025.05.14	03:02:36.286		0.84081			4
2025.05.14	03:02:36.627		0.84082			4
2025.05.14	03:02:37.442		0.84081			4
2025.05.14	03:02:37.964		0.84082			4
2025.05.14	03:02:39.497	0.84078	0.84081			6
2025.05.14	03:02:41.762	0.84079	0.84082			6
2025.05.14	03:02:49.723	0.84078	0.84081			6
2025.05.14	03:02:51.186	0.84079				2
2025.05.14	03:02:53.806	0.84078	0.84080			6
2025.05.14	03:02:54.505	0.84077				2
2025.05.14	03:02:54.889		0.84079			4
2025.05.14	03:02:56.192	0.84076	0.84077			6
2025.05.14	03:02:56.499	0.84077	0.84078			6
2025.05.14	03:02:57.237	0.84076				2
2025.05.14	03:02:58.349		0.84079			4
2025.05.14	03:02:59.769	0.84078	0.84081			6
2025.05.14	03:03:00.213	0.84078				2
2025.05.14	03:03:01.771	0.84082	0.84084			6
2025.05.14	03:03:06.119	0.84083	0.84085			6
2025.05.14	03:03:06.843	0.84079	0.84081			6
2025.05.14	03:03:07.158	0.84078	0.84080			6
2025.05.14	03:03:08.193		0.84081			4
2025.05.14	03:03:08.510		0.84080			4
2025.05.14	03:03:08.830	0.84077				2
2025.05.14	03:03:11.828	0.84078				2
2025.05.14	03:03:12.244		0.84081			4
2025.05.14	03:03:15.784		0.84080			4
2025.05.14	03:03:19.891	0.84079	0.84081			6
2025.05.14	03:03:20.201	0.84082	0.84085			6
2025.05.14	03:03:21.407		0.84084			4
2025.05.14	03:03:22.366	0.84083				2
2025.05.14	03:03:22.816	0.84082				2
2025.05.14	03:03:23.173	0.84083				2
2025.05.14	03:03:24.161	0.84082	0.84085			6
2025.05.14	03:03:26.821	0.84083				2
2025.05.14	03:03:33.445	0.84084	0.84086			6
2025.05.14	03:03:33.857		0.84087			4
2025.05.14	03:03:35.277	0.84085	0.84088			6
2025.05.14	03:03:35.582	0.84084	0.84086			6
2025.05.14	03:03:35.951	0.84085				2
2025.05.14	03:03:36.682	0.84084				2
2025.05.14	03:03:38.343		0.84085			4
2025.05.14	03:03:39.676		0.84086			4
2025.05.14	03:03:46.007		0.84085			4
2025.05.14	03:03:47.035		0.84086			4
2025.05.14	03:03:47.912	0.84083				2
2025.05.14	03:03:49.099		0.84085			4
2025.05.14	03:03:49.425	0.84082	0.84083			6
2025.05.14	03:03:56.474	0.84083	0.84084			6
2025.05.14	03:04:00.045	0.84082	0.84083			6
2025.05.14	03:04:01.688	0.84083	0.84085			6
2025.05.14	03:04:02.353		0.84084			4
2025.05.14	03:04:07.613	0.84082	0.84083			6
2025.05.14	03:04:11.186	0.84081	0.84082			6
2025.05.14	03:04:16.211	0.84080	0.84081			6
2025.05.14	03:04:18.382	0.84081	0.84083			6
2025.05.14	03:04:19.768	0.84080				2
2025.05.14	03:04:21.295	0.84081				2
2025.05.14	03:04:22.330	0.84083	0.84086			6
2025.05.14	03:04:23.495	0.84084				2
2025.05.14	03:04:24.314	0.84083				2
2025.05.14	03:04:31.638	0.84084	0.84087			6
2025.05.14	03:04:33.620		0.84086			4
2025.05.14	03:04:35.632		0.84087			4
2025.05.14	03:04:37.171	0.84083	0.84085			6
2025.05.14	03:04:38.897	0.84084				2
2025.05.14	03:04:39.361	0.84083				2
2025.05.14	03:04:39.847	0.84084	0.84088			6
2025.05.14	03:04:40.160	0.84085				2
2025.05.14	03:04:42.284		0.84086			4
2025.05.14	03:04:44.090	0.84084				2
2025.05.14	03:04:44.443	0.84083				2
2025.05.14	03:04:45.540	0.84082	0.84085			6
2025.05.14	03:04:46.881	0.84083				2
2025.05.14	03:04:47.868	0.84084	0.84086			6
2025.05.14	03:04:48.167		0.84087			4
2025.05.14	03:04:49.413	0.84085				2
2025.05.14	03:04:51.417	0.84084				2
2025.05.14	03:04:52.529	0.84087	0.84090			6
2025.05.14	03:05:00.274	0.84088	0.84091			6
2025.05.14	03:05:00.615	0.84087	0.84090			6
2025.05.14	03:05:02.110	0.84086	0.84089			6
2025.05.14	03:05:03.116	0.84087				2
2025.05.14	03:05:04.384	0.84086				2
2025.05.14	03:05:04.907	0.84087	0.84090			6
2025.05.14	03:05:07.768	0.84088	0.84091			6
2025.05.14	03:05:08.075		0.84090			4
2025.05.14	03:05:12.254		0.84091			4
2025.05.14	03:05:13.433	0.84085	0.84087			6
2025.05.14	03:05:14.342		0.84088			4
2025.05.14	03:05:16.598	0.84084	0.84087			6
2025.05.14	03:05:18.013	0.84087	0.84089			6
2025.05.14	03:05:19.465	0.84088	0.84090			6
2025.05.14	03:05:20.411	0.84087				2
2025.05.14	03:05:20.962		0.84089			4
2025.05.14	03:05:22.300		0.84090			4
2025.05.14	03:05:24.133		0.84089			4
2025.05.14	03:05:25.756	0.84086				2
2025.05.14	03:05:27.140	0.84087	0.84090			6
2025.05.14	03:05:30.411	0.84086	0.84089			6
2025.05.14	03:05:33.277	0.84087	0.84090			6
2025.05.14	03:05:34.151	0.84086	0.84089			6
2025.05.14	03:05:34.472	0.84087	0.84090			6
2025.05.14	03:05:37.132		0.84089			4
2025.05.14	03:05:37.494		0.84090			4
2025.05.14	03:05:55.560	0.84088				2
2025.05.14	03:05:59.070		0.84091			4
2025.05.14	03:06:00.926	0.84090	0.84092			6
2025.05.14	03:06:01.587	0.84086	0.84088			6
2025.05.14	03:06:01.938		0.84089			4
2025.05.14	03:06:03.807	0.84088	0.84091			6
2025.05.14	03:06:07.192	0.84089				2
2025.05.14	03:06:08.086	0.84088				2
2025.05.14	03:06:13.985	0.84089	0.84092			6
2025.05.14	03:06:14.605	0.84088	0.84091			6
2025.05.14	03:06:18.432		0.84090			4
2025.05.14	03:06:19.112	0.84087				2
2025.05.14	03:06:23.272	0.84088				2
2025.05.14	03:06:27.570	0.84087				2
2025.05.14	03:06:34.406	0.84088				2
2025.05.14	03:06:34.718	0.84087				2
2025.05.14	03:06:35.023	0.84088				2
2025.05.14	03:06:38.005	0.84087				2
2025.05.14	03:06:41.697	0.84086	0.84089			6
2025.05.14	03:06:41.999	0.84087				2
2025.05.14	03:06:42.345		0.84090			4
2025.05.14	03:06:58.577	0.84088				2
2025.05.14	03:07:01.209	0.84088				2
2025.05.14	03:07:01.934	0.84087	0.84089			6
2025.05.14	03:07:05.125		0.84090			4
2025.05.14	03:07:07.891	0.84088	0.84091			6
2025.05.14	03:07:08.937	0.84089				2
2025.05.14	03:07:12.860	0.84088	0.84090			6
2025.05.14	03:07:17.290	0.84089				2
2025.05.14	03:07:18.854	0.84088				2
2025.05.14	03:07:23.206	0.84087				2
2025.05.14	03:07:30.199	0.84088				2
2025.05.14	03:07:36.950	0.84093	0.84095			6
2025.05.14	03:07:37.259	0.84092	0.84093			6
2025.05.14	03:07:37.562	0.84091	0.84094			6
2025.05.14	03:07:38.301	0.84092	0.84095			6
2025.05.14	03:07:40.301		0.84094			4
2025.05.14	03:07:40.606	0.84091				2
2025.05.14	03:07:41.333	0.84092	0.84095			6
2025.05.14	03:07:42.121		0.84094			4
2025.05.14	03:07:43.343		0.84095			4
2025.05.14	03:07:45.774		0.84094			4
2025.05.14	03:07:48.325	0.84091				2
2025.05.14	03:07:49.586	0.84090	0.84092			6
2025.05.14	03:07:59.541	0.84089				2
2025.05.14	03:08:00.352	0.84089				2
2025.05.14	03:08:03.322	0.84088	0.84091			6
2025.05.14	03:08:03.960	0.84087	0.84090			6
2025.05.14	03:08:04.943	0.84089	0.84091			6
2025.05.14	03:08:06.316	0.84088				2
2025.05.14	03:08:08.898	0.84089				2
2025.05.14	03:08:09.234		0.84092			4
2025.05.14	03:08:09.666	0.84088	0.84091			6
2025.05.14	03:08:13.895	0.84089				2
2025.05.14	03:08:15.006	0.84088				2
2025.05.14	03:08:15.436		0.84090			4
2025.05.14	03:08:16.992		0.84091			4
2025.05.14	03:08:20.175	0.84092	0.84094			6
2025.05.14	03:08:21.093	0.84090	0.84091			6
2025.05.14	03:08:21.399	0.84091	0.84092			6
2025.05.14	03:08:23.199		0.84093			4
2025.05.14	03:08:23.520	0.84089	0.84091			6
2025.05.14	03:08:25.769		0.84092			4
2025.05.14	03:08:26.388	0.84091				2
2025.05.14	03:08:27.652	0.84092	0.84094			6
2025.05.14	03:08:27.973	0.84091				2
2025.05.14	03:08:31.823	0.84092				2
2025.05.14	03:08:33.398		0.84095			4
2025.05.14	03:08:35.681		0.84094			4
2025.05.14	03:08:36.002		0.84095			4
2025.05.14	03:08:40.302	0.84093				2
2025.05.14	03:08:40.632	0.84092				2
2025.05.14	03:08:41.570	0.84093				2
2025.05.14	03:08:43.321	0.84092				2
2025.05.14	03:08:45.155	0.84093				2
2025.05.14	03:08:48.106	0.84094				2
2025.05.14	03:08:48.434	0.84093				2
2025.05.14	03:08:48.994	0.84091	0.84093			6
2025.05.14	03:08:51.590	0.84090	0.84092			6
2025.05.14	03:08:55.325	0.84092	0.84095			6
2025.05.14	03:08:55.685		0.84094			4
2025.05.14	03:08:56.491		0.84095			4
2025.05.14	03:08:58.778	0.84093				2
2025.05.14	03:08:59.927		0.84096			4
2025.05.14	03:09:00.230	0.84093				2
2025.05.14	03:09:00.936		0.84095			4
2025.05.14	03:09:02.667	0.84090	0.84092			6
2025.05.14	03:09:05.165	0.84089	0.84091			6
2025.05.14	03:09:05.497	0.84092	0.84094			6
2025.05.14	03:09:05.806	0.84093	0.84096			6
2025.05.14	03:09:19.874	0.84091	0.84094			6
2025.05.14	03:09:20.183		0.84093			4
2025.05.14	03:09:20.980	0.84090				2
2025.05.14	03:09:22.422	0.84091				2
2025.05.14	03:09:23.724	0.84092	0.84094			6
2025.05.14	03:09:25.439		0.84095			4
2025.05.14	03:09:30.990	0.84093	0.84096			6
2025.05.14	03:09:31.560	0.84095				2
2025.05.14	03:09:31.898	0.84094				2
2025.05.14	03:09:32.379		0.84097			4
2025.05.14	03:09:36.130	0.84093	0.84095			6
2025.05.14	03:09:40.399	0.84092				2
2025.05.14	03:09:40.746	0.84093	0.84096			6
2025.05.14	03:09:41.638	0.84094				2
2025.05.14	03:09:42.822	0.84093				2
2025.05.14	03:09:45.674	0.84094				2
2025.05.14	03:09:50.187	0.84093				2
2025.05.14	03:09:52.344	0.84094				2
2025.05.14	03:09:54.316	0.84092	0.84094			6
2025.05.14	03:09:55.175	0.84093				2
2025.05.14	03:09:55.561		0.84095			4
2025.05.14	03:09:56.387	0.84094				2
2025.05.14	03:09:57.036	0.84092				2
2025.05.14	03:09:59.108	0.84093				2
2025.05.14	03:09:59.906	0.84092	0.84094			6
2025.05.14	03:10:01.331	0.84092	0.84095			6
2025.05.14	03:10:03.118		0.84094			4
2025.05.14	03:10:04.754		0.84095			4
2025.05.14	03:10:08.222		0.84094			4
2025.05.14	03:10:10.703	0.84090	0.84093			6
2025.05.14	03:10:12.324	0.84092	0.84094			6
2025.05.14	03:10:13.680	0.84091				2
2025.05.14	03:10:25.244	0.84093	0.84096			6
2025.05.14	03:10:28.490		0.84095			4
2025.05.14	03:10:30.243		0.84096			4
2025.05.14	03:10:30.904	0.84092	0.84095			6
2025.05.14	03:10:34.223	0.84093				2
2025.05.14	03:10:34.962	0.84092				2
2025.05.14	03:10:35.484	0.84093	0.84096			6
2025.05.14	03:10:36.012	0.84092	0.84095			6
2025.05.14	03:10:36.512	0.84093				2
2025.05.14	03:10:38.715	0.84091	0.84094			6
2025.05.14	03:10:46.948		0.84093			4
2025.05.14	03:10:49.529	0.84090				2
2025.05.14	03:10:50.799	0.84091	0.84094			6
2025.05.14	03:10:51.368		0.84093			4
2025.05.14	03:10:51.682		0.84094			4
2025.05.14	03:10:53.942		0.84093			4
2025.05.14	03:10:54.489	0.84092	0.84095			6
2025.05.14	03:10:55.709		0.84093			4
2025.05.14	03:10:56.027		0.84094			4
2025.05.14	03:10:56.347		0.84095			4
2025.05.14	03:10:58.360	0.84089	0.84091			6
2025.05.14	03:11:00.351	0.84089	0.84092			6
2025.05.14	03:11:02.341	0.84092	0.84094			6
2025.05.14	03:11:02.693		0.84095			4
2025.05.14	03:11:03.145		0.84094			4
2025.05.14	03:11:07.840	0.84091				2
2025.05.14	03:11:08.476	0.84092	0.84095			6
2025.05.14	03:11:11.265	0.84091	0.84094			6
2025.05.14	03:11:11.568	0.84092	0.84095			6
2025.05.14	03:11:13.291		0.84094			4
2025.05.14	03:11:15.241		0.84095			4
2025.05.14	03:11:18.694		0.84094			4
2025.05.14	03:11:18.998		0.84095			4
2025.05.14	03:11:20.001	0.84093				2
2025.05.14	03:11:20.313		0.84096			4
2025.05.14	03:11:21.875	0.84094				2
2025.05.14	03:11:23.446	0.84092	0.84095			6
2025.05.14	03:11:25.481	0.84093				2
2025.05.14	03:11:26.653	0.84092				2
2025.05.14	03:11:27.116		0.84094			4
2025.05.14	03:11:27.996	0.84093				2
2025.05.14	03:11:28.405	0.84092				2
2025.05.14	03:11:36.356		0.84093			4
2025.05.14	03:11:36.806	0.84091				2
2025.05.14	03:11:37.123		0.84094			4
2025.05.14	03:11:37.747		0.84093			4
2025.05.14	03:11:38.355	0.84090				2
2025.05.14	03:11:38.694	0.84091				2
2025.05.14	03:11:39.216		0.84094			4
2025.05.14	03:11:40.949	0.84092	0.84095			6
2025.05.14	03:11:50.902	0.84094	0.84096			6
2025.05.14	03:11:51.391	0.84093	0.84095			6
2025.05.14	03:11:54.625	0.84092				2
2025.05.14	03:11:56.846	0.84093				2
2025.05.14	03:11:57.356	0.84092				2
2025.05.14	03:12:00.336	0.84095	0.84096			6
2025.05.14	03:12:01.120		0.84097			4
2025.05.14	03:12:01.483	0.84094				2
2025.05.14	03:12:02.352	0.84095				2
2025.05.14	03:12:06.160	0.84092	0.84095			6
2025.05.14	03:12:06.797	0.84093	0.84096			6
2025.05.14	03:12:07.115	0.84094				2
2025.05.14	03:12:08.658	0.84095				2
2025.05.14	03:12:09.775	0.84094				2
2025.05.14	03:12:16.661		0.84097			4
2025.05.14	03:12:18.646		0.84096			4
2025.05.14	03:12:20.385		0.84097			4
2025.05.14	03:12:23.286	0.84095				2
2025.05.14	03:12:23.591	0.84094				2
2025.05.14	03:12:25.229	0.84096	0.84098			6
2025.05.14	03:12:25.676	0.84095				2
2025.05.14	03:12:28.344	0.84096				2
2025.05.14	03:12:29.054		0.84099			4
2025.05.14	03:12:29.360	0.84097				2
2025.05.14	03:12:30.843	0.84096	0.84097			6
2025.05.14	03:12:32.346		0.84099			4
2025.05.14	03:12:33.020		0.84098			4
2025.05.14	03:12:33.495	0.84095	0.84097			6
2025.05.14	03:12:34.357	0.84096				2
2025.05.14	03:12:36.200	0.84098	0.84100			6
2025.05.14	03:12:38.613		0.84099			4
2025.05.14	03:12:38.954	0.84097				2
2025.05.14	03:12:39.965	0.84098				2
2025.05.14	03:12:40.344	0.84097				2
2025.05.14	03:12:43.450		0.84100			4
2025.05.14	03:12:44.354	0.84098				2
2025.05.14	03:12:52.533	0.84099				2
2025.05.14	03:12:57.966	0.84101	0.84102			6
2025.05.14	03:12:58.307	0.84099				2
2025.05.14	03:13:00.031	0.84099				2
2025.05.14	03:13:00.367		0.84101			4
2025.05.14	03:13:00.970		0.84102			4
2025.05.14	03:13:01.746	0.84100	0.84101			6
2025.05.14	03:13:02.062	0.84098	0.84100			6
2025.05.14	03:13:02.497	0.84097				2
2025.05.14	03:13:06.560		0.84099			4
2025.05.14	03:13:07.651	0.84096				2
2025.05.14	03:13:07.960		0.84098			4
2025.05.14	03:13:10.665		0.84099			4
2025.05.14	03:13:10.977	0.84097				2
2025.05.14	03:13:11.317	0.84096				2
2025.05.14	03:13:11.851	0.84097				2
2025.05.14	03:13:12.164		0.84100			4
2025.05.14	03:13:12.870	0.84098				2
2025.05.14	03:13:14.938		0.84101			4
2025.05.14	03:13:16.307		0.84100			4
2025.05.14	03:13:17.536		0.84101			4
2025.05.14	03:13:19.966		0.84100			4
2025.05.14	03:13:20.281		0.84101			4
2025.05.14	03:13:21.060		0.84100			4
2025.05.14	03:13:22.481		0.84101			4
2025.05.14	03:13:24.357		0.84100			4
2025.05.14	03:13:25.052	0.84097	0.84099			6
2025.05.14	03:13:25.389	0.84098	0.84100			6
2025.05.14	03:13:31.580	0.84094	0.84097			6
2025.05.14	03:13:32.342	0.84095	0.84098			6
2025.05.14	03:13:33.155	0.84094	0.84097			6
2025.05.14	03:13:34.186	0.84095	0.84098			6
2025.05.14	03:13:36.122	0.84096	0.84099			6
2025.05.14	03:13:41.750		0.84098			4
2025.05.14	03:13:42.652	0.84097				2
2025.05.14	03:13:42.985	0.84095	0.84097			6
2025.05.14	03:13:43.745	0.84094				2
2025.05.14	03:13:44.135	0.84095				2
2025.05.14	03:13:44.440	0.84094				2
2025.05.14	03:13:45.026	0.84095	0.84098			6
2025.05.14	03:13:45.680	0.84094	0.84097			6
2025.05.14	03:13:53.152		0.84096			4
2025.05.14	03:13:56.520		0.84097			4
2025.05.14	03:13:59.270		0.84096			4
2025.05.14	03:14:00.371	0.84094	0.84097			6
2025.05.14	03:14:00.924		0.84096			4
2025.05.14	03:14:02.534	0.84092	0.84095			6
2025.05.14	03:14:02.895		0.84094			4
2025.05.14	03:14:03.421	0.84093				2
2025.05.14	03:14:09.145	0.84092				2
2025.05.14	03:14:09.594	0.84089	0.84092			6
2025.05.14	03:14:09.929	0.84090				2
2025.05.14	03:14:12.341	0.84091	0.84094			6
2025.05.14	03:14:15.481	0.84090	0.84093			6
2025.05.14	03:14:15.787		0.84092			4
2025.05.14	03:14:17.951		0.84091			4
2025.05.14	03:14:21.229		0.84092			4
2025.05.14	03:14:26.962	0.84091	0.84093			6
2025.05.14	03:14:28.076		0.84092			4
2025.05.14	03:14:31.257	0.84089				2
2025.05.14	03:14:34.349		0.84091			4
2025.05.14	03:14:35.290	0.84088	0.84090			6
2025.05.14	03:14:35.612		0.84089			4
2025.05.14	03:14:37.510		0.84091			4
2025.05.14	03:14:39.207	0.84089				2
2025.05.14	03:14:42.346	0.84090				2
2025.05.14	03:14:43.350	0.84091	0.84092			6
2025.05.14	03:14:43.956	0.84089	0.84090			6
2025.05.14	03:14:45.786	0.84090	0.84091			6
2025.05.14	03:14:47.097	0.84089				2
2025.05.14	03:14:48.255	0.84090				2
2025.05.14	03:14:48.655		0.84092			4
2025.05.14	03:14:49.046	0.84089	0.84091			6
2025.05.14	03:14:49.657	0.84090				2
2025.05.14	03:14:52.073	0.84091	0.84092			6
2025.05.14	03:14:52.445	0.84090	0.84091			6
2025.05.14	03:14:55.733	0.84092	0.84093			6
2025.05.14	03:14:57.834	0.84091				2
2025.05.14	03:14:58.523	0.84093	0.84095			6
2025.05.14	03:14:58.895	0.84090	0.84093			6
2025.05.14	03:14:59.243	0.84091				2
2025.05.14	03:14:59.772	0.84090				2
2025.05.14	03:15:00.523	0.84093	0.84095			6
2025.05.14	03:15:01.690	0.84092	0.84094			6
2025.05.14	03:15:13.307	0.84096	0.84097			6
2025.05.14	03:15:13.631	0.84094				2
2025.05.14	03:15:15.337		0.84096			4
2025.05.14	03:15:15.793		0.84097			4
2025.05.14	03:15:16.343		0.84096			4
2025.05.14	03:15:16.685	0.84093				2
2025.05.14	03:15:17.840	0.84094	0.84097			6
2025.05.14	03:15:18.174	0.84096	0.84098			6
2025.05.14	03:15:18.494	0.84094	0.84097			6
2025.05.14	03:15:23.731	0.84095				2
2025.05.14	03:15:24.346	0.84096				2
2025.05.14	03:15:25.408	0.84095				2
2025.05.14	03:15:27.381		0.84096			4
2025.05.14	03:15:30.384		0.84097			4
2025.05.14	03:15:38.253	0.84094	0.84096			6
2025.05.14	03:15:38.560	0.84095				2
2025.05.14	03:15:39.281	0.84096	0.84097			6
2025.05.14	03:15:40.615	0.84095	0.84096			6
2025.05.14	03:15:48.215	0.84094	0.84095			6
2025.05.14	03:15:53.344		0.84096			4
2025.05.14	03:15:53.650	0.84095				2
2025.05.14	03:15:54.433	0.84094	0.84095			6
2025.05.14	03:15:56.782	0.84093	0.84094			6
2025.05.14	03:15:58.080	0.84094	0.84095			6
