<DATE>	<TIME>	<BID>	<ASK>	<LAST>	<VOLUME>	<FLAGS>
2025.02.06	00:00:00.169	0.83160	0.83203			6
2025.02.06	00:00:00.548	0.83159	0.83251			6
2025.02.06	00:00:00.896	0.83116	0.83192			6
2025.02.06	00:00:15.717		0.83191			4
2025.02.06	00:00:30.840	0.83132	0.83199			6
2025.02.06	00:00:38.705	0.83114	0.83200			6
2025.02.06	00:00:47.535		0.83202			4
2025.02.06	00:01:11.572	0.83114				2
2025.02.06	00:01:12.257	0.83127				2
2025.02.06	00:01:13.357	0.83113				2
2025.02.06	00:01:56.152		0.83202			4
2025.02.06	00:02:05.747	0.83113				2
2025.02.06	00:02:08.359	0.83106				2
2025.02.06	00:02:21.231	0.83131				2
2025.02.06	00:02:27.201	0.83138				2
2025.02.06	00:02:55.235	0.83142	0.83203			6
2025.02.06	00:02:55.834	0.83143				2
2025.02.06	00:03:05.863	0.83143				2
2025.02.06	00:03:10.763	0.83146	0.83205			6
2025.02.06	00:03:42.145		0.83207			4
2025.02.06	00:04:01.558	0.83146				2
2025.02.06	00:04:42.152		0.83206			4
2025.02.06	00:05:01.307	0.83146				2
2025.02.06	00:05:02.242	0.83145				2
2025.02.06	00:05:06.093	0.83147				2
2025.02.06	00:05:11.575	0.83149				2
2025.02.06	00:05:16.079	0.83151				2
2025.02.06	00:05:20.777	0.83147				2
2025.02.06	00:05:25.755	0.83149				2
2025.02.06	00:05:26.349	0.83148				2
2025.02.06	00:05:31.663	0.83150				2
2025.02.06	00:05:32.366	0.83145				2
2025.02.06	00:05:35.447	0.83146				2
2025.02.06	00:05:35.985	0.83145				2
2025.02.06	00:05:37.296	0.83150				2
2025.02.06	00:05:40.248	0.83149				2
2025.02.06	00:05:41.384	0.83151				2
2025.02.06	00:05:42.141		0.83207			4
2025.02.06	00:05:49.921	0.83150				2
2025.02.06	00:05:54.741	0.83152				2
2025.02.06	00:05:56.270	0.83151				2
2025.02.06	00:05:59.276	0.83152				2
2025.02.06	00:06:01.603	0.83153				2
2025.02.06	00:06:04.419	0.83152				2
2025.02.06	00:06:06.680	0.83151				2
2025.02.06	00:06:31.646	0.83149				2
2025.02.06	00:06:42.147		0.83207			4
2025.02.06	00:07:01.569	0.83149				2
2025.02.06	00:07:46.312		0.83207			4
2025.02.06	00:08:01.565	0.83149				2
2025.02.06	00:09:01.567	0.83149	0.83207			6
2025.02.06	00:10:00.348	0.83148				2
2025.02.06	00:10:09.456	0.83151	0.83207			6
2025.02.06	00:10:11.349	0.83147				2
2025.02.06	00:11:00.053	0.83147				2
2025.02.06	00:11:03.077	0.83157				2
2025.02.06	00:11:07.092	0.83147				2
2025.02.06	00:11:08.017	0.83157				2
2025.02.06	00:11:11.067		0.83207			4
2025.02.06	00:11:11.998	0.83147				2
2025.02.06	00:11:12.907	0.83157				2
2025.02.06	00:11:15.186	0.83161				2
2025.02.06	00:12:01.433	0.83161	0.83209			6
2025.02.06	00:12:48.991		0.83211			4
2025.02.06	00:13:01.585	0.83161				2
2025.02.06	00:13:51.797		0.83211			4
2025.02.06	00:14:01.788	0.83161				2
2025.02.06	00:14:13.290	0.83162				2
2025.02.06	00:14:55.905		0.83211			4
2025.02.06	00:15:00.319	0.83162				2
2025.02.06	00:16:16.690	0.83163	0.83212			6
2025.02.06	00:17:02.022	0.83163				2
2025.02.06	00:17:31.783		0.83212			4
2025.02.06	00:17:40.287	0.83164				2
2025.02.06	00:18:10.763	0.83164				2
2025.02.06	00:18:35.181		0.83212			4
2025.02.06	00:18:57.085	0.83160				2
2025.02.06	00:19:10.879	0.83160				2
2025.02.06	00:19:35.903		0.83212			4
2025.02.06	00:19:52.168	0.83166	0.83209			6
2025.02.06	00:19:52.589	0.83159				2
2025.02.06	00:19:54.686	0.83160				2
2025.02.06	00:19:59.073	0.83149				2
2025.02.06	00:20:00.538	0.83146				2
2025.02.06	00:20:03.984	0.83147				2
2025.02.06	00:20:14.760	0.83148				2
2025.02.06	00:20:15.769	0.83147				2
2025.02.06	00:20:21.786	0.83148				2
2025.02.06	00:20:45.749	0.83149				2
2025.02.06	00:20:57.987		0.83209			4
2025.02.06	00:21:11.559	0.83149				2
2025.02.06	00:21:20.784	0.83142				2
2025.02.06	00:21:38.703	0.83143				2
2025.02.06	00:21:39.587	0.83142				2
2025.02.06	00:21:41.248	0.83143				2
2025.02.06	00:21:44.479	0.83142				2
2025.02.06	00:21:54.559	0.83146				2
2025.02.06	00:22:01.557	0.83146	0.83209			6
2025.02.06	00:22:38.720	0.83147				2
2025.02.06	00:22:39.682	0.83148				2
2025.02.06	00:22:47.627	0.83149				2
2025.02.06	00:22:52.335		0.83210			4
2025.02.06	00:23:01.557	0.83149				2
2025.02.06	00:24:01.557	0.83149	0.83210			6
2025.02.06	00:24:59.363	0.83169	0.83220			6
2025.02.06	00:25:00.313	0.83169				2
2025.02.06	00:25:35.048	0.83177	0.83226			6
2025.02.06	00:26:00.241	0.83177				2
2025.02.06	00:26:19.660	0.83181				2
2025.02.06	00:26:35.043		0.83228			4
2025.02.06	00:26:39.653	0.83182				2
2025.02.06	00:26:48.763	0.83180	0.83222			6
2025.02.06	00:26:51.556	0.83181				2
2025.02.06	00:27:00.375	0.83181				2
2025.02.06	00:27:07.027	0.83180				2
2025.02.06	00:27:34.218	0.83182				2
2025.02.06	00:27:41.115	0.83178				2
2025.02.06	00:27:48.682		0.83221			4
2025.02.06	00:27:57.026	0.83177				2
2025.02.06	00:28:01.562	0.83177				2
2025.02.06	00:28:07.887	0.83184	0.83234			6
2025.02.06	00:28:09.659	0.83195	0.83239			6
2025.02.06	00:28:16.566	0.83198				2
2025.02.06	00:28:18.981	0.83197				2
2025.02.06	00:28:26.128	0.83191				2
2025.02.06	00:28:57.985	0.83190				2
2025.02.06	00:29:00.449	0.83191				2
2025.02.06	00:29:01.285	0.83190				2
2025.02.06	00:29:09.661		0.83239			4
2025.02.06	00:29:11.218	0.83189				2
2025.02.06	00:29:12.060	0.83196				2
2025.02.06	00:29:18.371	0.83195				2
2025.02.06	00:29:22.180		0.83255			4
2025.02.06	00:29:22.942		0.83241			4
2025.02.06	00:29:39.696	0.83197				2
2025.02.06	00:29:41.253	0.83189	0.83236			6
2025.02.06	00:29:43.286	0.83187				2
2025.02.06	00:29:49.352	0.83192				2
2025.02.06	00:30:00.390	0.83192				2
2025.02.06	00:30:34.372	0.83194				2
2025.02.06	00:30:41.249		0.83238			4
2025.02.06	00:30:52.286	0.83192				2
2025.02.06	00:31:00.461	0.83192				2
2025.02.06	00:31:41.253		0.83239			4
2025.02.06	00:31:55.243	0.83166				2
2025.02.06	00:31:55.586		0.83238			4
2025.02.06	00:31:56.165	0.83170				2
2025.02.06	00:31:56.666	0.83169				2
2025.02.06	00:31:57.085	0.83170				2
2025.02.06	00:31:57.555	0.83169				2
2025.02.06	00:32:00.379	0.83169				2
2025.02.06	00:32:03.140	0.83180	0.83239			6
2025.02.06	00:32:05.007	0.83176				2
2025.02.06	00:32:05.535	0.83178	0.83237			6
2025.02.06	00:32:06.072	0.83176	0.83238			6
2025.02.06	00:32:06.381	0.83174	0.83237			6
2025.02.06	00:32:08.714	0.83175	0.83234			6
2025.02.06	00:32:14.533	0.83173				2
2025.02.06	00:32:14.995	0.83164				2
2025.02.06	00:32:18.840	0.83157	0.83230			6
2025.02.06	00:32:19.141		0.83231			4
2025.02.06	00:32:29.484		0.83230			4
2025.02.06	00:32:30.980		0.83229			4
2025.02.06	00:32:40.623		0.83230			4
2025.02.06	00:32:42.357		0.83229			4
2025.02.06	00:32:45.092	0.83155				2
2025.02.06	00:33:00.093	0.83155				2
2025.02.06	00:33:05.694	0.83152				2
2025.02.06	00:33:08.106	0.83156				2
2025.02.06	00:33:12.483		0.83224			4
2025.02.06	00:33:15.686		0.83223			4
2025.02.06	00:33:19.281		0.83221			4
2025.02.06	00:33:27.002	0.83152				2
2025.02.06	00:33:30.390	0.83154	0.83220			6
2025.02.06	00:33:39.587	0.83159				2
2025.02.06	00:33:39.912		0.83219			4
2025.02.06	00:33:40.391		0.83220			4
2025.02.06	00:33:49.424	0.83151				2
2025.02.06	00:33:56.537	0.83153				2
2025.02.06	00:34:00.374	0.83158				2
2025.02.06	00:34:40.384	0.83153	0.83219			6
2025.02.06	00:34:56.486	0.83155				2
2025.02.06	00:35:01.138	0.83159				2
2025.02.06	00:35:14.913	0.83153	0.83220			6
2025.02.06	00:35:22.896		0.83219			4
2025.02.06	00:35:30.447	0.83154				2
2025.02.06	00:35:30.988	0.83155				2
2025.02.06	00:35:35.878	0.83159				2
2025.02.06	00:35:36.913		0.83218			4
2025.02.06	00:35:39.687		0.83219			4
2025.02.06	00:35:40.038		0.83220			4
2025.02.06	00:35:41.017	0.83161				2
2025.02.06	00:35:41.434	0.83159	0.83221			6
2025.02.06	00:35:41.804	0.83160				2
2025.02.06	00:35:42.846	0.83161	0.83220			6
2025.02.06	00:35:46.986	0.83162				2
2025.02.06	00:35:48.981	0.83163	0.83219			6
2025.02.06	00:35:50.232	0.83162				2
2025.02.06	00:35:51.977	0.83161	0.83220			6
2025.02.06	00:35:54.907		0.83217			4
2025.02.06	00:35:55.350		0.83216			4
2025.02.06	00:36:00.281	0.83161				2
2025.02.06	00:36:19.168		0.83215			4
2025.02.06	00:36:52.285		0.83214			4
2025.02.06	00:36:54.792	0.83156				2
2025.02.06	00:36:57.204	0.83154				2
2025.02.06	00:37:01.564	0.83154				2
2025.02.06	00:37:01.953	0.83155				2
2025.02.06	00:37:05.300		0.83213			4
2025.02.06	00:37:05.786	0.83157				2
2025.02.06	00:37:10.591	0.83156				2
2025.02.06	00:37:13.588		0.83214			4
2025.02.06	00:37:22.586	0.83155				2
2025.02.06	00:37:25.629		0.83213			4
2025.02.06	00:37:26.186	0.83156				2
2025.02.06	00:37:26.780	0.83157				2
2025.02.06	00:37:36.385	0.83158				2
2025.02.06	00:37:47.656		0.83212			4
2025.02.06	00:37:49.732		0.83213			4
2025.02.06	00:37:50.185	0.83160				2
2025.02.06	00:37:53.186		0.83212			4
2025.02.06	00:38:00.387	0.83160	0.83213			6
2025.02.06	00:38:01.585	0.83161				2
2025.02.06	00:38:06.383		0.83212			4
2025.02.06	00:38:17.184	0.83160				2
2025.02.06	00:38:18.330	0.83159				2
2025.02.06	00:38:27.685	0.83158	0.83213			6
2025.02.06	00:38:29.486	0.83157				2
2025.02.06	00:38:32.795	0.83158				2
2025.02.06	00:38:36.983		0.83212			4
2025.02.06	00:38:39.777	0.83156	0.83213			6
2025.02.06	00:38:50.392	0.83155	0.83212			6
2025.02.06	00:38:55.892	0.83156				2
2025.02.06	00:39:00.242	0.83157				2
2025.02.06	00:39:01.695		0.83211			4
2025.02.06	00:39:07.678	0.83159	0.83212			6
2025.02.06	00:39:09.399	0.83157				2
2025.02.06	00:39:11.186	0.83156				2
2025.02.06	00:39:15.236	0.83157	0.83211			6
2025.02.06	00:39:21.158	0.83158	0.83210			6
2025.02.06	00:39:21.562	0.83159	0.83207			6
2025.02.06	00:39:26.488	0.83160				2
2025.02.06	00:39:30.380		0.83206			4
2025.02.06	00:39:33.985	0.83159				2
2025.02.06	00:39:37.902	0.83160	0.83207			6
2025.02.06	00:39:39.593	0.83157	0.83210			6
2025.02.06	00:39:41.248	0.83158	0.83212			6
2025.02.06	00:39:44.488	0.83159				2
2025.02.06	00:39:47.040	0.83160				2
2025.02.06	00:39:53.673		0.83213			4
2025.02.06	00:39:53.998	0.83161	0.83212			6
2025.02.06	00:39:54.389	0.83162	0.83210			6
2025.02.06	00:39:56.185	0.83163				2
2025.02.06	00:40:01.557	0.83163				2
2025.02.06	00:40:07.584		0.83211			4
2025.02.06	00:40:14.082	0.83164	0.83210			6
2025.02.06	00:40:26.185		0.83209			4
2025.02.06	00:40:29.487		0.83210			4
2025.02.06	00:40:34.111	0.83165				2
2025.02.06	00:40:39.671		0.83211			4
2025.02.06	00:40:42.264	0.83166				2
2025.02.06	00:40:56.786	0.83167	0.83214			6
2025.02.06	00:41:00.987	0.83167	0.83212			6
2025.02.06	00:41:09.086		0.83215			4
2025.02.06	00:41:09.469	0.83165				2
2025.02.06	00:41:34.362	0.83164				2
2025.02.06	00:41:47.988	0.83163				2
2025.02.06	00:41:50.540	0.83156	0.83212			6
2025.02.06	00:41:52.075	0.83155				2
2025.02.06	00:41:54.304	0.83156				2
2025.02.06	00:41:58.036	0.83155				2
2025.02.06	00:42:00.401	0.83155				2
2025.02.06	00:42:05.457	0.83156	0.83221			6
2025.02.06	00:42:09.687	0.83167	0.83222			6
2025.02.06	00:42:10.506	0.83156	0.83221			6
2025.02.06	00:42:40.522	0.83150				2
2025.02.06	00:42:48.634	0.83158				2
2025.02.06	00:43:00.813	0.83158				2
2025.02.06	00:43:03.727	0.83154				2
2025.02.06	00:43:05.382	0.83158				2
2025.02.06	00:43:10.534		0.83221			4
2025.02.06	00:43:18.258		0.83220			4
2025.02.06	00:43:26.607		0.83212			4
2025.02.06	00:43:32.190		0.83211			4
2025.02.06	00:43:35.993	0.83157				2
2025.02.06	00:43:39.588	0.83156	0.83212			6
2025.02.06	00:43:57.791	0.83155	0.83215			6
2025.02.06	00:44:01.497	0.83156	0.83214			6
2025.02.06	00:44:20.563	0.83157				2
2025.02.06	00:44:23.490		0.83213			4
2025.02.06	00:44:26.488		0.83214			4
2025.02.06	00:44:29.788		0.83213			4
2025.02.06	00:44:49.587	0.83156	0.83214			6
2025.02.06	00:45:00.274	0.83156				2
2025.02.06	00:45:02.132	0.83159	0.83219			6
2025.02.06	00:45:03.943	0.83157	0.83213			6
2025.02.06	00:45:07.962	0.83169	0.83201			6
2025.02.06	00:45:10.014	0.83168	0.83202			6
2025.02.06	00:45:14.745	0.83169	0.83201			6
2025.02.06	00:45:37.296	0.83170	0.83200			6
2025.02.06	00:45:39.987	0.83169	0.83201			6
2025.02.06	00:45:42.689	0.83170	0.83200			6
2025.02.06	00:45:45.687		0.83201			4
2025.02.06	00:45:51.094	0.83169				2
2025.02.06	00:45:54.390		0.83200			4
2025.02.06	00:46:04.083	0.83169				2
2025.02.06	00:46:12.996		0.83201			4
2025.02.06	00:46:16.406		0.83200			4
2025.02.06	00:46:22.286	0.83170				2
2025.02.06	00:46:36.621		0.83199			4
2025.02.06	00:46:39.386		0.83200			4
2025.02.06	00:46:40.524	0.83169	0.83204			6
2025.02.06	00:46:45.783	0.83170	0.83199			6
2025.02.06	00:46:46.207	0.83171				2
2025.02.06	00:46:47.755	0.83170				2
2025.02.06	00:46:50.190	0.83171				2
2025.02.06	00:46:55.633		0.83198			4
2025.02.06	00:47:02.113	0.83170	0.83206			6
2025.02.06	00:47:03.972	0.83171	0.83198			6
2025.02.06	00:47:06.687		0.83199			4
2025.02.06	00:47:08.508	0.83170	0.83200			6
2025.02.06	00:47:31.966	0.83169				2
2025.02.06	00:47:35.636	0.83171				2
2025.02.06	00:47:46.409	0.83175	0.83211			6
2025.02.06	00:47:48.206		0.83210			4
2025.02.06	00:48:02.491	0.83175				2
2025.02.06	00:48:04.379		0.83214			4
2025.02.06	00:48:06.482	0.83176	0.83213			6
2025.02.06	00:48:16.355	0.83177				2
2025.02.06	00:48:17.827	0.83178				2
2025.02.06	00:48:24.607	0.83177				2
2025.02.06	00:48:26.356	0.83178				2
2025.02.06	00:48:29.057	0.83183	0.83218			6
2025.02.06	00:48:29.371	0.83181	0.83220			6
2025.02.06	00:48:29.842	0.83182				2
2025.02.06	00:48:30.368	0.83179				2
2025.02.06	00:48:37.700		0.83222			4
2025.02.06	00:48:38.990		0.83221			4
2025.02.06	00:48:45.199	0.83181				2
2025.02.06	00:48:45.785	0.83182				2
2025.02.06	00:48:47.776		0.83217			4
2025.02.06	00:48:50.009	0.83181				2
2025.02.06	00:48:54.640	0.83182				2
2025.02.06	00:48:56.790		0.83216			4
2025.02.06	00:48:58.716	0.83184	0.83217			6
2025.02.06	00:49:01.004	0.83184				2
2025.02.06	00:49:04.822	0.83183	0.83216			6
2025.02.06	00:49:05.992	0.83184				2
2025.02.06	00:49:07.821	0.83185				2
2025.02.06	00:49:10.198	0.83186				2
2025.02.06	00:49:15.599	0.83185				2
2025.02.06	00:49:17.833	0.83184				2
2025.02.06	00:49:20.625	0.83185				2
2025.02.06	00:49:25.652	0.83184				2
2025.02.06	00:49:34.286		0.83215			4
2025.02.06	00:49:35.687	0.83185				2
2025.02.06	00:49:40.526	0.83184				2
2025.02.06	00:49:45.924	0.83183				2
2025.02.06	00:49:51.023	0.83185				2
2025.02.06	00:49:54.987		0.83216			4
2025.02.06	00:49:55.757	0.83184				2
2025.02.06	00:50:00.956	0.83185				2
2025.02.06	00:50:05.957	0.83183				2
2025.02.06	00:50:20.612	0.83184				2
2025.02.06	00:50:25.412	0.83185				2
2025.02.06	00:50:30.111	0.83183				2
2025.02.06	00:50:35.601	0.83184				2
2025.02.06	00:50:59.411	0.83186	0.83216			6
2025.02.06	00:51:04.031	0.83183				2
2025.02.06	00:51:10.166		0.83221			4
2025.02.06	00:51:12.988	0.83185	0.83220			6
2025.02.06	00:51:17.879	0.83184				2
2025.02.06	00:51:22.980	0.83185				2
2025.02.06	00:51:26.561		0.83215			4
2025.02.06	00:51:38.003	0.83184				2
2025.02.06	00:51:43.933	0.83183				2
2025.02.06	00:51:50.187	0.83182				2
2025.02.06	00:51:50.503	0.83184	0.83209			6
2025.02.06	00:51:51.183	0.83181	0.83213			6
2025.02.06	00:51:55.586	0.83180				2
2025.02.06	00:51:58.592		0.83214			4
2025.02.06	00:52:00.274	0.83180				2
2025.02.06	00:52:01.593	0.83184				2
2025.02.06	00:52:13.240	0.83183				2
2025.02.06	00:52:20.620		0.83215			4
2025.02.06	00:52:23.855	0.83187				2
2025.02.06	00:52:24.720	0.83188				2
2025.02.06	00:53:00.271	0.83188				2
2025.02.06	00:53:00.985	0.83190				2
2025.02.06	00:53:07.731	0.83191	0.83214			6
2025.02.06	00:53:10.948		0.83213			4
2025.02.06	00:53:11.461	0.83184	0.83214			6
2025.02.06	00:53:21.215	0.83180				2
2025.02.06	00:53:30.611	0.83181				2
2025.02.06	00:53:35.224	0.83182				2
2025.02.06	00:53:37.532	0.83180				2
2025.02.06	00:53:42.988	0.83181				2
2025.02.06	00:53:49.483	0.83180				2
2025.02.06	00:53:51.386	0.83190				2
2025.02.06	00:54:01.557	0.83190				2
2025.02.06	00:54:09.086	0.83189	0.83213			6
2025.02.06	00:54:23.428		0.83214			4
2025.02.06	00:54:43.210	0.83187	0.83215			6
2025.02.06	00:54:48.847	0.83185				2
2025.02.06	00:54:51.557	0.83186				2
2025.02.06	00:54:54.414	0.83189	0.83212			6
2025.02.06	00:54:55.976	0.83188				2
2025.02.06	00:55:00.393	0.83183	0.83217			6
2025.02.06	00:55:02.670	0.83184	0.83218			6
2025.02.06	00:55:04.586	0.83185	0.83217			6
2025.02.06	00:55:06.669	0.83189	0.83212			6
2025.02.06	00:55:07.304	0.83188				2
2025.02.06	00:55:07.885	0.83187				2
2025.02.06	00:55:09.986	0.83189	0.83211			6
2025.02.06	00:55:10.825	0.83190				2
2025.02.06	00:55:12.363	0.83186	0.83215			6
2025.02.06	00:55:13.603		0.83216			4
2025.02.06	00:55:14.185		0.83215			4
2025.02.06	00:55:15.900	0.83187	0.83214			6
2025.02.06	00:55:20.487		0.83215			4
2025.02.06	00:55:25.003	0.83185				2
2025.02.06	00:55:32.282	0.83186	0.83214			6
2025.02.06	00:55:40.649	0.83187				2
2025.02.06	00:55:45.518	0.83184	0.83215			6
2025.02.06	00:55:47.188	0.83185				2
2025.02.06	00:55:52.889	0.83186				2
2025.02.06	00:55:57.852	0.83184				2
2025.02.06	00:55:59.235	0.83188	0.83211			6
2025.02.06	00:55:59.543	0.83184	0.83216			6
2025.02.06	00:56:01.641	0.83185	0.83215			6
2025.02.06	00:56:06.993	0.83186				2
2025.02.06	00:56:16.376	0.83184	0.83217			6
2025.02.06	00:56:17.730	0.83187	0.83214			6
2025.02.06	00:56:20.370	0.83186	0.83215			6
2025.02.06	00:56:23.120	0.83187				2
2025.02.06	00:56:31.889	0.83186				2
2025.02.06	00:56:37.885	0.83187				2
2025.02.06	00:56:41.645	0.83185	0.83217			6
2025.02.06	00:56:42.386	0.83184				2
2025.02.06	00:56:48.686	0.83186				2
2025.02.06	00:56:53.240	0.83188				2
2025.02.06	00:56:54.246	0.83186				2
2025.02.06	00:57:00.445	0.83186				2
2025.02.06	00:57:00.784	0.83187				2
2025.02.06	00:57:01.590	0.83188				2
2025.02.06	00:57:08.486	0.83189				2
2025.02.06	00:57:15.086	0.83191				2
2025.02.06	00:57:22.809	0.83190				2
2025.02.06	00:57:31.146	0.83192				2
2025.02.06	00:57:43.889		0.83217			4
2025.02.06	00:57:50.789	0.83193				2
2025.02.06	00:57:53.313	0.83191				2
2025.02.06	00:58:01.788	0.83191				2
2025.02.06	00:58:03.391	0.83190				2
2025.02.06	00:58:23.485	0.83187				2
2025.02.06	00:58:24.085	0.83190				2
2025.02.06	00:58:44.166		0.83217			4
2025.02.06	00:58:57.992	0.83191				2
2025.02.06	00:59:01.559	0.83191				2
2025.02.06	00:59:17.820	0.83194	0.83214			6
2025.02.06	00:59:20.447	0.83195	0.83213			6
2025.02.06	00:59:23.938		0.83212			4
2025.02.06	00:59:24.353		0.83213			4
2025.02.06	00:59:33.691		0.83212			4
2025.02.06	00:59:39.387	0.83191				2
2025.02.06	00:59:39.996	0.83195				2
2025.02.06	01:00:00.324	0.83197	0.83213			6
2025.02.06	01:00:00.650	0.83200	0.83218			6
2025.02.06	01:00:00.963	0.83204				2
2025.02.06	01:00:01.484	0.83205				2
2025.02.06	01:00:01.802	0.83204				2
2025.02.06	01:00:02.146	0.83193				2
2025.02.06	01:00:02.456	0.83202	0.83212			6
2025.02.06	01:00:03.675	0.83200	0.83210			6
2025.02.06	01:00:04.281	0.83192	0.83213			6
2025.02.06	01:00:04.781	0.83191				2
2025.02.06	01:00:05.175	0.83193	0.83212			6
2025.02.06	01:00:06.481	0.83198	0.83221			6
2025.02.06	01:00:07.005	0.83199	0.83219			6
2025.02.06	01:00:07.771	0.83198	0.83220			6
2025.02.06	01:00:08.393	0.83202	0.83217			6
2025.02.06	01:00:09.243	0.83201	0.83215			6
2025.02.06	01:00:11.088		0.83217			4
2025.02.06	01:00:12.400	0.83202				2
2025.02.06	01:00:13.721	0.83204	0.83222			6
2025.02.06	01:00:14.033	0.83208	0.83228			6
2025.02.06	01:00:14.343	0.83203				2
2025.02.06	01:00:14.645	0.83206	0.83241			6
2025.02.06	01:00:14.963	0.83209	0.83228			6
2025.02.06	01:00:15.275		0.83227			4
2025.02.06	01:00:15.976	0.83205	0.83225			6
2025.02.06	01:00:16.287		0.83224			4
2025.02.06	01:00:16.801		0.83227			4
2025.02.06	01:00:17.103	0.83207	0.83224			6
2025.02.06	01:00:17.404	0.83204	0.83223			6
2025.02.06	01:00:17.744		0.83222			4
2025.02.06	01:00:18.277	0.83202				2
2025.02.06	01:00:18.689	0.83201				2
2025.02.06	01:00:19.934	0.83210	0.83227			6
2025.02.06	01:00:20.263		0.83226			4
2025.02.06	01:00:24.226	0.83209				2
2025.02.06	01:00:25.810	0.83210				2
2025.02.06	01:00:27.245		0.83219			4
2025.02.06	01:00:27.827		0.83226			4
2025.02.06	01:00:28.390	0.83211				2
2025.02.06	01:00:28.857	0.83209				2
2025.02.06	01:00:31.528	0.83210	0.83228			6
2025.02.06	01:00:31.894		0.83226			4
2025.02.06	01:00:34.005	0.83211				2
2025.02.06	01:00:37.476	0.83210				2
2025.02.06	01:00:41.540	0.83211				2
2025.02.06	01:00:41.870	0.83212				2
2025.02.06	01:00:42.597		0.83230			4
2025.02.06	01:00:47.644		0.83229			4
2025.02.06	01:00:49.214	0.83211	0.83228			6
2025.02.06	01:00:52.608	0.83214				2
2025.02.06	01:00:58.385	0.83215				2
2025.02.06	01:01:00.326	0.83212	0.83225			6
2025.02.06	01:01:01.301		0.83224			4
2025.02.06	01:01:02.776	0.83210	0.83222			6
2025.02.06	01:01:07.701		0.83223			4
2025.02.06	01:01:09.130		0.83222			4
2025.02.06	01:01:10.404	0.83211				2
2025.02.06	01:01:12.149	0.83209				2
2025.02.06	01:01:12.464	0.83211				2
2025.02.06	01:01:19.585		0.83221			4
2025.02.06	01:01:19.896	0.83209	0.83219			6
2025.02.06	01:01:20.562	0.83203	0.83214			6
2025.02.06	01:01:20.891	0.83202				2
2025.02.06	01:01:22.390	0.83199				2
2025.02.06	01:01:26.785	0.83202	0.83217			6
2025.02.06	01:01:28.388	0.83204				2
2025.02.06	01:01:28.695		0.83215			4
2025.02.06	01:01:30.394	0.83205				2
2025.02.06	01:01:32.868	0.83203				2
2025.02.06	01:01:36.397	0.83204	0.83214			6
2025.02.06	01:01:43.838		0.83215			4
2025.02.06	01:01:45.566	0.83206				2
2025.02.06	01:01:46.127	0.83208				2
2025.02.06	01:01:46.710	0.83207	0.83218			6
2025.02.06	01:01:47.964	0.83201	0.83212			6
2025.02.06	01:01:48.384	0.83200				2
2025.02.06	01:01:54.042	0.83201	0.83213			6
2025.02.06	01:01:54.385	0.83202				2
2025.02.06	01:01:56.705	0.83200	0.83212			6
2025.02.06	01:02:00.223	0.83199	0.83210			6
2025.02.06	01:02:01.761	0.83203	0.83212			6
2025.02.06	01:02:03.381		0.83214			4
2025.02.06	01:02:05.532	0.83202	0.83213			6
2025.02.06	01:02:06.047		0.83212			4
2025.02.06	01:02:07.604		0.83211			4
2025.02.06	01:02:08.667		0.83212			4
2025.02.06	01:02:11.328	0.83197	0.83209			6
2025.02.06	01:02:11.682	0.83196				2
2025.02.06	01:02:12.746		0.83210			4
2025.02.06	01:02:18.727	0.83193	0.83205			6
2025.02.06	01:02:20.319	0.83194				2
2025.02.06	01:02:22.806	0.83193	0.83206			6
2025.02.06	01:02:35.548	0.83195	0.83207			6
2025.02.06	01:02:48.690	0.83197				2
2025.02.06	01:02:51.097	0.83198	0.83208			6
2025.02.06	01:02:51.801	0.83199	0.83205			6
2025.02.06	01:02:52.118	0.83195	0.83207			6
2025.02.06	01:02:52.479	0.83196	0.83205			6
2025.02.06	01:02:58.388	0.83194				2
2025.02.06	01:02:59.817	0.83196	0.83207			6
2025.02.06	01:03:00.468	0.83196				2
2025.02.06	01:03:01.942	0.83194	0.83205			6
2025.02.06	01:03:03.068	0.83195				2
2025.02.06	01:03:03.703	0.83196	0.83207			6
2025.02.06	01:03:12.089		0.83205			4
2025.02.06	01:03:13.703	0.83195				2
2025.02.06	01:03:14.484	0.83197	0.83199			6
2025.02.06	01:03:16.296	0.83195	0.83205			6
2025.02.06	01:03:22.556		0.83204			4
2025.02.06	01:03:34.958		0.83203			4
2025.02.06	01:03:35.284	0.83194				2
2025.02.06	01:03:36.384	0.83195				2
2025.02.06	01:03:38.386	0.83194				2
2025.02.06	01:03:50.617	0.83193				2
2025.02.06	01:03:56.189	0.83192				2
2025.02.06	01:04:00.386	0.83194				2
2025.02.06	01:04:00.816	0.83193				2
2025.02.06	01:04:34.017	0.83196	0.83204			6
2025.02.06	01:04:35.401		0.83205			4
2025.02.06	01:04:44.970	0.83197				2
2025.02.06	01:04:48.511	0.83201				2
2025.02.06	01:04:49.120	0.83197				2
2025.02.06	01:04:50.735	0.83198				2
2025.02.06	01:04:59.461	0.83199	0.83207			6
2025.02.06	01:05:00.446	0.83200				2
2025.02.06	01:05:04.572	0.83199				2
2025.02.06	01:05:06.234	0.83198				2
2025.02.06	01:05:11.348	0.83199				2
2025.02.06	01:05:12.289	0.83198				2
2025.02.06	01:05:12.802	0.83197				2
2025.02.06	01:05:16.893	0.83198				2
2025.02.06	01:05:21.087	0.83197				2
2025.02.06	01:05:26.257		0.83199			4
2025.02.06	01:05:27.461	0.83191	0.83193			6
2025.02.06	01:05:27.765	0.83189	0.83191			6
2025.02.06	01:05:28.067		0.83200			4
2025.02.06	01:05:35.634	0.83193	0.83197			6
2025.02.06	01:05:36.182	0.83189	0.83200			6
2025.02.06	01:05:44.506	0.83190	0.83199			6
2025.02.06	01:05:45.013		0.83200			4
2025.02.06	01:06:03.108	0.83190				2
2025.02.06	01:06:06.554	0.83186	0.83197			6
2025.02.06	01:06:11.720		0.83198			4
2025.02.06	01:06:13.195		0.83197			4
2025.02.06	01:06:15.195		0.83196			4
2025.02.06	01:06:34.826	0.83187				2
2025.02.06	01:06:36.368	0.83186				2
2025.02.06	01:06:43.955	0.83187				2
2025.02.06	01:07:00.456	0.83187				2
2025.02.06	01:07:01.162	0.83188				2
2025.02.06	01:07:02.088	0.83189				2
2025.02.06	01:07:05.538	0.83184	0.83192			6
2025.02.06	01:07:06.096	0.83185	0.83193			6
2025.02.06	01:07:08.660		0.83192			4
2025.02.06	01:07:19.615	0.83187	0.83196			6
2025.02.06	01:07:28.886	0.83186				2
2025.02.06	01:07:39.962	0.83187				2
2025.02.06	01:07:42.774	0.83184	0.83193			6
2025.02.06	01:07:43.620		0.83192			4
2025.02.06	01:07:45.987	0.83183				2
2025.02.06	01:07:48.218	0.83180	0.83188			6
2025.02.06	01:07:49.821	0.83179				2
2025.02.06	01:07:53.188	0.83180				2
2025.02.06	01:07:57.284		0.83189			4
2025.02.06	01:08:02.505	0.83180				2
2025.02.06	01:08:05.845		0.83187			4
2025.02.06	01:08:06.346		0.83185			4
2025.02.06	01:08:08.486	0.83179				2
2025.02.06	01:08:12.875	0.83183	0.83187			6
2025.02.06	01:08:13.342		0.83189			4
2025.02.06	01:08:18.627	0.83184				2
2025.02.06	01:08:22.768		0.83188			4
2025.02.06	01:08:28.545	0.83182	0.83187			6
2025.02.06	01:08:38.381	0.83180	0.83186			6
2025.02.06	01:08:38.766		0.83187			4
2025.02.06	01:08:39.375		0.83186			4
2025.02.06	01:08:55.370		0.83187			4
2025.02.06	01:08:56.220		0.83186			4
2025.02.06	01:08:57.951	0.83181	0.83187			6
2025.02.06	01:08:58.285	0.83180				2
2025.02.06	01:09:00.502	0.83186	0.83192			6
2025.02.06	01:09:00.898		0.83193			4
2025.02.06	01:09:01.410		0.83192			4
2025.02.06	01:09:01.736		0.83193			4
2025.02.06	01:09:03.515	0.83189	0.83196			6
2025.02.06	01:09:11.306		0.83195			4
2025.02.06	01:09:12.914	0.83188				2
2025.02.06	01:09:23.130	0.83189	0.83196			6
2025.02.06	01:09:27.322		0.83197			4
2025.02.06	01:09:28.551	0.83186	0.83193			6
2025.02.06	01:09:28.899	0.83184	0.83191			6
2025.02.06	01:09:29.449		0.83192			4
2025.02.06	01:09:35.185	0.83185				2
2025.02.06	01:09:38.566	0.83187	0.83194			6
2025.02.06	01:09:41.413		0.83193			4
2025.02.06	01:09:42.092	0.83186				2
2025.02.06	01:09:44.919	0.83189	0.83196			6
2025.02.06	01:09:57.725	0.83186	0.83192			6
2025.02.06	01:10:00.442	0.83186	0.83190			6
2025.02.06	01:10:01.477		0.83192			4
2025.02.06	01:10:35.154	0.83188	0.83193			6
2025.02.06	01:10:40.887		0.83194			4
2025.02.06	01:10:47.078		0.83193			4
2025.02.06	01:10:47.677		0.83194			4
2025.02.06	01:10:50.745		0.83193			4
2025.02.06	01:10:51.751	0.83186	0.83192			6
2025.02.06	01:10:59.113	0.83185				2
2025.02.06	01:11:00.419	0.83187				2
2025.02.06	01:11:02.872		0.83196			4
2025.02.06	01:11:03.184	0.83188	0.83194			6
2025.02.06	01:11:08.351		0.83195			4
2025.02.06	01:11:09.019		0.83194			4
2025.02.06	01:11:15.547	0.83187	0.83193			6
2025.02.06	01:11:16.281		0.83194			4
2025.02.06	01:11:16.587		0.83193			4
2025.02.06	01:11:19.786	0.83186				2
2025.02.06	01:11:20.094	0.83187				2
2025.02.06	01:11:23.229	0.83188				2
2025.02.06	01:11:25.689	0.83187				2
2025.02.06	01:11:26.354	0.83188	0.83192			6
2025.02.06	01:11:30.875	0.83186	0.83191			6
2025.02.06	01:11:36.953	0.83187				2
2025.02.06	01:11:38.438		0.83192			4
2025.02.06	01:12:02.359	0.83187				2
2025.02.06	01:12:07.731		0.83191			4
2025.02.06	01:12:26.075	0.83188	0.83192			6
2025.02.06	01:12:34.171	0.83187	0.83191			6
2025.02.06	01:12:34.981	0.83186	0.83190			6
2025.02.06	01:12:35.368	0.83187	0.83191			6
2025.02.06	01:12:44.033		0.83190			4
2025.02.06	01:12:44.383	0.83186				2
2025.02.06	01:12:45.429		0.83189			4
2025.02.06	01:12:46.698		0.83190			4
2025.02.06	01:12:53.545	0.83184				2
2025.02.06	01:12:59.710	0.83186				2
2025.02.06	01:13:00.023	0.83186				2
2025.02.06	01:13:03.079	0.83187				2
2025.02.06	01:13:04.079	0.83186	0.83191			6
2025.02.06	01:13:04.474	0.83185	0.83190			6
2025.02.06	01:13:11.873	0.83184				2
2025.02.06	01:13:21.056	0.83185				2
2025.02.06	01:13:21.361		0.83191			4
2025.02.06	01:13:49.719	0.83186	0.83188			6
2025.02.06	01:13:51.447		0.83189			4
2025.02.06	01:13:57.512	0.83184				2
2025.02.06	01:14:03.360	0.83184				2
2025.02.06	01:14:04.373		0.83188			4
2025.02.06	01:14:05.934		0.83189			4
2025.02.06	01:14:06.678		0.83188			4
2025.02.06	01:14:19.152	0.83185	0.83190			6
2025.02.06	01:14:20.142		0.83189			4
2025.02.06	01:14:27.568	0.83183	0.83187			6
2025.02.06	01:14:27.875		0.83186			4
2025.02.06	01:14:36.566	0.83182	0.83185			6
2025.02.06	01:14:37.022	0.83181				2
2025.02.06	01:14:52.891		0.83183			4
2025.02.06	01:14:55.378	0.83179				2
2025.02.06	01:15:00.380	0.83179	0.83185			6
2025.02.06	01:15:04.637	0.83180				2
2025.02.06	01:15:17.552		0.83184			4
2025.02.06	01:15:26.810		0.83182			4
2025.02.06	01:15:27.501		0.83183			4
2025.02.06	01:15:28.269		0.83182			4
2025.02.06	01:15:33.257	0.83179	0.83181			6
2025.02.06	01:15:33.606		0.83183			4
2025.02.06	01:15:33.926		0.83181			4
2025.02.06	01:15:50.726		0.83182			4
2025.02.06	01:15:51.077		0.83183			4
2025.02.06	01:15:57.369	0.83180				2
2025.02.06	01:15:57.683	0.83181	0.83184			6
2025.02.06	01:16:00.455	0.83181	0.83183			6
2025.02.06	01:16:00.773		0.83184			4
2025.02.06	01:16:10.269	0.83180	0.83182			6
2025.02.06	01:16:10.585	0.83179	0.83181			6
2025.02.06	01:16:12.436		0.83182			4
2025.02.06	01:16:14.425		0.83183			4
2025.02.06	01:16:19.656	0.83180				2
2025.02.06	01:16:26.650		0.83184			4
2025.02.06	01:16:27.391		0.83183			4
2025.02.06	01:16:53.204	0.83179				2
2025.02.06	01:17:01.241	0.83179				2
2025.02.06	01:17:10.554	0.83180				2
2025.02.06	01:17:15.703		0.83182			4
2025.02.06	01:17:19.855		0.83183			4
2025.02.06	01:17:20.181	0.83181	0.83184			6
2025.02.06	01:17:24.716	0.83182	0.83186			6
2025.02.06	01:17:26.347		0.83187			4
2025.02.06	01:17:27.055		0.83186			4
2025.02.06	01:17:37.704	0.83183				2
2025.02.06	01:17:38.563	0.83182	0.83185			6
2025.02.06	01:17:39.495		0.83186			4
2025.02.06	01:17:40.498	0.83183				2
2025.02.06	01:17:43.202		0.83187			4
2025.02.06	01:17:43.519		0.83186			4
2025.02.06	01:17:45.647		0.83187			4
2025.02.06	01:17:46.176	0.83184	0.83188			6
2025.02.06	01:18:00.385	0.83184				2
2025.02.06	01:18:32.695	0.83185				2
2025.02.06	01:18:45.651	0.83186	0.83189			6
2025.02.06	01:18:59.954		0.83190			4
2025.02.06	01:19:00.736	0.83186				2
2025.02.06	01:19:02.058		0.83189			4
2025.02.06	01:19:05.739		0.83190			4
2025.02.06	01:19:06.058		0.83189			4
2025.02.06	01:19:08.163		0.83190			4
2025.02.06	01:19:13.406	0.83183	0.83187			6
2025.02.06	01:19:24.648	0.83182	0.83186			6
2025.02.06	01:19:37.607	0.83183				2
2025.02.06	01:19:42.206	0.83182				2
2025.02.06	01:19:46.511	0.83183	0.83187			6
2025.02.06	01:19:56.941		0.83186			4
2025.02.06	01:19:57.273		0.83187			4
2025.02.06	01:20:00.352	0.83183				2
2025.02.06	01:20:05.112	0.83184	0.83188			6
2025.02.06	01:20:13.796	0.83186	0.83190			6
2025.02.06	01:20:15.204	0.83185	0.83189			6
2025.02.06	01:20:18.701	0.83187	0.83190			6
2025.02.06	01:20:19.298	0.83186				2
2025.02.06	01:20:27.129		0.83189			4
2025.02.06	01:20:27.502		0.83190			4
2025.02.06	01:20:29.376		0.83189			4
2025.02.06	01:20:29.681		0.83190			4
2025.02.06	01:20:30.103		0.83189			4
2025.02.06	01:20:30.581		0.83190			4
2025.02.06	01:20:46.230	0.83187	0.83191			6
2025.02.06	01:20:57.264		0.83190			4
2025.02.06	01:20:58.299		0.83189			4
2025.02.06	01:20:59.311		0.83190			4
2025.02.06	01:21:00.531	0.83187				2
2025.02.06	01:21:02.510		0.83189			4
2025.02.06	01:21:04.331		0.83190			4
2025.02.06	01:21:04.641		0.83189			4
2025.02.06	01:21:22.304		0.83190			4
2025.02.06	01:21:25.354	0.83186				2
2025.02.06	01:21:25.696	0.83187				2
2025.02.06	01:21:27.369		0.83191			4
2025.02.06	01:21:56.905	0.83185	0.83189			6
2025.02.06	01:21:57.208	0.83184	0.83187			6
2025.02.06	01:22:00.028	0.83183				2
2025.02.06	01:22:49.141	0.83182	0.83186			6
2025.02.06	01:23:01.462	0.83182				2
2025.02.06	01:23:04.834		0.83185			4
2025.02.06	01:23:05.970		0.83183			4
2025.02.06	01:23:06.886		0.83185			4
2025.02.06	01:23:09.943	0.83181				2
2025.02.06	01:23:11.602		0.83184			4
2025.02.06	01:23:30.143		0.83185			4
2025.02.06	01:23:30.589	0.83182	0.83186			6
2025.02.06	01:23:30.893		0.83185			4
2025.02.06	01:23:40.980		0.83186			4
2025.02.06	01:23:42.493		0.83185			4
2025.02.06	01:23:45.697		0.83186			4
2025.02.06	01:23:48.193		0.83185			4
2025.02.06	01:23:52.388		0.83186			4
2025.02.06	01:23:53.987		0.83185			4
2025.02.06	01:24:00.397	0.83182				2
2025.02.06	01:24:09.189	0.83183	0.83186			6
2025.02.06	01:24:09.503	0.83180	0.83184			6
2025.02.06	01:24:20.364	0.83181	0.83185			6
2025.02.06	01:24:25.084	0.83182	0.83186			6
2025.02.06	01:24:41.213		0.83185			4
2025.02.06	01:24:41.947		0.83186			4
2025.02.06	01:24:42.263	0.83183	0.83187			6
2025.02.06	01:25:00.102	0.83183				2
2025.02.06	01:25:01.202		0.83188			4
2025.02.06	01:25:01.504	0.83185	0.83189			6
2025.02.06	01:25:01.825		0.83190			4
2025.02.06	01:25:11.788	0.83186				2
2025.02.06	01:25:12.772		0.83191			4
2025.02.06	01:25:15.141	0.83187				2
2025.02.06	01:25:16.919	0.83186				2
2025.02.06	01:25:33.220	0.83188	0.83192			6
2025.02.06	01:25:46.785	0.83189	0.83193			6
2025.02.06	01:25:53.982	0.83190	0.83194			6
2025.02.06	01:25:59.148	0.83191	0.83195			6
2025.02.06	01:25:59.573	0.83189	0.83192			6
2025.02.06	01:26:00.223	0.83187				2
2025.02.06	01:26:07.506	0.83186				2
2025.02.06	01:26:11.581	0.83187				2
2025.02.06	01:26:14.324	0.83186				2
2025.02.06	01:26:15.856	0.83187				2
2025.02.06	01:26:55.073	0.83188				2
2025.02.06	01:27:00.420	0.83188	0.83192			6
2025.02.06	01:27:20.134	0.83190	0.83194			6
2025.02.06	01:27:28.789	0.83192				2
2025.02.06	01:27:29.431	0.83190				2
2025.02.06	01:27:30.497	0.83194	0.83197			6
2025.02.06	01:27:31.081	0.83193				2
2025.02.06	01:27:42.090	0.83194				2
2025.02.06	01:27:53.573	0.83193	0.83194			6
2025.02.06	01:27:53.906		0.83196			4
2025.02.06	01:28:08.013	0.83193				2
2025.02.06	01:28:24.780		0.83194			4
2025.02.06	01:28:29.880	0.83192				2
2025.02.06	01:28:36.159		0.83196			4
2025.02.06	01:28:37.240		0.83195			4
2025.02.06	01:28:38.066		0.83196			4
2025.02.06	01:28:39.602		0.83195			4
2025.02.06	01:28:40.075		0.83196			4
2025.02.06	01:28:40.595		0.83195			4
2025.02.06	01:28:48.208		0.83194			4
2025.02.06	01:28:48.548		0.83195			4
2025.02.06	01:28:50.790		0.83194			4
2025.02.06	01:28:54.432		0.83195			4
2025.02.06	01:28:55.729		0.83194			4
2025.02.06	01:28:56.373		0.83195			4
2025.02.06	01:29:00.207	0.83192				2
2025.02.06	01:29:00.550		0.83194			4
2025.02.06	01:29:01.393		0.83195			4
2025.02.06	01:29:02.747		0.83193			4
2025.02.06	01:29:11.686		0.83195			4
2025.02.06	01:29:19.181	0.83193	0.83197			6
2025.02.06	01:29:37.414		0.83194			4
2025.02.06	01:29:37.885	0.83192				2
2025.02.06	01:29:48.426	0.83191				2
2025.02.06	01:30:00.374	0.83191				2
2025.02.06	01:30:02.153		0.83193			4
2025.02.06	01:30:03.976		0.83194			4
2025.02.06	01:30:10.041	0.83192				2
2025.02.06	01:30:25.217		0.83195			4
2025.02.06	01:30:26.788	0.83191	0.83193			6
2025.02.06	01:30:31.542	0.83192	0.83194			6
2025.02.06	01:30:36.529		0.83196			4
2025.02.06	01:30:39.396	0.83193	0.83195			6
2025.02.06	01:30:39.706	0.83192				2
2025.02.06	01:30:41.083	0.83193	0.83196			6
2025.02.06	01:31:01.188	0.83193				2
2025.02.06	01:31:02.190	0.83195	0.83197			6
2025.02.06	01:31:02.503		0.83199			4
2025.02.06	01:31:17.328		0.83198			4
2025.02.06	01:31:28.681		0.83197			4
2025.02.06	01:31:30.023	0.83194	0.83196			6
2025.02.06	01:31:35.361	0.83193				2
2025.02.06	01:31:39.187		0.83197			4
2025.02.06	01:31:39.566		0.83196			4
2025.02.06	01:31:55.151		0.83195			4
2025.02.06	01:32:00.385	0.83193				2
2025.02.06	01:32:05.381		0.83194			4
2025.02.06	01:32:08.703	0.83191				2
2025.02.06	01:32:27.296		0.83195			4
2025.02.06	01:32:32.683		0.83194			4
2025.02.06	01:32:41.862		0.83195			4
2025.02.06	01:32:48.690		0.83194			4
2025.02.06	01:33:00.799	0.83191				2
2025.02.06	01:33:03.509	0.83190				2
2025.02.06	01:33:38.907	0.83191				2
2025.02.06	01:33:41.043	0.83190				2
2025.02.06	01:33:49.621		0.83194			4
2025.02.06	01:33:58.575		0.83193			4
2025.02.06	01:34:01.423	0.83190				2
2025.02.06	01:34:05.043	0.83189				2
2025.02.06	01:34:16.691	0.83187	0.83191			6
2025.02.06	01:34:36.064	0.83188	0.83192			6
2025.02.06	01:34:38.865	0.83187	0.83190			6
2025.02.06	01:34:40.396	0.83185	0.83189			6
2025.02.06	01:34:44.121	0.83184				2
2025.02.06	01:34:49.558	0.83185				2
2025.02.06	01:34:53.432	0.83186				2
2025.02.06	01:34:57.597		0.83190			4
2025.02.06	01:34:58.458		0.83189			4
2025.02.06	01:35:00.631	0.83183	0.83188			6
2025.02.06	01:35:05.721	0.83184				2
2025.02.06	01:35:06.024		0.83187			4
2025.02.06	01:35:21.390		0.83188			4
2025.02.06	01:35:28.840		0.83189			4
2025.02.06	01:35:29.456		0.83188			4
2025.02.06	01:35:30.156	0.83183	0.83187			6
2025.02.06	01:35:30.504		0.83188			4
2025.02.06	01:35:30.897		0.83187			4
2025.02.06	01:35:40.703	0.83184				2
2025.02.06	01:35:46.008	0.83183				2
2025.02.06	01:36:00.162	0.83183				2
2025.02.06	01:36:02.529	0.83184				2
2025.02.06	01:36:04.894	0.83183				2
2025.02.06	01:36:14.053	0.83184				2
2025.02.06	01:36:20.357	0.83185	0.83188			6
2025.02.06	01:36:21.078	0.83184	0.83187			6
2025.02.06	01:36:21.561		0.83188			4
2025.02.06	01:36:27.888		0.83187			4
2025.02.06	01:36:29.105		0.83188			4
2025.02.06	01:36:30.384	0.83185				2
2025.02.06	01:36:33.112	0.83187	0.83189			6
2025.02.06	01:36:33.478		0.83190			4
2025.02.06	01:36:38.488		0.83191			4
2025.02.06	01:36:38.868		0.83190			4
2025.02.06	01:36:40.394	0.83186	0.83189			6
2025.02.06	01:36:40.931		0.83190			4
2025.02.06	01:36:43.917		0.83189			4
2025.02.06	01:36:44.876		0.83190			4
2025.02.06	01:36:48.386		0.83189			4
2025.02.06	01:36:49.951	0.83185	0.83188			6
2025.02.06	01:36:50.354		0.83189			4
2025.02.06	01:36:50.700		0.83188			4
2025.02.06	01:36:53.696		0.83189			4
2025.02.06	01:37:00.479	0.83186				2
2025.02.06	01:37:01.105	0.83185				2
2025.02.06	01:37:54.307		0.83189			4
2025.02.06	01:38:00.379	0.83185				2
2025.02.06	01:38:41.176	0.83184	0.83190			6
2025.02.06	01:39:00.221	0.83184				2
2025.02.06	01:39:02.210	0.83185	0.83189			6
2025.02.06	01:39:02.832		0.83190			4
2025.02.06	01:39:07.880		0.83189			4
2025.02.06	01:39:08.700	0.83183				2
2025.02.06	01:39:09.533		0.83188			4
2025.02.06	01:39:27.638		0.83187			4
2025.02.06	01:39:29.515	0.83182				2
2025.02.06	01:39:30.389	0.83183				2
2025.02.06	01:39:42.106	0.83182				2
2025.02.06	01:39:49.343	0.83181				2
2025.02.06	01:40:01.286	0.83181				2
2025.02.06	01:40:12.498	0.83179	0.83182			6
2025.02.06	01:40:12.804	0.83180	0.83183			6
2025.02.06	01:40:15.903	0.83181	0.83184			6
2025.02.06	01:40:20.406	0.83180				2
2025.02.06	01:40:22.926		0.83183			4
2025.02.06	01:40:25.275	0.83179				2
2025.02.06	01:40:26.163		0.83182			4
2025.02.06	01:40:36.270		0.83183			4
2025.02.06	01:40:49.936		0.83182			4
2025.02.06	01:40:51.563		0.83183			4
2025.02.06	01:40:55.527		0.83182			4
2025.02.06	01:40:57.315		0.83181			4
2025.02.06	01:41:01.909	0.83179	0.83182			6
2025.02.06	01:41:13.906	0.83178	0.83181			6
2025.02.06	01:41:14.355		0.83182			4
2025.02.06	01:41:14.805		0.83181			4
2025.02.06	01:41:15.523		0.83182			4
2025.02.06	01:41:40.593		0.83181			4
2025.02.06	01:41:44.684		0.83182			4
2025.02.06	01:41:47.237	0.83177				2
2025.02.06	01:41:47.546	0.83178				2
2025.02.06	01:41:51.617		0.83183			4
2025.02.06	01:41:58.186	0.83177	0.83179			6
2025.02.06	01:41:58.517		0.83180			4
2025.02.06	01:41:59.139		0.83181			4
2025.02.06	01:42:03.386	0.83177				2
2025.02.06	01:42:12.387	0.83178				2
2025.02.06	01:42:15.912		0.83182			4
2025.02.06	01:42:22.050		0.83181			4
2025.02.06	01:42:22.523		0.83182			4
2025.02.06	01:42:23.056	0.83179	0.83183			6
2025.02.06	01:42:23.461	0.83175	0.83180			6
2025.02.06	01:42:23.763	0.83177	0.83182			6
2025.02.06	01:42:33.897	0.83178				2
2025.02.06	01:42:44.147	0.83179	0.83183			6
2025.02.06	01:43:00.387	0.83179				2
2025.02.06	01:43:04.826	0.83178				2
2025.02.06	01:43:05.791		0.83182			4
2025.02.06	01:43:08.940		0.83183			4
2025.02.06	01:43:15.140		0.83182			4
2025.02.06	01:43:20.478		0.83183			4
2025.02.06	01:43:30.136		0.83182			4
2025.02.06	01:43:32.214		0.83183			4
2025.02.06	01:43:34.393	0.83179	0.83184			6
2025.02.06	01:43:42.356	0.83178	0.83182			6
2025.02.06	01:44:00.533	0.83178				2
2025.02.06	01:44:05.501	0.83179	0.83183			6
2025.02.06	01:44:07.851		0.83184			4
2025.02.06	01:44:10.910		0.83183			4
2025.02.06	01:44:17.276		0.83184			4
2025.02.06	01:44:17.775		0.83183			4
2025.02.06	01:44:21.355		0.83184			4
2025.02.06	01:44:23.145	0.83178	0.83183			6
2025.02.06	01:44:35.506		0.83182			4
2025.02.06	01:45:00.446	0.83178				2
2025.02.06	01:45:08.480		0.83183			4
2025.02.06	01:45:10.706	0.83179				2
2025.02.06	01:45:12.888	0.83178				2
2025.02.06	01:45:14.244	0.83180				2
2025.02.06	01:45:19.870	0.83178				2
2025.02.06	01:45:20.304	0.83180				2
2025.02.06	01:45:20.700	0.83178	0.83182			6
2025.02.06	01:45:21.694	0.83182	0.83187			6
2025.02.06	01:45:22.013		0.83186			4
2025.02.06	01:45:22.351		0.83187			4
2025.02.06	01:45:30.411	0.83183	0.83188			6
2025.02.06	01:45:35.694	0.83182	0.83187			6
2025.02.06	01:45:41.703	0.83183	0.83188			6
2025.02.06	01:45:42.883	0.83184				2
2025.02.06	01:46:00.617	0.83184				2
2025.02.06	01:46:07.767		0.83187			4
2025.02.06	01:46:09.317		0.83188			4
2025.02.06	01:46:30.548	0.83183	0.83187			6
2025.02.06	01:46:46.111	0.83182	0.83186			6
2025.02.06	01:46:47.825		0.83185			4
2025.02.06	01:46:50.666		0.83187			4
2025.02.06	01:46:51.303	0.83183				2
2025.02.06	01:46:53.227	0.83182				2
2025.02.06	01:46:53.545	0.83183	0.83188			6
2025.02.06	01:46:54.346	0.83181	0.83186			6
2025.02.06	01:46:56.373	0.83182				2
2025.02.06	01:46:58.088	0.83181				2
2025.02.06	01:46:59.132	0.83182				2
2025.02.06	01:47:00.259	0.83182				2
2025.02.06	01:47:02.413	0.83181				2
2025.02.06	01:47:04.033	0.83182				2
2025.02.06	01:47:05.715	0.83181				2
2025.02.06	01:47:13.671	0.83183	0.83188			6
2025.02.06	01:47:14.687	0.83184				2
2025.02.06	01:47:21.027	0.83183				2
2025.02.06	01:47:42.171		0.83189			4
2025.02.06	01:47:43.358		0.83188			4
2025.02.06	01:47:45.374		0.83189			4
2025.02.06	01:47:45.683		0.83188			4
2025.02.06	01:47:54.868	0.83184				2
2025.02.06	01:48:00.321	0.83184				2
2025.02.06	01:48:04.691		0.83189			4
2025.02.06	01:48:05.971		0.83188			4
2025.02.06	01:48:07.475		0.83189			4
2025.02.06	01:48:12.963		0.83188			4
2025.02.06	01:48:21.569	0.83183				2
2025.02.06	01:48:34.847	0.83182	0.83187			6
2025.02.06	01:48:35.888	0.83184	0.83188			6
2025.02.06	01:48:36.914	0.83185	0.83189			6
2025.02.06	01:48:37.587		0.83188			4
2025.02.06	01:48:39.109	0.83186	0.83189			6
2025.02.06	01:48:39.578	0.83187	0.83190			6
2025.02.06	01:48:44.020	0.83186				2
2025.02.06	01:48:44.332	0.83185				2
2025.02.06	01:48:46.344	0.83189	0.83191			6
2025.02.06	01:48:46.662		0.83193			4
2025.02.06	01:48:49.711	0.83188				2
2025.02.06	01:48:54.594	0.83189	0.83194			6
2025.02.06	01:48:56.371		0.83193			4
2025.02.06	01:49:00.344	0.83189	0.83194			6
2025.02.06	01:49:01.980	0.83188	0.83192			6
2025.02.06	01:49:03.454	0.83187	0.83193			6
2025.02.06	01:49:03.814		0.83192			4
2025.02.06	01:49:04.547		0.83193			4
2025.02.06	01:49:05.163		0.83192			4
2025.02.06	01:49:05.638	0.83188	0.83193			6
2025.02.06	01:49:05.961		0.83192			4
2025.02.06	01:49:06.568		0.83193			4
2025.02.06	01:49:07.660		0.83192			4
2025.02.06	01:49:10.387	0.83189	0.83194			6
2025.02.06	01:49:13.765	0.83190				2
2025.02.06	01:49:23.649		0.83195			4
2025.02.06	01:49:23.955		0.83194			4
2025.02.06	01:49:33.424		0.83195			4
2025.02.06	01:49:34.049	0.83191				2
2025.02.06	01:49:34.655		0.83196			4
2025.02.06	01:49:34.962		0.83195			4
2025.02.06	01:49:35.991	0.83192				2
2025.02.06	01:49:53.778		0.83197			4
2025.02.06	01:49:54.380		0.83196			4
2025.02.06	01:49:57.389	0.83193				2
2025.02.06	01:49:59.503		0.83197			4
2025.02.06	01:50:01.876	0.83194				2
2025.02.06	01:50:05.869		0.83198			4
2025.02.06	01:50:06.189	0.83195				2
2025.02.06	01:50:07.937	0.83196	0.83200			6
2025.02.06	01:50:08.634	0.83195	0.83198			6
2025.02.06	01:50:09.180	0.83191	0.83195			6
2025.02.06	01:50:15.306	0.83192				2
2025.02.06	01:50:16.851		0.83196			4
2025.02.06	01:50:17.156		0.83195			4
2025.02.06	01:50:21.126	0.83193	0.83196			6
2025.02.06	01:50:22.760	0.83194				2
2025.02.06	01:50:28.701	0.83193	0.83197			6
2025.02.06	01:50:34.542		0.83196			4
2025.02.06	01:50:39.757		0.83195			4
2025.02.06	01:50:40.811		0.83196			4
2025.02.06	01:50:42.365		0.83197			4
2025.02.06	01:50:47.996	0.83194	0.83198			6
2025.02.06	01:50:48.410		0.83197			4
2025.02.06	01:50:51.269		0.83196			4
2025.02.06	01:50:59.132		0.83197			4
2025.02.06	01:50:59.824	0.83191	0.83194			6
2025.02.06	01:51:00.144	0.83191				2
2025.02.06	01:51:06.345	0.83193	0.83196			6
2025.02.06	01:51:06.661	0.83194				2
2025.02.06	01:51:07.655		0.83197			4
2025.02.06	01:51:09.208	0.83192	0.83194			6
2025.02.06	01:51:09.530	0.83191	0.83195			6
2025.02.06	01:51:12.471	0.83192				2
2025.02.06	01:51:13.599		0.83196			4
2025.02.06	01:51:14.003		0.83195			4
2025.02.06	01:51:29.462		0.83196			4
2025.02.06	01:51:33.110		0.83195			4
2025.02.06	01:51:35.078	0.83193				2
2025.02.06	01:51:40.404	0.83192				2
2025.02.06	01:51:43.549	0.83189	0.83194			6
2025.02.06	01:51:43.867		0.83193			4
2025.02.06	01:51:44.985		0.83194			4
2025.02.06	01:51:45.338		0.83193			4
2025.02.06	01:51:49.759	0.83188	0.83192			6
2025.02.06	01:51:53.817		0.83191			4
2025.02.06	01:51:54.347		0.83192			4
2025.02.06	01:52:00.014	0.83184	0.83188			6
2025.02.06	01:52:00.327	0.83186	0.83189			6
2025.02.06	01:52:00.648		0.83190			4
2025.02.06	01:52:01.304	0.83187				2
2025.02.06	01:52:02.015		0.83189			4
2025.02.06	01:52:02.353		0.83190			4
2025.02.06	01:52:02.694		0.83189			4
2025.02.06	01:52:05.061		0.83190			4
2025.02.06	01:52:06.984	0.83183	0.83187			6
2025.02.06	01:52:28.059	0.83182	0.83185			6
2025.02.06	01:52:28.571		0.83186			4
2025.02.06	01:52:52.143		0.83187			4
2025.02.06	01:52:54.501		0.83189			4
2025.02.06	01:52:54.803	0.83183				2
2025.02.06	01:53:00.482	0.83184				2
2025.02.06	01:53:02.442	0.83185				2
2025.02.06	01:53:02.803		0.83190			4
2025.02.06	01:53:09.390	0.83186	0.83191			6
2025.02.06	01:53:11.984		0.83192			4
2025.02.06	01:53:18.852	0.83185	0.83191			6
2025.02.06	01:53:20.229		0.83190			4
2025.02.06	01:53:25.568	0.83186	0.83192			6
2025.02.06	01:53:27.847		0.83191			4
2025.02.06	01:53:56.909		0.83192			4
2025.02.06	01:53:59.831	0.83185				2
2025.02.06	01:54:00.359	0.83185	0.83191			6
2025.02.06	01:54:02.207	0.83184	0.83190			6
2025.02.06	01:54:02.512	0.83183	0.83188			6
2025.02.06	01:54:04.346	0.83184				2
2025.02.06	01:54:26.434	0.83183				2
2025.02.06	01:54:33.418	0.83182	0.83187			6
2025.02.06	01:54:40.922	0.83181	0.83186			6
2025.02.06	01:54:50.667		0.83185			4
2025.02.06	01:55:00.397	0.83181				2
2025.02.06	01:55:02.835	0.83180	0.83184			6
2025.02.06	01:55:51.038	0.83181	0.83185			6
2025.02.06	01:56:00.357	0.83181				2
2025.02.06	01:56:07.341	0.83183	0.83187			6
2025.02.06	01:56:08.017		0.83186			4
2025.02.06	01:56:35.287		0.83185			4
2025.02.06	01:56:35.610		0.83186			4
2025.02.06	01:56:36.609	0.83181	0.83185			6
2025.02.06	01:56:40.121	0.83180	0.83184			6
2025.02.06	01:56:47.953	0.83178	0.83182			6
2025.02.06	01:57:00.830	0.83178				2
2025.02.06	01:57:14.064	0.83179	0.83183			6
2025.02.06	01:57:45.392	0.83178	0.83182			6
2025.02.06	01:57:50.974	0.83180	0.83184			6
2025.02.06	01:58:01.886	0.83180				2
2025.02.06	01:58:02.409		0.83182			4
2025.02.06	01:58:04.468		0.83183			4
2025.02.06	01:58:08.669		0.83184			4
2025.02.06	01:58:17.118		0.83183			4
2025.02.06	01:58:17.633		0.83184			4
2025.02.06	01:58:18.326		0.83183			4
2025.02.06	01:58:25.772		0.83184			4
2025.02.06	01:58:27.174	0.83179	0.83183			6
2025.02.06	01:58:33.098	0.83178	0.83181			6
2025.02.06	01:58:35.082	0.83177				2
2025.02.06	01:58:47.315	0.83173	0.83177			6
2025.02.06	01:58:47.624	0.83175	0.83179			6
2025.02.06	01:58:48.158	0.83176	0.83180			6
2025.02.06	01:58:50.352	0.83173	0.83176			6
2025.02.06	01:58:52.345	0.83172				2
2025.02.06	01:58:58.135		0.83175			4
2025.02.06	01:58:59.541	0.83171				2
2025.02.06	01:59:02.719	0.83171				2
2025.02.06	01:59:05.557		0.83173			4
2025.02.06	01:59:07.433	0.83170	0.83175			6
2025.02.06	01:59:10.351		0.83174			4
2025.02.06	01:59:11.757		0.83175			4
2025.02.06	01:59:12.383	0.83171				2
2025.02.06	01:59:18.037	0.83172	0.83176			6
2025.02.06	01:59:18.715	0.83171				2
2025.02.06	01:59:21.037	0.83173	0.83177			6
2025.02.06	01:59:22.176		0.83178			4
2025.02.06	01:59:32.350		0.83179			4
2025.02.06	01:59:33.245	0.83174				2
2025.02.06	01:59:33.964	0.83176	0.83181			6
2025.02.06	01:59:35.881	0.83177				2
2025.02.06	01:59:38.223		0.83182			4
2025.02.06	01:59:38.839		0.83181			4
2025.02.06	01:59:39.260		0.83182			4
2025.02.06	01:59:42.774		0.83180			4
2025.02.06	01:59:43.425	0.83176				2
2025.02.06	01:59:45.102		0.83181			4
2025.02.06	01:59:46.857	0.83178	0.83180			6
2025.02.06	01:59:48.586	0.83176				2
2025.02.06	01:59:48.972	0.83178	0.83181			6
2025.02.06	01:59:49.300	0.83176				2
2025.02.06	01:59:49.613	0.83178	0.83182			6
2025.02.06	01:59:50.351	0.83177	0.83181			6
2025.02.06	01:59:51.630	0.83176				2
2025.02.06	01:59:55.541	0.83177				2
2025.02.06	01:59:57.696	0.83178				2
2025.02.06	02:00:00.067	0.83178				2
2025.02.06	02:00:00.395	0.83181	0.83182			6
2025.02.06	02:00:01.521	0.83182	0.83183			6
2025.02.06	02:00:01.851		0.83184			4
2025.02.06	02:00:02.292	0.83183				2
2025.02.06	02:00:04.743	0.83182				2
2025.02.06	02:00:05.043	0.83183				2
2025.02.06	02:00:08.264		0.83185			4
2025.02.06	02:00:08.604		0.83184			4
2025.02.06	02:00:10.741	0.83184	0.83185			6
2025.02.06	02:00:11.043	0.83185	0.83187			6
2025.02.06	02:00:11.654	0.83186				2
2025.02.06	02:00:14.966	0.83187	0.83188			6
2025.02.06	02:00:15.268	0.83188	0.83189			6
2025.02.06	02:00:16.033	0.83187				2
2025.02.06	02:00:16.344		0.83188			4
2025.02.06	02:00:19.412	0.83184	0.83185			6
2025.02.06	02:00:22.081	0.83183	0.83184			6
2025.02.06	02:00:22.811	0.83182				2
2025.02.06	02:00:23.488		0.83183			4
2025.02.06	02:00:25.382		0.83184			4
2025.02.06	02:00:25.720	0.83180	0.83181			6
2025.02.06	02:00:28.431	0.83181	0.83182			6
2025.02.06	02:00:33.065	0.83178	0.83181			6
2025.02.06	02:00:34.346	0.83177	0.83180			6
2025.02.06	02:00:39.819		0.83179			4
2025.02.06	02:00:40.452	0.83181	0.83182			6
2025.02.06	02:00:42.008	0.83176	0.83177			6
2025.02.06	02:00:42.311	0.83177	0.83178			6
2025.02.06	02:00:42.626	0.83178	0.83179			6
2025.02.06	02:00:44.690	0.83179	0.83180			6
2025.02.06	02:00:46.673	0.83178	0.83179			6
2025.02.06	02:00:50.291	0.83177	0.83178			6
2025.02.06	02:00:52.098	0.83178	0.83179			6
2025.02.06	02:00:54.070	0.83176	0.83180			6
2025.02.06	02:00:55.580	0.83177				2
2025.02.06	02:00:57.576	0.83179				2
2025.02.06	02:01:00.360	0.83179				2
2025.02.06	02:01:00.981	0.83180	0.83181			6
2025.02.06	02:01:11.540	0.83181	0.83182			6
2025.02.06	02:01:14.381	0.83183	0.83184			6
2025.02.06	02:01:14.763	0.83182				2
2025.02.06	02:01:15.168	0.83179	0.83183			6
2025.02.06	02:01:16.293		0.83182			4
2025.02.06	02:01:20.397	0.83178				2
2025.02.06	02:01:26.611	0.83179				2
2025.02.06	02:01:27.219	0.83181				2
2025.02.06	02:01:27.528	0.83182	0.83186			6
2025.02.06	02:01:32.876	0.83184	0.83185			6
2025.02.06	02:01:33.972	0.83182				2
2025.02.06	02:01:34.350		0.83186			4
2025.02.06	02:01:37.481	0.83183	0.83185			6
2025.02.06	02:01:38.026		0.83184			4
2025.02.06	02:01:38.751	0.83184	0.83185			6
2025.02.06	02:01:39.521	0.83183	0.83184			6
2025.02.06	02:01:49.274	0.83182	0.83183			6
2025.02.06	02:01:52.201	0.83183	0.83184			6
2025.02.06	02:01:53.326	0.83182	0.83183			6
2025.02.06	02:01:53.847	0.83181	0.83182			6
2025.02.06	02:01:56.085	0.83179	0.83181			6
2025.02.06	02:01:59.766	0.83180				2
2025.02.06	02:02:00.527	0.83180				2
2025.02.06	02:02:03.028	0.83179	0.83180			6
2025.02.06	02:02:03.949	0.83178	0.83179			6
2025.02.06	02:02:04.260	0.83179	0.83180			6
2025.02.06	02:02:10.134	0.83177	0.83179			6
2025.02.06	02:02:10.440		0.83178			4
2025.02.06	02:02:20.309	0.83180	0.83181			6
2025.02.06	02:02:20.613	0.83181	0.83182			6
2025.02.06	02:02:21.213	0.83177	0.83180			6
2025.02.06	02:02:23.798	0.83178	0.83181			6
2025.02.06	02:02:24.105	0.83180				2
2025.02.06	02:02:24.818	0.83179	0.83180			6
2025.02.06	02:02:25.446	0.83178	0.83179			6
2025.02.06	02:02:28.827	0.83179	0.83180			6
2025.02.06	02:02:30.859	0.83178	0.83179			6
2025.02.06	02:02:40.380	0.83177	0.83178			6
2025.02.06	02:02:40.712	0.83178	0.83179			6
2025.02.06	02:02:46.068		0.83180			4
2025.02.06	02:02:47.180	0.83180	0.83181			6
2025.02.06	02:02:47.484	0.83181	0.83182			6
2025.02.06	02:02:52.197	0.83180	0.83181			6
2025.02.06	02:03:00.558	0.83180				2
2025.02.06	02:03:01.531	0.83179	0.83180			6
2025.02.06	02:03:02.176	0.83180	0.83181			6
2025.02.06	02:03:03.481	0.83178	0.83180			6
2025.02.06	02:03:05.596		0.83179			4
2025.02.06	02:03:05.901		0.83180			4
2025.02.06	02:03:07.548		0.83179			4
2025.02.06	02:03:10.421		0.83180			4
2025.02.06	02:03:10.985	0.83179				2
2025.02.06	02:03:13.050	0.83178	0.83179			6
2025.02.06	02:03:29.738	0.83177				2
2025.02.06	02:03:32.650	0.83176				2
2025.02.06	02:03:35.100	0.83177				2
2025.02.06	02:03:35.715	0.83178				2
2025.02.06	02:03:49.587	0.83177				2
2025.02.06	02:03:51.245	0.83176				2
2025.02.06	02:03:59.596	0.83175	0.83178			6
2025.02.06	02:04:00.253	0.83175				2
2025.02.06	02:04:00.562	0.83174	0.83176			6
2025.02.06	02:04:07.648	0.83173				2
2025.02.06	02:04:08.377	0.83172				2
2025.02.06	02:04:14.033	0.83174				2
2025.02.06	02:04:20.231	0.83175				2
2025.02.06	02:04:24.841	0.83172				2
2025.02.06	02:04:26.987	0.83174				2
2025.02.06	02:04:28.011	0.83175				2
2025.02.06	02:04:31.116		0.83177			4
2025.02.06	02:04:50.135	0.83176	0.83178			6
2025.02.06	02:04:52.017		0.83177			4
2025.02.06	02:04:56.413	0.83173	0.83176			6
2025.02.06	02:04:56.899		0.83177			4
2025.02.06	02:04:57.304	0.83175	0.83176			6
2025.02.06	02:05:00.654	0.83175				2
2025.02.06	02:05:03.865	0.83173				2
2025.02.06	02:05:04.751	0.83175				2
2025.02.06	02:05:13.027	0.83176	0.83177			6
2025.02.06	02:05:19.600	0.83175	0.83176			6
2025.02.06	02:05:30.071	0.83173	0.83174			6
2025.02.06	02:05:30.384	0.83174	0.83177			6
2025.02.06	02:05:31.635	0.83175				2
2025.02.06	02:05:31.959	0.83176	0.83178			6
2025.02.06	02:05:32.270		0.83179			4
2025.02.06	02:05:33.181		0.83178			4
2025.02.06	02:05:38.379		0.83177			4
2025.02.06	02:05:42.274		0.83178			4
2025.02.06	02:05:43.348	0.83174				2
2025.02.06	02:05:44.857	0.83175				2
2025.02.06	02:05:54.566	0.83177	0.83179			6
2025.02.06	02:05:54.890	0.83175	0.83177			6
2025.02.06	02:05:55.253		0.83178			4
2025.02.06	02:05:55.593		0.83177			4
2025.02.06	02:05:56.056		0.83178			4
2025.02.06	02:05:56.443		0.83177			4
2025.02.06	02:05:57.091		0.83178			4
2025.02.06	02:05:57.953	0.83176				2
2025.02.06	02:05:59.201	0.83175	0.83177			6
2025.02.06	02:05:59.502		0.83178			4
2025.02.06	02:06:00.421	0.83175	0.83179			6
2025.02.06	02:06:01.514		0.83178			4
2025.02.06	02:06:02.250	0.83176	0.83179			6
2025.02.06	02:06:08.943	0.83177				2
2025.02.06	02:06:09.886		0.83178			4
2025.02.06	02:06:10.682		0.83179			4
2025.02.06	02:06:11.043	0.83178	0.83180			6
2025.02.06	02:06:11.657		0.83179			4
2025.02.06	02:06:11.971		0.83180			4
2025.02.06	02:06:14.417		0.83181			4
2025.02.06	02:06:18.555	0.83176	0.83178			6
2025.02.06	02:06:19.343	0.83175	0.83177			6
2025.02.06	02:06:20.354		0.83178			4
2025.02.06	02:06:25.493	0.83176				2
2025.02.06	02:06:25.832		0.83177			4
2025.02.06	02:06:26.559		0.83178			4
2025.02.06	02:06:26.909		0.83177			4
2025.02.06	02:06:28.268		0.83178			4
2025.02.06	02:06:30.724		0.83177			4
2025.02.06	02:06:31.182		0.83178			4
2025.02.06	02:06:31.518		0.83177			4
2025.02.06	02:06:32.021		0.83178			4
2025.02.06	02:06:32.459		0.83177			4
2025.02.06	02:06:33.716	0.83173				2
2025.02.06	02:06:34.036		0.83176			4
2025.02.06	02:06:34.341		0.83177			4
2025.02.06	02:06:36.341		0.83176			4
2025.02.06	02:06:44.104		0.83175			4
2025.02.06	02:06:45.549		0.83174			4
2025.02.06	02:06:45.869	0.83174	0.83175			6
2025.02.06	02:06:49.599	0.83173	0.83174			6
2025.02.06	02:06:52.179		0.83175			4
2025.02.06	02:06:52.849		0.83174			4
2025.02.06	02:06:53.182		0.83175			4
2025.02.06	02:06:54.083	0.83172	0.83174			6
2025.02.06	02:06:54.457	0.83171				2
2025.02.06	02:06:56.078		0.83175			4
2025.02.06	02:07:00.366	0.83171				2
2025.02.06	02:07:00.697		0.83174			4
2025.02.06	02:07:01.003		0.83172			4
2025.02.06	02:07:01.477		0.83173			4
2025.02.06	02:07:01.816		0.83172			4
2025.02.06	02:07:03.053	0.83170				2
2025.02.06	02:07:03.681	0.83171	0.83173			6
2025.02.06	02:07:07.439		0.83172			4
2025.02.06	02:07:08.274	0.83172	0.83173			6
2025.02.06	02:07:09.507	0.83173	0.83174			6
2025.02.06	02:07:09.823	0.83171	0.83172			6
2025.02.06	02:07:10.126		0.83173			4
2025.02.06	02:07:13.301	0.83172				2
2025.02.06	02:07:15.244	0.83171				2
2025.02.06	02:07:15.749		0.83172			4
2025.02.06	02:07:19.522		0.83174			4
2025.02.06	02:07:19.871		0.83173			4
2025.02.06	02:07:23.058		0.83172			4
2025.02.06	02:07:27.186	0.83173	0.83174			6
2025.02.06	02:07:33.179	0.83174	0.83175			6
2025.02.06	02:07:33.481	0.83173	0.83174			6
2025.02.06	02:07:35.635	0.83172	0.83173			6
2025.02.06	02:07:35.946		0.83174			4
2025.02.06	02:07:42.666	0.83171				2
2025.02.06	02:07:45.735		0.83175			4
2025.02.06	02:07:46.048	0.83172	0.83173			6
2025.02.06	02:07:50.973	0.83171	0.83172			6
2025.02.06	02:08:00.354	0.83171				2
2025.02.06	02:08:02.376	0.83172	0.83173			6
2025.02.06	02:08:03.659	0.83171	0.83172			6
2025.02.06	02:08:15.264	0.83172	0.83173			6
2025.02.06	02:08:47.335	0.83171	0.83172			6
2025.02.06	02:08:48.428	0.83172	0.83173			6
2025.02.06	02:08:50.918	0.83171	0.83172			6
2025.02.06	02:08:51.303	0.83172	0.83173			6
2025.02.06	02:08:52.085	0.83171	0.83172			6
2025.02.06	02:09:00.016	0.83171				2
2025.02.06	02:09:00.317	0.83169	0.83170			6
2025.02.06	02:09:00.627	0.83167	0.83168			6
2025.02.06	02:09:01.254	0.83166	0.83167			6
2025.02.06	02:09:02.684	0.83167	0.83169			6
2025.02.06	02:09:07.525	0.83165	0.83167			6
2025.02.06	02:09:15.667	0.83167	0.83169			6
2025.02.06	02:09:18.736	0.83168				2
2025.02.06	02:09:20.476		0.83170			4
2025.02.06	02:09:25.190		0.83169			4
2025.02.06	02:09:25.493		0.83170			4
2025.02.06	02:09:29.183		0.83169			4
2025.02.06	02:09:36.010	0.83167	0.83170			6
2025.02.06	02:09:36.672	0.83169				2
2025.02.06	02:09:37.081	0.83170	0.83171			6
2025.02.06	02:09:42.222	0.83167	0.83168			6
2025.02.06	02:09:42.618	0.83168	0.83169			6
2025.02.06	02:09:44.846	0.83169	0.83170			6
2025.02.06	02:09:52.174	0.83168	0.83169			6
2025.02.06	02:09:56.046	0.83169	0.83170			6
2025.02.06	02:10:00.396	0.83169				2
2025.02.06	02:10:00.703	0.83168	0.83169			6
2025.02.06	02:10:14.364	0.83167	0.83168			6
2025.02.06	02:10:21.649	0.83166	0.83167			6
2025.02.06	02:10:21.956	0.83165	0.83166			6
2025.02.06	02:10:23.556	0.83166	0.83167			6
2025.02.06	02:10:26.170	0.83168	0.83169			6
2025.02.06	02:10:28.801	0.83167	0.83168			6
2025.02.06	02:10:29.104	0.83166	0.83167			6
2025.02.06	02:10:44.241	0.83165				2
2025.02.06	02:10:49.143	0.83168	0.83169			6
2025.02.06	02:10:50.877	0.83170	0.83171			6
2025.02.06	02:10:55.402	0.83168	0.83169			6
2025.02.06	02:10:59.282	0.83169	0.83170			6
2025.02.06	02:11:00.181	0.83169				2
2025.02.06	02:11:00.524	0.83168	0.83169			6
2025.02.06	02:11:04.548	0.83170	0.83171			6
2025.02.06	02:11:09.882	0.83168	0.83170			6
2025.02.06	02:11:14.500		0.83169			4
2025.02.06	02:11:14.990		0.83170			4
2025.02.06	02:11:18.940		0.83169			4
2025.02.06	02:11:22.840	0.83167	0.83170			6
2025.02.06	02:11:25.822	0.83169	0.83171			6
2025.02.06	02:11:32.900		0.83172			4
2025.02.06	02:11:36.620	0.83168	0.83171			6
2025.02.06	02:11:36.996	0.83169	0.83172			6
2025.02.06	02:11:39.820		0.83171			4
2025.02.06	02:11:40.667		0.83172			4
2025.02.06	02:11:41.253		0.83171			4
2025.02.06	02:11:44.905		0.83172			4
2025.02.06	02:11:55.927	0.83168				2
2025.02.06	02:11:56.228	0.83170	0.83171			6
2025.02.06	02:11:57.371		0.83172			4
2025.02.06	02:11:59.328		0.83171			4
2025.02.06	02:12:00.366	0.83170				2
2025.02.06	02:12:07.036	0.83169				2
2025.02.06	02:12:08.477		0.83170			4
2025.02.06	02:12:11.222		0.83171			4
2025.02.06	02:12:11.526		0.83170			4
2025.02.06	02:12:16.163	0.83168	0.83169			6
2025.02.06	02:12:18.176		0.83170			4
2025.02.06	02:12:19.297		0.83169			4
2025.02.06	02:12:24.111	0.83167	0.83170			6
2025.02.06	02:12:24.416	0.83168				2
2025.02.06	02:12:38.115		0.83169			4
2025.02.06	02:12:38.422		0.83170			4
2025.02.06	02:12:38.758		0.83169			4
2025.02.06	02:12:39.247		0.83170			4
2025.02.06	02:12:50.839		0.83169			4
2025.02.06	02:12:51.822	0.83165				2
2025.02.06	02:12:52.132	0.83167				2
2025.02.06	02:12:52.573		0.83168			4
2025.02.06	02:12:52.875		0.83169			4
2025.02.06	02:12:53.183	0.83164	0.83167			6
2025.02.06	02:12:57.509		0.83168			4
2025.02.06	02:12:58.421	0.83166				2
2025.02.06	02:12:58.849	0.83164				2
2025.02.06	02:12:59.535	0.83166				2
2025.02.06	02:13:00.462	0.83165				2
2025.02.06	02:13:02.415	0.83164				2
2025.02.06	02:13:10.434	0.83166	0.83170			6
2025.02.06	02:13:19.226	0.83167				2
2025.02.06	02:13:25.243	0.83166				2
2025.02.06	02:13:25.563		0.83169			4
2025.02.06	02:13:27.385		0.83170			4
2025.02.06	02:13:27.949		0.83169			4
2025.02.06	02:13:28.751		0.83170			4
2025.02.06	02:13:29.289	0.83167				2
2025.02.06	02:13:33.420		0.83171			4
2025.02.06	02:13:33.785		0.83170			4
2025.02.06	02:13:37.561		0.83171			4
2025.02.06	02:13:37.866		0.83170			4
2025.02.06	02:13:49.386	0.83166				2
2025.02.06	02:13:52.360		0.83169			4
2025.02.06	02:14:00.271	0.83166				2
2025.02.06	02:14:00.707		0.83170			4
2025.02.06	02:14:01.044	0.83164	0.83168			6
2025.02.06	02:14:12.055		0.83166			4
2025.02.06	02:14:14.921		0.83167			4
2025.02.06	02:14:16.863		0.83165			4
2025.02.06	02:14:21.315		0.83166			4
2025.02.06	02:14:21.623	0.83165				2
2025.02.06	02:14:22.621		0.83168			4
2025.02.06	02:14:27.335		0.83169			4
2025.02.06	02:14:30.766		0.83168			4
2025.02.06	02:14:31.094		0.83169			4
2025.02.06	02:14:31.910		0.83168			4
2025.02.06	02:14:36.386		0.83169			4
2025.02.06	02:14:37.366		0.83168			4
2025.02.06	02:14:40.349		0.83169			4
2025.02.06	02:14:43.466		0.83167			4
2025.02.06	02:14:44.214	0.83166	0.83168			6
2025.02.06	02:14:48.066	0.83165	0.83167			6
2025.02.06	02:14:52.690	0.83164	0.83166			6
2025.02.06	02:14:53.728		0.83167			4
2025.02.06	02:14:54.081		0.83166			4
2025.02.06	02:14:54.781	0.83165				2
2025.02.06	02:15:00.160	0.83165	0.83167			6
2025.02.06	02:15:01.538	0.83162	0.83164			6
2025.02.06	02:15:05.540	0.83161				2
2025.02.06	02:15:19.126	0.83160	0.83163			6
2025.02.06	02:15:21.377	0.83161	0.83162			6
2025.02.06	02:15:21.682		0.83163			4
2025.02.06	02:15:27.182		0.83164			4
2025.02.06	02:15:30.227		0.83163			4
2025.02.06	02:15:31.892		0.83164			4
2025.02.06	02:15:33.901		0.83163			4
2025.02.06	02:15:37.598		0.83164			4
2025.02.06	02:15:43.092	0.83162				2
2025.02.06	02:15:43.618		0.83165			4
2025.02.06	02:15:46.873		0.83163			4
2025.02.06	02:15:47.306	0.83161				2
2025.02.06	02:15:54.540		0.83162			4
2025.02.06	02:15:55.299		0.83163			4
2025.02.06	02:15:56.236		0.83162			4
2025.02.06	02:15:56.565		0.83163			4
2025.02.06	02:15:57.459		0.83164			4
2025.02.06	02:15:58.135		0.83162			4
2025.02.06	02:15:58.580		0.83163			4
2025.02.06	02:15:58.934		0.83162			4
2025.02.06	02:16:00.174	0.83161				2
2025.02.06	02:16:02.177		0.83163			4
2025.02.06	02:16:19.768	0.83158	0.83159			6
2025.02.06	02:16:21.332	0.83157				2
2025.02.06	02:16:23.568	0.83158	0.83161			6
2025.02.06	02:16:23.887		0.83162			4
2025.02.06	02:16:24.352	0.83159				2
2025.02.06	02:16:24.963	0.83160	0.83161			6
2025.02.06	02:16:25.264	0.83159				2
2025.02.06	02:16:31.630		0.83162			4
2025.02.06	02:16:41.300		0.83161			4
2025.02.06	02:16:42.001		0.83162			4
2025.02.06	02:17:00.153	0.83159				2
2025.02.06	02:17:01.441	0.83163	0.83166			6
2025.02.06	02:17:01.863	0.83164	0.83167			6
2025.02.06	02:17:02.307	0.83165				2
2025.02.06	02:17:08.878		0.83168			4
2025.02.06	02:17:14.096		0.83167			4
2025.02.06	02:17:15.460		0.83168			4
2025.02.06	02:17:18.540		0.83167			4
2025.02.06	02:17:24.330	0.83166	0.83169			6
2025.02.06	02:17:24.774	0.83167				2
2025.02.06	02:17:29.094	0.83168	0.83171			6
2025.02.06	02:17:37.268		0.83172			4
2025.02.06	02:17:42.515		0.83171			4
2025.02.06	02:17:42.874		0.83172			4
2025.02.06	02:17:44.803	0.83169				2
2025.02.06	02:17:47.142	0.83168				2
2025.02.06	02:17:52.632	0.83170	0.83173			6
2025.02.06	02:17:55.574	0.83167	0.83169			6
2025.02.06	02:17:56.146	0.83166				2
2025.02.06	02:18:00.153	0.83166				2
2025.02.06	02:18:02.069	0.83169	0.83172			6
2025.02.06	02:18:02.768		0.83173			4
2025.02.06	02:18:14.195	0.83165	0.83169			6
2025.02.06	02:18:14.754		0.83168			4
2025.02.06	02:18:20.664		0.83169			4
2025.02.06	02:18:24.459		0.83168			4
2025.02.06	02:18:31.875	0.83168	0.83172			6
2025.02.06	02:18:32.196	0.83167	0.83170			6
2025.02.06	02:18:34.485	0.83166	0.83169			6
2025.02.06	02:18:45.506	0.83162	0.83166			6
2025.02.06	02:18:49.328	0.83165				2
2025.02.06	02:18:49.814	0.83162				2
2025.02.06	02:18:50.636		0.83165			4
2025.02.06	02:18:51.125		0.83166			4
2025.02.06	02:19:01.827	0.83162				2
2025.02.06	02:19:02.801	0.83163				2
2025.02.06	02:19:04.698	0.83162				2
2025.02.06	02:19:07.770	0.83163				2
2025.02.06	02:19:09.288	0.83164				2
2025.02.06	02:19:10.480		0.83167			4
2025.02.06	02:19:13.534		0.83166			4
2025.02.06	02:19:17.542		0.83167			4
2025.02.06	02:19:21.389		0.83168			4
2025.02.06	02:19:23.235		0.83167			4
2025.02.06	02:19:23.557		0.83168			4
2025.02.06	02:19:25.382		0.83167			4
2025.02.06	02:19:31.562	0.83165				2
2025.02.06	02:19:33.030		0.83166			4
2025.02.06	02:19:34.725	0.83164				2
2025.02.06	02:19:36.519		0.83167			4
2025.02.06	02:19:40.350	0.83165				2
2025.02.06	02:19:40.985		0.83168			4
2025.02.06	02:19:44.371		0.83167			4
2025.02.06	02:19:44.706		0.83166			4
2025.02.06	02:19:50.273	0.83164				2
2025.02.06	02:19:50.700	0.83163				2
2025.02.06	02:20:00.374	0.83163				2
2025.02.06	02:20:01.273	0.83159	0.83162			6
2025.02.06	02:20:03.831		0.83163			4
2025.02.06	02:20:05.368	0.83160				2
2025.02.06	02:20:10.098		0.83162			4
2025.02.06	02:20:16.421	0.83159				2
2025.02.06	02:20:17.351		0.83164			4
2025.02.06	02:20:18.610		0.83162			4
2025.02.06	02:20:23.427		0.83161			4
2025.02.06	02:20:23.744	0.83158				2
2025.02.06	02:20:24.327	0.83159	0.83162			6
2025.02.06	02:20:29.513		0.83161			4
2025.02.06	02:20:32.072		0.83163			4
2025.02.06	02:20:37.387		0.83162			4
2025.02.06	02:20:37.795		0.83163			4
2025.02.06	02:20:38.116		0.83162			4
2025.02.06	02:20:42.388		0.83161			4
2025.02.06	02:20:42.901		0.83162			4
2025.02.06	02:20:53.973		0.83163			4
2025.02.06	02:20:54.344	0.83160				2
2025.02.06	02:20:55.071		0.83164			4
2025.02.06	02:20:57.042		0.83163			4
2025.02.06	02:20:58.306	0.83159				2
2025.02.06	02:20:58.619	0.83160				2
2025.02.06	02:20:59.348	0.83159	0.83162			6
2025.02.06	02:21:00.518	0.83159				2
2025.02.06	02:21:00.876	0.83160				2
2025.02.06	02:21:01.421		0.83164			4
2025.02.06	02:21:01.842		0.83165			4
2025.02.06	02:21:02.381	0.83161				2
2025.02.06	02:21:02.957		0.83166			4
2025.02.06	02:21:03.263	0.83162	0.83165			6
2025.02.06	02:21:03.581	0.83161				2
2025.02.06	02:21:03.881		0.83163			4
2025.02.06	02:21:04.839		0.83164			4
2025.02.06	02:21:09.349		0.83165			4
2025.02.06	02:21:10.922	0.83162	0.83166			6
2025.02.06	02:21:11.280	0.83163				2
2025.02.06	02:21:12.037	0.83162	0.83165			6
2025.02.06	02:21:13.480		0.83166			4
2025.02.06	02:21:13.878		0.83165			4
2025.02.06	02:21:14.322		0.83166			4
2025.02.06	02:21:17.451		0.83165			4
2025.02.06	02:21:18.460		0.83166			4
2025.02.06	02:21:19.369		0.83165			4
2025.02.06	02:21:23.255		0.83166			4
2025.02.06	02:21:29.931		0.83165			4
2025.02.06	02:21:32.133		0.83166			4
2025.02.06	02:21:33.124		0.83165			4
2025.02.06	02:21:33.697		0.83166			4
2025.02.06	02:21:35.533		0.83165			4
2025.02.06	02:21:35.841		0.83166			4
2025.02.06	02:21:38.347	0.83164				2
2025.02.06	02:21:41.238	0.83161	0.83165			6
2025.02.06	02:21:44.187	0.83162	0.83163			6
2025.02.06	02:21:46.965	0.83161	0.83165			6
2025.02.06	02:21:47.282	0.83162				2
2025.02.06	02:21:47.671	0.83161				2
2025.02.06	02:21:48.856	0.83162				2
2025.02.06	02:21:51.034		0.83166			4
2025.02.06	02:21:51.452	0.83163				2
2025.02.06	02:21:55.388		0.83165			4
2025.02.06	02:21:56.334	0.83162				2
2025.02.06	02:21:56.788	0.83161				2
2025.02.06	02:21:57.385	0.83162				2
2025.02.06	02:21:58.875	0.83161				2
2025.02.06	02:22:00.367	0.83165	0.83167			6
2025.02.06	02:22:00.703		0.83168			4
2025.02.06	02:22:02.509		0.83169			4
2025.02.06	02:22:09.041	0.83167				2
2025.02.06	02:22:10.733		0.83168			4
2025.02.06	02:22:26.608		0.83169			4
2025.02.06	02:22:27.262	0.83166				2
2025.02.06	02:22:28.553	0.83164	0.83167			6
2025.02.06	02:22:40.570	0.83165	0.83168			6
2025.02.06	02:22:41.412	0.83166				2
2025.02.06	02:22:50.815	0.83165	0.83167			6
2025.02.06	02:22:52.535	0.83166	0.83169			6
2025.02.06	02:22:53.970	0.83167				2
2025.02.06	02:22:56.785		0.83170			4
2025.02.06	02:23:00.022	0.83166				2
2025.02.06	02:23:00.356	0.83164	0.83167			6
2025.02.06	02:23:00.660	0.83165				2
2025.02.06	02:23:03.789	0.83167	0.83168			6
2025.02.06	02:23:04.098	0.83165	0.83167			6
2025.02.06	02:23:04.786	0.83167	0.83168			6
2025.02.06	02:23:06.581	0.83168	0.83169			6
2025.02.06	02:23:06.926		0.83170			4
2025.02.06	02:23:16.070	0.83170	0.83171			6
2025.02.06	02:23:21.099	0.83172	0.83173			6
2025.02.06	02:23:21.551	0.83170	0.83171			6
2025.02.06	02:23:21.913	0.83171	0.83172			6
2025.02.06	02:23:22.350	0.83169	0.83171			6
2025.02.06	02:23:23.668	0.83170				2
2025.02.06	02:23:26.772	0.83169	0.83170			6
2025.02.06	02:23:30.253	0.83168	0.83169			6
2025.02.06	02:23:30.557		0.83170			4
2025.02.06	02:23:31.622	0.83167	0.83169			6
2025.02.06	02:23:34.184	0.83168				2
2025.02.06	02:23:35.386	0.83167				2
2025.02.06	02:23:37.348	0.83163	0.83164			6
2025.02.06	02:23:48.161	0.83162	0.83163			6
2025.02.06	02:23:48.464	0.83160	0.83161			6
2025.02.06	02:23:51.188	0.83161	0.83162			6
2025.02.06	02:23:51.769	0.83160	0.83161			6
2025.02.06	02:23:53.527	0.83163	0.83164			6
2025.02.06	02:23:54.172	0.83164	0.83165			6
2025.02.06	02:24:00.319	0.83165	0.83166			6
2025.02.06	02:24:00.949	0.83164	0.83165			6
2025.02.06	02:24:17.598	0.83162	0.83163			6
2025.02.06	02:24:24.702	0.83161	0.83162			6
2025.02.06	02:24:26.505	0.83160	0.83161			6
2025.02.06	02:24:26.823	0.83162	0.83163			6
2025.02.06	02:24:31.838	0.83163	0.83164			6
2025.02.06	02:24:42.446	0.83165	0.83166			6
2025.02.06	02:24:45.104	0.83164	0.83165			6
2025.02.06	02:24:52.479	0.83162	0.83163			6
2025.02.06	02:24:56.776	0.83161	0.83162			6
2025.02.06	02:24:59.770	0.83159	0.83160			6
2025.02.06	02:25:00.084	0.83159				2
2025.02.06	02:25:00.814	0.83160	0.83161			6
2025.02.06	02:25:01.180	0.83161	0.83162			6
2025.02.06	02:25:01.482	0.83159	0.83160			6
2025.02.06	02:25:06.443	0.83157	0.83158			6
2025.02.06	02:25:10.338	0.83159	0.83160			6
2025.02.06	02:25:20.417	0.83157	0.83158			6
2025.02.06	02:25:24.298	0.83159	0.83160			6
2025.02.06	02:25:30.437	0.83161	0.83164			6
2025.02.06	02:25:36.386	0.83162				2
2025.02.06	02:25:36.696	0.83165	0.83166			6
2025.02.06	02:25:37.028	0.83164	0.83165			6
2025.02.06	02:25:46.473	0.83165	0.83166			6
2025.02.06	02:25:54.349	0.83163	0.83164			6
2025.02.06	02:26:00.721	0.83163				2
2025.02.06	02:26:02.796	0.83164	0.83165			6
2025.02.06	02:26:14.520	0.83162	0.83163			6
2025.02.06	02:26:27.945	0.83161	0.83162			6
2025.02.06	02:26:28.263	0.83162	0.83163			6
2025.02.06	02:26:32.117	0.83161	0.83162			6
2025.02.06	02:26:41.582	0.83159	0.83160			6
2025.02.06	02:26:48.595	0.83160	0.83161			6
2025.02.06	02:26:49.883	0.83159	0.83160			6
2025.02.06	02:26:54.243	0.83160	0.83161			6
2025.02.06	02:26:58.558	0.83159	0.83160			6
2025.02.06	02:27:00.378	0.83159				2
2025.02.06	02:27:01.996	0.83160	0.83161			6
2025.02.06	02:27:02.345		0.83163			4
2025.02.06	02:27:03.500		0.83164			4
2025.02.06	02:27:05.443	0.83162	0.83163			6
2025.02.06	02:27:21.875	0.83160	0.83161			6
2025.02.06	02:27:25.479		0.83163			4
2025.02.06	02:27:36.199		0.83161			4
2025.02.06	02:27:37.266		0.83164			4
2025.02.06	02:27:38.379		0.83162			4
2025.02.06	02:27:39.718		0.83163			4
2025.02.06	02:27:41.607	0.83162				2
2025.02.06	02:28:00.370	0.83163	0.83164			6
2025.02.06	02:28:00.788	0.83164	0.83165			6
2025.02.06	02:28:03.230	0.83165	0.83166			6
2025.02.06	02:28:05.178	0.83166	0.83167			6
2025.02.06	02:28:05.687	0.83165	0.83166			6
2025.02.06	02:28:11.876	0.83163	0.83167			6
2025.02.06	02:28:12.185	0.83162	0.83166			6
2025.02.06	02:28:15.487	0.83164	0.83165			6
2025.02.06	02:28:17.094	0.83166	0.83167			6
2025.02.06	02:28:26.095	0.83165				2
2025.02.06	02:28:39.199	0.83167	0.83168			6
2025.02.06	02:28:41.696	0.83165	0.83169			6
2025.02.06	02:28:42.071		0.83168			4
2025.02.06	02:28:44.346		0.83167			4
2025.02.06	02:28:53.196		0.83168			4
2025.02.06	02:28:54.345	0.83164	0.83170			6
2025.02.06	02:28:54.695	0.83166	0.83167			6
2025.02.06	02:28:56.122	0.83165				2
2025.02.06	02:29:00.434	0.83165				2
2025.02.06	02:29:04.443		0.83168			4
2025.02.06	02:29:05.370		0.83167			4
2025.02.06	02:29:05.882		0.83168			4
2025.02.06	02:29:06.216		0.83167			4
2025.02.06	02:29:08.579	0.83166	0.83168			6
2025.02.06	02:29:10.710		0.83167			4
2025.02.06	02:29:11.535		0.83168			4
2025.02.06	02:29:20.447	0.83164	0.83166			6
2025.02.06	02:29:21.320	0.83166	0.83168			6
2025.02.06	02:29:22.439	0.83165				2
2025.02.06	02:29:32.032		0.83167			4
2025.02.06	02:29:33.279		0.83168			4
2025.02.06	02:29:43.463	0.83166				2
2025.02.06	02:29:52.076		0.83167			4
2025.02.06	02:29:55.391	0.83164	0.83168			6
2025.02.06	02:30:00.112	0.83164	0.83167			6
2025.02.06	02:30:00.441	0.83163				2
2025.02.06	02:30:01.066	0.83164				2
2025.02.06	02:30:01.380	0.83163				2
2025.02.06	02:30:01.687		0.83168			4
2025.02.06	02:30:05.328	0.83164				2
2025.02.06	02:30:05.653	0.83167	0.83170			6
2025.02.06	02:30:05.967		0.83171			4
2025.02.06	02:30:06.297		0.83170			4
2025.02.06	02:30:08.247	0.83166	0.83171			6
2025.02.06	02:30:08.883	0.83168	0.83173			6
2025.02.06	02:30:09.280	0.83170	0.83172			6
2025.02.06	02:30:14.333	0.83166	0.83170			6
2025.02.06	02:30:16.082		0.83169			4
2025.02.06	02:30:18.139	0.83165	0.83168			6
2025.02.06	02:30:20.072		0.83169			4
2025.02.06	02:30:36.255		0.83168			4
2025.02.06	02:30:43.677		0.83169			4
2025.02.06	02:30:45.861	0.83166				2
2025.02.06	02:30:52.221	0.83167				2
2025.02.06	02:30:55.548	0.83165				2
2025.02.06	02:30:58.993	0.83168	0.83170			6
2025.02.06	02:30:59.479	0.83167	0.83168			6
2025.02.06	02:31:00.100	0.83167				2
2025.02.06	02:31:00.836	0.83168	0.83170			6
2025.02.06	02:31:11.518	0.83167				2
2025.02.06	02:31:11.924	0.83168	0.83171			6
2025.02.06	02:31:13.126		0.83170			4
2025.02.06	02:31:13.446		0.83171			4
2025.02.06	02:31:27.667	0.83167	0.83169			6
2025.02.06	02:31:29.078	0.83168	0.83170			6
2025.02.06	02:31:33.296	0.83170	0.83172			6
2025.02.06	02:31:33.931		0.83173			4
2025.02.06	02:31:39.349		0.83172			4
2025.02.06	02:31:41.220	0.83169	0.83171			6
2025.02.06	02:31:41.557		0.83170			4
2025.02.06	02:31:43.382		0.83171			4
2025.02.06	02:31:44.379		0.83170			4
2025.02.06	02:31:56.376		0.83171			4
2025.02.06	02:31:58.353		0.83170			4
2025.02.06	02:31:59.678		0.83171			4
2025.02.06	02:32:00.291	0.83169				2
2025.02.06	02:32:00.702	0.83170				2
2025.02.06	02:32:02.475	0.83169				2
2025.02.06	02:32:05.375	0.83170				2
2025.02.06	02:32:06.587	0.83169	0.83170			6
2025.02.06	02:32:07.500	0.83168				2
2025.02.06	02:32:07.810	0.83169	0.83171			6
2025.02.06	02:32:11.976	0.83168	0.83170			6
2025.02.06	02:32:15.095		0.83171			4
2025.02.06	02:32:15.716		0.83170			4
2025.02.06	02:32:19.276		0.83171			4
2025.02.06	02:32:21.329		0.83170			4
2025.02.06	02:32:22.431	0.83169	0.83171			6
2025.02.06	02:32:23.239		0.83170			4
2025.02.06	02:32:23.556		0.83171			4
2025.02.06	02:32:28.269		0.83170			4
2025.02.06	02:32:31.420		0.83171			4
2025.02.06	02:32:31.772		0.83172			4
2025.02.06	02:32:32.108		0.83171			4
2025.02.06	02:32:39.492		0.83170			4
2025.02.06	02:32:44.559		0.83172			4
2025.02.06	02:32:47.007		0.83171			4
2025.02.06	02:32:48.690		0.83172			4
2025.02.06	02:32:49.541		0.83170			4
2025.02.06	02:32:55.221		0.83171			4
2025.02.06	02:32:55.790		0.83172			4
2025.02.06	02:32:59.913		0.83171			4
2025.02.06	02:33:00.457	0.83169	0.83170			6
2025.02.06	02:33:00.971		0.83171			4
2025.02.06	02:33:01.334		0.83170			4
2025.02.06	02:33:02.616		0.83171			4
2025.02.06	02:33:05.524	0.83166	0.83169			6
2025.02.06	02:33:06.181		0.83170			4
2025.02.06	02:33:10.074	0.83169	0.83171			6
2025.02.06	02:33:13.335		0.83170			4
2025.02.06	02:33:16.378		0.83172			4
2025.02.06	02:33:23.530		0.83171			4
2025.02.06	02:33:38.239		0.83172			4
2025.02.06	02:33:44.425		0.83171			4
2025.02.06	02:34:00.339	0.83169				2
2025.02.06	02:34:00.656		0.83170			4
2025.02.06	02:34:01.136		0.83171			4
2025.02.06	02:34:03.118	0.83170				2
2025.02.06	02:34:07.051	0.83169	0.83170			6
2025.02.06	02:34:07.767	0.83168				2
2025.02.06	02:34:08.167	0.83167				2
2025.02.06	02:34:08.483	0.83165	0.83169			6
2025.02.06	02:34:08.876	0.83167	0.83170			6
2025.02.06	02:34:09.418		0.83169			4
2025.02.06	02:34:15.819	0.83169	0.83171			6
2025.02.06	02:34:22.681		0.83170			4
2025.02.06	02:34:23.258		0.83171			4
2025.02.06	02:34:27.377		0.83172			4
2025.02.06	02:34:28.170		0.83171			4
2025.02.06	02:34:29.519	0.83168	0.83169			6
2025.02.06	02:34:29.825		0.83170			4
2025.02.06	02:34:31.723	0.83169	0.83171			6
2025.02.06	02:34:39.165	0.83168	0.83170			6
2025.02.06	02:34:39.515		0.83169			4
2025.02.06	02:34:39.817		0.83170			4
2025.02.06	02:34:44.167		0.83169			4
2025.02.06	02:34:50.814	0.83166				2
2025.02.06	02:34:53.667	0.83168				2
2025.02.06	02:34:54.312		0.83170			4
2025.02.06	02:34:58.314		0.83169			4
2025.02.06	02:34:59.966	0.83167				2
2025.02.06	02:35:00.719	0.83167				2
2025.02.06	02:35:02.910	0.83166				2
2025.02.06	02:35:03.338	0.83167	0.83170			6
2025.02.06	02:35:04.017	0.83168				2
2025.02.06	02:35:05.469	0.83169	0.83171			6
2025.02.06	02:35:07.005	0.83168				2
2025.02.06	02:35:08.550		0.83170			4
2025.02.06	02:35:09.153		0.83171			4
2025.02.06	02:35:10.130		0.83170			4
2025.02.06	02:35:10.778		0.83171			4
2025.02.06	02:35:11.119		0.83170			4
2025.02.06	02:35:12.328		0.83171			4
2025.02.06	02:35:16.606		0.83170			4
2025.02.06	02:35:16.977		0.83171			4
2025.02.06	02:35:17.278		0.83170			4
2025.02.06	02:35:23.663		0.83169			4
2025.02.06	02:35:23.995		0.83170			4
2025.02.06	02:35:28.211		0.83169			4
2025.02.06	02:35:31.986	0.83166	0.83168			6
2025.02.06	02:35:32.679	0.83167				2
2025.02.06	02:35:32.981		0.83169			4
2025.02.06	02:35:35.331		0.83168			4
2025.02.06	02:35:35.947		0.83169			4
2025.02.06	02:35:36.357	0.83164	0.83168			6
2025.02.06	02:35:36.664		0.83166			4
2025.02.06	02:35:37.105		0.83167			4
2025.02.06	02:35:37.424		0.83166			4
2025.02.06	02:35:41.039		0.83167			4
2025.02.06	02:35:41.385		0.83166			4
2025.02.06	02:35:48.894	0.83163				2
2025.02.06	02:35:49.230		0.83165			4
2025.02.06	02:35:49.546		0.83166			4
2025.02.06	02:35:49.852		0.83165			4
2025.02.06	02:35:50.183		0.83166			4
2025.02.06	02:35:51.910		0.83165			4
2025.02.06	02:35:52.388		0.83166			4
2025.02.06	02:35:52.978		0.83167			4
2025.02.06	02:35:54.102	0.83168	0.83170			6
2025.02.06	02:36:00.354	0.83168				2
2025.02.06	02:36:06.776	0.83169				2
2025.02.06	02:36:07.417		0.83172			4
2025.02.06	02:36:09.185	0.83170				2
2025.02.06	02:36:10.230	0.83169	0.83171			6
2025.02.06	02:36:29.752	0.83170				2
2025.02.06	02:36:30.981	0.83169				2
2025.02.06	02:36:32.705	0.83170				2
2025.02.06	02:36:33.309	0.83168	0.83170			6
2025.02.06	02:36:38.707	0.83170	0.83171			6
2025.02.06	02:36:45.562	0.83169	0.83170			6
2025.02.06	02:36:46.273	0.83168				2
2025.02.06	02:36:46.774	0.83170	0.83171			6
2025.02.06	02:36:57.500	0.83167	0.83169			6
2025.02.06	02:36:59.523	0.83168	0.83170			6
2025.02.06	02:37:00.550	0.83167				2
2025.02.06	02:37:03.960		0.83169			4
2025.02.06	02:37:09.760	0.83170	0.83171			6
2025.02.06	02:37:28.138	0.83169	0.83170			6
2025.02.06	02:37:31.170		0.83171			4
2025.02.06	02:37:34.409	0.83168				2
2025.02.06	02:37:35.791	0.83169				2
2025.02.06	02:37:36.129		0.83170			4
2025.02.06	02:37:43.827		0.83171			4
2025.02.06	02:37:44.230		0.83170			4
2025.02.06	02:37:46.066		0.83171			4
2025.02.06	02:37:53.387		0.83170			4
2025.02.06	02:38:00.359	0.83169	0.83171			6
2025.02.06	02:38:23.168	0.83167	0.83168			6
2025.02.06	02:38:23.485	0.83168	0.83169			6
2025.02.06	02:38:24.149		0.83170			4
2025.02.06	02:38:27.277	0.83167	0.83168			6
2025.02.06	02:38:44.981	0.83164	0.83167			6
2025.02.06	02:38:50.092		0.83166			4
2025.02.06	02:38:50.451		0.83167			4
2025.02.06	02:38:51.787		0.83168			4
2025.02.06	02:38:58.317		0.83166			4
2025.02.06	02:38:58.642	0.83165				2
2025.02.06	02:39:00.565	0.83165	0.83167			6
2025.02.06	02:39:02.066		0.83168			4
2025.02.06	02:39:02.778	0.83164	0.83166			6
2025.02.06	02:39:03.525	0.83166	0.83167			6
2025.02.06	02:39:12.817	0.83164	0.83166			6
2025.02.06	02:39:13.281		0.83165			4
2025.02.06	02:39:15.270		0.83166			4
2025.02.06	02:39:15.661		0.83165			4
2025.02.06	02:39:18.303	0.83167	0.83168			6
2025.02.06	02:39:19.961	0.83165	0.83166			6
2025.02.06	02:39:20.737	0.83164				2
2025.02.06	02:39:27.905	0.83167	0.83168			6
2025.02.06	02:39:30.359	0.83166	0.83167			6
2025.02.06	02:39:43.882	0.83165	0.83166			6
2025.02.06	02:40:00.386	0.83165				2
2025.02.06	02:40:01.464		0.83167			4
2025.02.06	02:40:01.768	0.83166				2
2025.02.06	02:40:02.261	0.83167	0.83168			6
2025.02.06	02:40:02.959	0.83168	0.83169			6
2025.02.06	02:40:21.712	0.83169	0.83170			6
2025.02.06	02:40:22.687	0.83168				2
2025.02.06	02:40:23.067	0.83169				2
2025.02.06	02:40:23.817	0.83168				2
2025.02.06	02:40:24.298	0.83169				2
2025.02.06	02:40:30.409	0.83168				2
2025.02.06	02:40:33.415		0.83169			4
2025.02.06	02:40:48.216	0.83167	0.83168			6
2025.02.06	02:40:52.595	0.83168	0.83169			6
2025.02.06	02:40:54.641		0.83170			4
2025.02.06	02:41:00.324	0.83168				2
2025.02.06	02:41:02.286	0.83166	0.83167			6
2025.02.06	02:41:48.041	0.83165				2
2025.02.06	02:41:49.262	0.83166				2
2025.02.06	02:41:56.655	0.83167	0.83168			6
2025.02.06	02:41:57.749	0.83166				2
2025.02.06	02:41:58.140		0.83167			4
2025.02.06	02:42:00.122	0.83166	0.83168			6
2025.02.06	02:42:07.170	0.83167				2
2025.02.06	02:42:08.991	0.83166				2
2025.02.06	02:42:14.024	0.83167				2
2025.02.06	02:42:15.045	0.83166	0.83167			6
2025.02.06	02:42:19.758	0.83165	0.83168			6
2025.02.06	02:42:21.439	0.83166				2
2025.02.06	02:42:24.643	0.83165	0.83167			6
2025.02.06	02:42:27.751		0.83166			4
2025.02.06	02:42:29.537		0.83167			4
2025.02.06	02:42:29.856		0.83168			4
2025.02.06	02:42:45.613		0.83166			4
2025.02.06	02:43:00.389	0.83166	0.83167			6
2025.02.06	02:43:06.818	0.83165	0.83166			6
2025.02.06	02:43:08.727		0.83167			4
2025.02.06	02:43:09.075		0.83166			4
2025.02.06	02:43:36.830	0.83166	0.83167			6
2025.02.06	02:43:37.168	0.83165	0.83166			6
2025.02.06	02:43:37.495	0.83164	0.83165			6
2025.02.06	02:43:38.270	0.83165	0.83166			6
2025.02.06	02:44:00.177	0.83165				2
2025.02.06	02:44:01.375	0.83164	0.83165			6
2025.02.06	02:44:04.727	0.83165	0.83166			6
2025.02.06	02:44:08.512	0.83164	0.83165			6
2025.02.06	02:44:08.823	0.83165	0.83166			6
2025.02.06	02:44:09.489	0.83164				2
2025.02.06	02:44:10.527	0.83165				2
2025.02.06	02:44:19.000		0.83167			4
2025.02.06	02:44:23.118		0.83166			4
2025.02.06	02:44:24.281		0.83167			4
2025.02.06	02:44:28.289		0.83166			4
2025.02.06	02:44:32.004	0.83164				2
2025.02.06	02:44:33.538	0.83165				2
2025.02.06	02:44:34.811	0.83164				2
2025.02.06	02:44:43.468	0.83165				2
2025.02.06	02:44:47.239		0.83167			4
2025.02.06	02:44:50.720		0.83166			4
2025.02.06	02:45:00.377	0.83165				2
2025.02.06	02:45:00.770		0.83167			4
2025.02.06	02:45:46.555		0.83166			4
2025.02.06	02:45:53.432	0.83164				2
2025.02.06	02:45:53.755		0.83165			4
2025.02.06	02:45:54.952	0.83165	0.83166			6
2025.02.06	02:45:57.720	0.83166	0.83167			6
2025.02.06	02:46:00.217	0.83166				2
2025.02.06	02:46:02.002	0.83165	0.83166			6
2025.02.06	02:46:07.710	0.83170	0.83171			6
2025.02.06	02:46:13.284	0.83169				2
2025.02.06	02:46:13.594	0.83170				2
2025.02.06	02:46:15.504		0.83172			4
2025.02.06	02:46:16.727		0.83171			4
2025.02.06	02:46:20.720		0.83173			4
2025.02.06	02:46:21.036	0.83169				2
2025.02.06	02:46:21.343	0.83170	0.83172			6
2025.02.06	02:46:21.906	0.83171				2
2025.02.06	02:46:26.532	0.83170	0.83171			6
2025.02.06	02:46:29.248	0.83169				2
2025.02.06	02:46:30.008	0.83171	0.83173			6
2025.02.06	02:46:30.359	0.83172	0.83174			6
2025.02.06	02:46:30.665	0.83171	0.83173			6
2025.02.06	02:46:31.267	0.83170	0.83172			6
2025.02.06	02:46:32.326	0.83171				2
2025.02.06	02:46:33.434		0.83173			4
2025.02.06	02:46:34.038	0.83172				2
2025.02.06	02:46:34.371	0.83173	0.83174			6
2025.02.06	02:46:38.560	0.83172				2
2025.02.06	02:46:38.956		0.83175			4
2025.02.06	02:46:39.262		0.83174			4
2025.02.06	02:46:39.601		0.83175			4
2025.02.06	02:46:40.364		0.83174			4
2025.02.06	02:46:40.758		0.83175			4
2025.02.06	02:46:41.189		0.83174			4
2025.02.06	02:46:47.560		0.83175			4
2025.02.06	02:46:47.862	0.83171	0.83174			6
2025.02.06	02:46:50.162	0.83172	0.83175			6
2025.02.06	02:46:53.583	0.83174				2
2025.02.06	02:46:53.884		0.83176			4
2025.02.06	02:46:56.248		0.83175			4
2025.02.06	02:46:57.716		0.83176			4
2025.02.06	02:46:58.173	0.83173	0.83175			6
2025.02.06	02:47:02.428	0.83173				2
2025.02.06	02:47:02.788	0.83172	0.83173			6
2025.02.06	02:47:03.227	0.83171	0.83172			6
2025.02.06	02:47:09.273	0.83170	0.83173			6
2025.02.06	02:47:09.587	0.83169	0.83172			6
2025.02.06	02:47:16.082	0.83168	0.83170			6
2025.02.06	02:47:16.386		0.83169			4
2025.02.06	02:47:17.726	0.83167				2
2025.02.06	02:47:22.241		0.83170			4
2025.02.06	02:47:28.129	0.83168				2
2025.02.06	02:47:28.839		0.83169			4
2025.02.06	02:47:29.188	0.83167				2
2025.02.06	02:47:30.134	0.83170	0.83171			6
2025.02.06	02:47:30.502	0.83169				2
2025.02.06	02:47:34.942		0.83170			4
2025.02.06	02:47:41.374	0.83168	0.83169			6
2025.02.06	02:47:42.480	0.83167				2
2025.02.06	02:47:42.899	0.83166				2
2025.02.06	02:47:47.645	0.83168	0.83170			6
2025.02.06	02:47:50.067		0.83169			4
2025.02.06	02:47:55.874	0.83167	0.83168			6
2025.02.06	02:47:59.292	0.83166				2
2025.02.06	02:47:59.621	0.83167				2
2025.02.06	02:47:59.923		0.83169			4
2025.02.06	02:48:00.638	0.83167				2
2025.02.06	02:48:08.791		0.83168			4
2025.02.06	02:48:09.881		0.83169			4
2025.02.06	02:48:11.937	0.83166	0.83168			6
2025.02.06	02:48:50.347		0.83169			4
2025.02.06	02:49:00.750	0.83166				2
2025.02.06	02:49:04.344	0.83167	0.83168			6
2025.02.06	02:49:07.561	0.83168	0.83170			6
2025.02.06	02:49:08.301	0.83166	0.83169			6
2025.02.06	02:49:21.367		0.83168			4
2025.02.06	02:49:22.163	0.83165				2
2025.02.06	02:49:23.490		0.83169			4
2025.02.06	02:49:24.545	0.83166				2
2025.02.06	02:49:25.359	0.83167				2
2025.02.06	02:49:25.721	0.83166				2
2025.02.06	02:49:28.101	0.83167				2
2025.02.06	02:49:30.383	0.83168				2
2025.02.06	02:49:34.910	0.83167				2
2025.02.06	02:49:35.620	0.83168				2
2025.02.06	02:49:36.849	0.83167				2
2025.02.06	02:49:38.467	0.83166				2
2025.02.06	02:49:42.293	0.83168				2
2025.02.06	02:49:43.518	0.83167				2
2025.02.06	02:49:49.038	0.83165	0.83168			6
2025.02.06	02:49:49.953		0.83167			4
2025.02.06	02:49:50.962		0.83169			4
2025.02.06	02:49:51.435		0.83168			4
2025.02.06	02:49:55.743		0.83167			4
2025.02.06	02:49:56.584	0.83166	0.83168			6
2025.02.06	02:50:00.006	0.83165				2
2025.02.06	02:50:00.328	0.83166	0.83169			6
2025.02.06	02:50:01.161	0.83165	0.83168			6
2025.02.06	02:50:16.033	0.83166	0.83169			6
2025.02.06	02:50:16.378	0.83165	0.83168			6
2025.02.06	02:50:23.402	0.83164	0.83167			6
2025.02.06	02:50:28.068	0.83165				2
2025.02.06	02:50:29.033	0.83164				2
2025.02.06	02:50:42.539		0.83168			4
2025.02.06	02:50:47.516	0.83165	0.83167			6
2025.02.06	02:50:47.833	0.83164				2
2025.02.06	02:50:52.286		0.83166			4
2025.02.06	02:51:00.897	0.83163	0.83167			6
2025.02.06	02:51:01.205	0.83164				2
2025.02.06	02:51:01.590	0.83165	0.83168			6
2025.02.06	02:51:03.084	0.83167				2
2025.02.06	02:51:03.386	0.83166				2
2025.02.06	02:51:04.265	0.83165				2
2025.02.06	02:51:07.768	0.83166				2
2025.02.06	02:51:10.748	0.83165				2
2025.02.06	02:51:11.088	0.83166				2
2025.02.06	02:51:14.454	0.83167				2
2025.02.06	02:51:36.958	0.83166	0.83167			6
2025.02.06	02:51:41.372	0.83165				2
2025.02.06	02:51:44.887	0.83166	0.83168			6
2025.02.06	02:51:45.195	0.83167				2
2025.02.06	02:51:46.344	0.83165				2
2025.02.06	02:51:46.806	0.83166	0.83169			6
2025.02.06	02:51:49.901	0.83170	0.83171			6
2025.02.06	02:51:50.294	0.83169				2
2025.02.06	02:51:50.683	0.83168				2
2025.02.06	02:51:51.028	0.83169	0.83172			6
2025.02.06	02:51:51.428	0.83170				2
2025.02.06	02:51:56.878		0.83171			4
2025.02.06	02:51:57.683	0.83169				2
2025.02.06	02:52:00.062	0.83169				2
2025.02.06	02:52:00.560		0.83172			4
2025.02.06	02:52:00.957		0.83171			4
2025.02.06	02:52:03.915	0.83168				2
2025.02.06	02:52:06.619	0.83170				2
2025.02.06	02:52:06.926	0.83169				2
2025.02.06	02:52:07.577	0.83170				2
2025.02.06	02:52:07.881	0.83169	0.83172			6
2025.02.06	02:52:08.366	0.83170				2
2025.02.06	02:52:12.176	0.83168	0.83171			6
2025.02.06	02:52:12.543	0.83169				2
2025.02.06	02:52:15.358	0.83168				2
2025.02.06	02:52:17.387	0.83169				2
2025.02.06	02:52:19.964		0.83170			4
2025.02.06	02:52:20.270		0.83171			4
2025.02.06	02:52:22.481		0.83172			4
2025.02.06	02:52:22.848	0.83170				2
2025.02.06	02:52:23.837		0.83173			4
2025.02.06	02:52:24.327		0.83172			4
2025.02.06	02:52:25.226		0.83173			4
2025.02.06	02:52:25.603	0.83169				2
2025.02.06	02:52:27.418		0.83172			4
2025.02.06	02:52:29.472	0.83170	0.83173			6
2025.02.06	02:52:29.826	0.83171				2
2025.02.06	02:52:30.337	0.83170				2
2025.02.06	02:52:31.590	0.83171				2
2025.02.06	02:52:32.360	0.83170				2
2025.02.06	02:52:32.877	0.83171	0.83174			6
2025.02.06	02:52:34.408	0.83172				2
2025.02.06	02:52:34.757	0.83170	0.83172			6
2025.02.06	02:52:35.057		0.83173			4
2025.02.06	02:52:36.024		0.83172			4
2025.02.06	02:52:50.995	0.83171				2
2025.02.06	02:52:51.316	0.83170	0.83173			6
2025.02.06	02:52:52.727	0.83171	0.83172			6
2025.02.06	02:52:53.114	0.83170				2
2025.02.06	02:52:53.580		0.83173			4
2025.02.06	02:52:53.917	0.83171				2
2025.02.06	02:52:58.567		0.83172			4
2025.02.06	02:53:00.021	0.83171	0.83174			6
2025.02.06	02:53:01.068		0.83173			4
2025.02.06	02:53:01.454		0.83174			4
2025.02.06	02:53:05.377	0.83172	0.83175			6
2025.02.06	02:53:08.541		0.83176			4
2025.02.06	02:53:10.297		0.83175			4
2025.02.06	02:53:12.181		0.83176			4
2025.02.06	02:53:14.636	0.83171	0.83175			6
2025.02.06	02:53:15.778	0.83172				2
2025.02.06	02:53:18.958	0.83174	0.83176			6
2025.02.06	02:53:19.571	0.83173	0.83175			6
2025.02.06	02:53:20.712		0.83176			4
2025.02.06	02:53:21.382		0.83174			4
2025.02.06	02:53:21.691		0.83175			4
2025.02.06	02:53:23.295		0.83174			4
2025.02.06	02:53:24.395	0.83174	0.83176			6
2025.02.06	02:53:26.785	0.83175				2
2025.02.06	02:53:28.218	0.83174				2
2025.02.06	02:53:29.019	0.83175				2
2025.02.06	02:53:32.396	0.83174				2
2025.02.06	02:53:33.756	0.83175				2
2025.02.06	02:53:35.706	0.83174				2
2025.02.06	02:53:37.673	0.83175				2
2025.02.06	02:53:39.521	0.83174				2
2025.02.06	02:53:41.533	0.83175				2
2025.02.06	02:53:43.416	0.83174	0.83177			6
2025.02.06	02:53:46.313		0.83176			4
2025.02.06	02:53:50.380		0.83177			4
2025.02.06	02:53:50.725	0.83173	0.83176			6
2025.02.06	02:53:51.278	0.83175	0.83177			6
2025.02.06	02:54:00.190	0.83174	0.83176			6
2025.02.06	02:54:00.491	0.83175	0.83177			6
2025.02.06	02:54:01.335		0.83176			4
2025.02.06	02:54:02.846	0.83174				2
2025.02.06	02:54:05.722	0.83175	0.83177			6
2025.02.06	02:54:08.467	0.83176				2
2025.02.06	02:54:08.777		0.83178			4
2025.02.06	02:54:09.167	0.83175				2
2025.02.06	02:54:09.529		0.83177			4
2025.02.06	02:54:09.844	0.83174	0.83175			6
2025.02.06	02:54:25.076	0.83173	0.83174			6
2025.02.06	02:54:25.509	0.83174	0.83175			6
2025.02.06	02:54:27.319	0.83173	0.83174			6
2025.02.06	02:54:29.901	0.83174	0.83175			6
2025.02.06	02:54:31.153	0.83175	0.83176			6
2025.02.06	02:54:31.947	0.83173	0.83175			6
2025.02.06	02:54:32.266	0.83175	0.83176			6
2025.02.06	02:54:32.661	0.83176	0.83177			6
2025.02.06	02:54:32.983	0.83175	0.83176			6
2025.02.06	02:54:33.310		0.83177			4
2025.02.06	02:54:33.801		0.83179			4
2025.02.06	02:54:34.117	0.83176				2
2025.02.06	02:54:37.344	0.83177				2
2025.02.06	02:54:43.860	0.83178				2
2025.02.06	02:54:50.260	0.83179	0.83181			6
2025.02.06	02:54:51.431		0.83182			4
2025.02.06	02:54:51.741		0.83181			4
2025.02.06	02:54:52.056		0.83182			4
2025.02.06	02:54:55.239	0.83177	0.83179			6
2025.02.06	02:54:55.818		0.83180			4
2025.02.06	02:54:56.162	0.83179	0.83182			6
2025.02.06	02:54:57.968	0.83180	0.83181			6
2025.02.06	02:54:58.300	0.83179				2
2025.02.06	02:54:59.111	0.83178				2
2025.02.06	02:54:59.461	0.83176	0.83178			6
2025.02.06	02:54:59.766	0.83174	0.83176			6
2025.02.06	02:55:00.086	0.83174				2
2025.02.06	02:55:00.404		0.83175			4
2025.02.06	02:55:02.349	0.83173				2
2025.02.06	02:55:02.685	0.83174				2
2025.02.06	02:55:03.740	0.83175	0.83177			6
2025.02.06	02:55:04.328	0.83174	0.83175			6
2025.02.06	02:55:04.673		0.83176			4
2025.02.06	02:55:13.139	0.83175	0.83177			6
2025.02.06	02:55:13.452	0.83174				2
2025.02.06	02:55:14.351	0.83175				2
2025.02.06	02:55:16.411	0.83174				2
2025.02.06	02:55:20.253	0.83175				2
2025.02.06	02:55:21.672		0.83176			4
2025.02.06	02:55:22.439		0.83177			4
2025.02.06	02:55:24.716	0.83176				2
2025.02.06	02:55:27.504	0.83175				2
2025.02.06	02:55:28.106	0.83176				2
2025.02.06	02:55:28.450	0.83175				2
2025.02.06	02:55:29.124		0.83176			4
2025.02.06	02:55:29.429	0.83174				2
2025.02.06	02:55:35.221	0.83175				2
2025.02.06	02:55:36.079	0.83174	0.83175			6
2025.02.06	02:55:39.429	0.83173				2
2025.02.06	02:55:39.745	0.83172	0.83174			6
2025.02.06	02:55:42.467	0.83170	0.83171			6
2025.02.06	02:55:42.769	0.83169				2
2025.02.06	02:55:43.241	0.83170				2
2025.02.06	02:55:46.094	0.83171	0.83172			6
2025.02.06	02:55:46.975	0.83170	0.83171			6
2025.02.06	02:55:49.126	0.83169				2
2025.02.06	02:55:50.021	0.83170				2
2025.02.06	02:55:54.008	0.83171	0.83172			6
2025.02.06	02:55:55.691	0.83170	0.83171			6
2025.02.06	02:55:56.913	0.83169				2
2025.02.06	02:56:00.064	0.83169				2
2025.02.06	02:56:01.762		0.83170			4
2025.02.06	02:56:03.294	0.83168				2
2025.02.06	02:56:16.191		0.83169			4
2025.02.06	02:56:20.471	0.83167				2
2025.02.06	02:56:20.818	0.83166	0.83167			6
2025.02.06	02:56:23.288	0.83165				2
2025.02.06	02:56:27.516		0.83166			4
2025.02.06	02:56:37.332		0.83167			4
2025.02.06	02:56:41.379		0.83166			4
2025.02.06	02:56:42.050		0.83167			4
2025.02.06	02:56:46.480		0.83166			4
2025.02.06	02:56:51.559	0.83158	0.83159			6
2025.02.06	02:56:51.862	0.83155				2
2025.02.06	02:56:54.957	0.83156	0.83158			6
2025.02.06	02:56:55.268	0.83157	0.83159			6
2025.02.06	02:56:56.369	0.83156	0.83157			6
2025.02.06	02:56:56.683		0.83159			4
2025.02.06	02:56:58.022		0.83158			4
2025.02.06	02:56:58.346		0.83159			4
2025.02.06	02:57:00.094	0.83156				2
2025.02.06	02:57:08.091	0.83157				2
2025.02.06	02:57:08.714	0.83156				2
2025.02.06	02:57:09.135	0.83157	0.83160			6
2025.02.06	02:57:10.059		0.83159			4
2025.02.06	02:57:10.501	0.83156	0.83158			6
2025.02.06	02:57:12.660	0.83157	0.83160			6
2025.02.06	02:57:16.295		0.83161			4
2025.02.06	02:57:16.641		0.83160			4
2025.02.06	02:57:19.993	0.83158				2
2025.02.06	02:57:20.351	0.83157	0.83159			6
2025.02.06	02:57:20.737	0.83160	0.83161			6
2025.02.06	02:57:21.356		0.83162			4
2025.02.06	02:57:28.667	0.83159	0.83161			6
2025.02.06	02:57:29.180	0.83160				2
2025.02.06	02:57:29.743		0.83162			4
2025.02.06	02:57:30.275		0.83161			4
2025.02.06	02:57:30.584	0.83158	0.83160			6
2025.02.06	02:57:35.661	0.83160	0.83161			6
2025.02.06	02:57:36.407		0.83162			4
2025.02.06	02:57:58.350		0.83161			4
2025.02.06	02:58:00.165	0.83158				2
2025.02.06	02:58:00.484		0.83160			4
2025.02.06	02:58:02.353	0.83157				2
2025.02.06	02:58:02.840	0.83158				2
2025.02.06	02:58:03.527	0.83160	0.83161			6
2025.02.06	02:58:04.256		0.83162			4
2025.02.06	02:58:10.686	0.83159	0.83160			6
2025.02.06	02:58:10.989	0.83157	0.83159			6
2025.02.06	02:58:12.442	0.83158				2
2025.02.06	02:58:13.576	0.83157	0.83158			6
2025.02.06	02:58:15.351		0.83159			4
2025.02.06	02:58:17.838	0.83158				2
2025.02.06	02:58:19.130		0.83160			4
2025.02.06	02:58:19.536	0.83159				2
2025.02.06	02:58:26.966	0.83158	0.83159			6
2025.02.06	02:58:28.114	0.83159	0.83161			6
2025.02.06	02:58:28.540	0.83160				2
2025.02.06	02:58:30.865	0.83158	0.83162			6
2025.02.06	02:58:31.914	0.83159	0.83163			6
2025.02.06	02:58:32.520	0.83160	0.83161			6
2025.02.06	02:58:33.532	0.83159				2
2025.02.06	02:58:35.901		0.83160			4
2025.02.06	02:58:38.044		0.83161			4
2025.02.06	02:58:38.365	0.83160				2
2025.02.06	02:58:42.032	0.83161	0.83162			6
2025.02.06	02:58:42.441	0.83162	0.83163			6
2025.02.06	02:58:43.240	0.83161	0.83162			6
2025.02.06	02:58:43.717	0.83162	0.83163			6
2025.02.06	02:58:44.565	0.83161	0.83162			6
2025.02.06	02:58:45.073	0.83162	0.83163			6
2025.02.06	02:58:46.771	0.83161	0.83162			6
2025.02.06	02:58:47.799	0.83160				2
2025.02.06	02:58:53.053	0.83161				2
2025.02.06	02:58:53.417	0.83160				2
2025.02.06	02:58:54.122	0.83161				2
2025.02.06	02:59:00.828	0.83161				2
2025.02.06	02:59:01.175	0.83160	0.83161			6
2025.02.06	02:59:02.376	0.83161	0.83162			6
2025.02.06	02:59:03.688	0.83160	0.83161			6
2025.02.06	02:59:07.506	0.83161	0.83162			6
2025.02.06	02:59:09.220	0.83162	0.83163			6
2025.02.06	02:59:13.477	0.83161				2
2025.02.06	02:59:13.778	0.83162				2
2025.02.06	02:59:15.998	0.83161				2
2025.02.06	02:59:17.490		0.83162			4
2025.02.06	02:59:18.508	0.83162	0.83163			6
2025.02.06	02:59:18.839	0.83161	0.83162			6
2025.02.06	02:59:19.765	0.83162	0.83163			6
2025.02.06	02:59:20.267	0.83161	0.83162			6
2025.02.06	02:59:20.981	0.83160				2
2025.02.06	02:59:21.708	0.83161				2
2025.02.06	02:59:22.013	0.83160				2
2025.02.06	02:59:22.338	0.83161				2
2025.02.06	02:59:26.120	0.83160	0.83161			6
2025.02.06	02:59:27.475		0.83162			4
2025.02.06	02:59:28.845		0.83161			4
2025.02.06	02:59:29.169	0.83158	0.83159			6
2025.02.06	02:59:30.356	0.83159	0.83161			6
2025.02.06	02:59:31.045	0.83160				2
