<DATE>	<TIME>	<BID>	<ASK>	<LAST>	<VOLUME>	<FLAGS>
2025.03.31	00:03:30.369	0.83544	0.83702			6
2025.03.31	00:03:41.388	0.83581	0.83734			6
2025.03.31	00:03:51.219	0.83592				2
2025.03.31	00:04:00.390	0.83592				2
2025.03.31	00:04:11.398	0.83593				2
2025.03.31	00:04:21.592	0.83605	0.83715			6
2025.03.31	00:05:02.306	0.83614	0.83706			6
2025.03.31	00:05:03.306	0.83604	0.83716			6
2025.03.31	00:05:10.000	0.83592	0.83728			6
2025.03.31	00:06:04.995	0.83593				2
2025.03.31	00:06:11.230		0.83728			4
2025.03.31	00:06:54.246	0.83605				2
2025.03.31	00:07:07.045	0.83605				2
2025.03.31	00:07:20.784		0.83728			4
2025.03.31	00:07:41.391	0.83606				2
2025.03.31	00:08:10.778	0.83606				2
2025.03.31	00:08:26.936	0.83608	0.83728			6
2025.03.31	00:08:40.681	0.83620	0.83733			6
2025.03.31	00:08:41.308		0.83742			4
2025.03.31	00:08:50.777	0.83621				2
2025.03.31	00:08:52.567		0.83740			4
2025.03.31	00:09:00.396	0.83621				2
2025.03.31	00:09:23.495	0.83634	0.83744			6
2025.03.31	00:09:24.303		0.83740			4
2025.03.31	00:09:30.460	0.83635				2
2025.03.31	00:09:55.031	0.83648	0.83749			6
2025.03.31	00:09:55.344	0.83644				2
2025.03.31	00:10:00.394	0.83644	0.83743			6
2025.03.31	00:10:03.722		0.83725			4
2025.03.31	00:10:41.131	0.83645				2
2025.03.31	00:11:00.031	0.83645				2
2025.03.31	00:11:08.434		0.83725			4
2025.03.31	00:11:14.165	0.83634	0.83718			6
2025.03.31	00:11:38.796	0.83638				2
2025.03.31	00:11:39.434	0.83643				2
2025.03.31	00:11:45.574	0.83658				2
2025.03.31	00:11:46.257	0.83655				2
2025.03.31	00:11:50.267	0.83651				2
2025.03.31	00:11:51.261	0.83655				2
2025.03.31	00:11:53.262	0.83651				2
2025.03.31	00:11:55.277	0.83655				2
2025.03.31	00:12:01.232	0.83636				2
2025.03.31	00:12:09.164		0.83722			4
2025.03.31	00:12:24.046	0.83639				2
2025.03.31	00:12:26.444	0.83641				2
2025.03.31	00:12:27.645	0.83667	0.83728			6
2025.03.31	00:12:30.779	0.83658				2
2025.03.31	00:12:35.193	0.83648				2
2025.03.31	00:12:36.797	0.83640				2
2025.03.31	00:12:40.242	0.83590	0.83730			6
2025.03.31	00:12:51.333		0.83731			4
2025.03.31	00:12:58.193	0.83586	0.83713			6
2025.03.31	00:13:00.036	0.83586				2
2025.03.31	00:13:00.564	0.83595				2
2025.03.31	00:13:04.556	0.83596				2
2025.03.31	00:13:06.409	0.83588				2
2025.03.31	00:13:08.520	0.83589				2
2025.03.31	00:13:11.947	0.83591				2
2025.03.31	00:13:18.334	0.83592				2
2025.03.31	00:13:24.566	0.83588				2
2025.03.31	00:13:27.632	0.83591				2
2025.03.31	00:13:28.872	0.83575				2
2025.03.31	00:13:34.831	0.83576				2
2025.03.31	00:13:43.233	0.83577				2
2025.03.31	00:13:46.699		0.83712			4
2025.03.31	00:13:47.731	0.83578				2
2025.03.31	00:13:57.332	0.83579				2
2025.03.31	00:14:00.386	0.83579				2
2025.03.31	00:14:12.635	0.83580				2
2025.03.31	00:14:23.437	0.83581				2
2025.03.31	00:14:38.731	0.83582				2
2025.03.31	00:14:46.849		0.83712			4
2025.03.31	00:14:50.437	0.83583				2
2025.03.31	00:14:51.937	0.83584				2
2025.03.31	00:14:56.135	0.83585				2
2025.03.31	00:15:00.624	0.83585				2
2025.03.31	00:15:02.145	0.83586				2
2025.03.31	00:15:03.369	0.83592	0.83706			6
2025.03.31	00:15:13.725	0.83593	0.83707			6
2025.03.31	00:15:19.456		0.83706			4
2025.03.31	00:16:04.834	0.83593				2
2025.03.31	00:16:07.634	0.83595	0.83705			6
2025.03.31	00:16:08.237	0.83594				2
2025.03.31	00:16:14.116		0.83706			4
2025.03.31	00:16:15.631	0.83593				2
2025.03.31	00:16:18.629	0.83592	0.83708			6
2025.03.31	00:16:30.780		0.83707			4
2025.03.31	00:16:44.427	0.83594	0.83705			6
2025.03.31	00:16:55.832	0.83595				2
2025.03.31	00:17:02.135	0.83595				2
2025.03.31	00:17:03.936	0.83594				2
2025.03.31	00:17:14.735	0.83595				2
2025.03.31	00:17:23.776	0.83594				2
2025.03.31	00:17:33.356	0.83607	0.83710			6
2025.03.31	00:18:00.387	0.83607				2
2025.03.31	00:18:03.031	0.83608				2
2025.03.31	00:18:10.832		0.83709			4
2025.03.31	00:18:34.706	0.83614	0.83711			6
2025.03.31	00:18:35.209	0.83622	0.83708			6
2025.03.31	00:19:00.386	0.83622				2
2025.03.31	00:19:23.136		0.83707			4
2025.03.31	00:19:30.217	0.83617				2
2025.03.31	00:20:01.389	0.83617				2
2025.03.31	00:20:17.952	0.83629	0.83711			6
2025.03.31	00:20:22.530		0.83710			4
2025.03.31	00:20:25.760		0.83712			4
2025.03.31	00:20:26.394		0.83711			4
2025.03.31	00:20:36.516		0.83710			4
2025.03.31	00:20:36.835		0.83709			4
2025.03.31	00:21:00.659	0.83629				2
2025.03.31	00:21:12.954	0.83634				2
2025.03.31	00:21:39.145		0.83709			4
2025.03.31	00:22:01.534	0.83634	0.83708			6
2025.03.31	00:22:02.731		0.83709			4
2025.03.31	00:22:04.502		0.83704			4
2025.03.31	00:22:34.531		0.83705			4
2025.03.31	00:22:43.752		0.83704			4
2025.03.31	00:22:47.734		0.83708			4
2025.03.31	00:23:00.033	0.83634				2
2025.03.31	00:23:10.402	0.83621	0.83705			6
2025.03.31	00:23:12.939		0.83704			4
2025.03.31	00:23:28.531		0.83705			4
2025.03.31	00:23:48.648		0.83704			4
2025.03.31	00:23:49.647		0.83705			4
2025.03.31	00:23:59.261	0.83635	0.83719			6
2025.03.31	00:24:00.337	0.83635				2
2025.03.31	00:24:09.118	0.83638				2
2025.03.31	00:24:13.511		0.83718			4
2025.03.31	00:24:16.171		0.83717			4
2025.03.31	00:24:23.736		0.83719			4
2025.03.31	00:24:32.363		0.83720			4
2025.03.31	00:24:38.714		0.83717			4
2025.03.31	00:24:39.588		0.83720			4
2025.03.31	00:24:49.695		0.83723			4
2025.03.31	00:24:57.043		0.83722			4
2025.03.31	00:25:00.344	0.83638	0.83723			6
2025.03.31	00:25:04.131	0.83637				2
2025.03.31	00:25:04.665	0.83618	0.83714			6
2025.03.31	00:25:49.306		0.83715			4
2025.03.31	00:25:50.308		0.83714			4
2025.03.31	00:25:59.644	0.83621	0.83712			6
2025.03.31	00:26:00.646	0.83621				2
2025.03.31	00:26:21.333	0.83626				2
2025.03.31	00:26:24.035	0.83627				2
2025.03.31	00:26:26.307	0.83621				2
2025.03.31	00:26:34.232	0.83622				2
2025.03.31	00:26:34.663	0.83624	0.83710			6
2025.03.31	00:26:35.661	0.83623	0.83711			6
2025.03.31	00:26:44.984	0.83625	0.83710			6
2025.03.31	00:26:46.648		0.83709			4
2025.03.31	00:26:50.572		0.83710			4
2025.03.31	00:26:52.530		0.83709			4
2025.03.31	00:26:54.357		0.83710			4
2025.03.31	00:26:57.644		0.83709			4
2025.03.31	00:26:58.650	0.83624	0.83710			6
2025.03.31	00:27:00.633	0.83625	0.83709			6
2025.03.31	00:27:01.326	0.83624	0.83714			6
2025.03.31	00:27:24.631	0.83631	0.83716			6
2025.03.31	00:27:27.340		0.83715			4
2025.03.31	00:27:30.510	0.83574	0.83704			6
2025.03.31	00:27:35.433	0.83580				2
2025.03.31	00:27:43.010	0.83583	0.83701			6
2025.03.31	00:27:45.772	0.83585	0.83699			6
2025.03.31	00:27:52.696	0.83582	0.83702			6
2025.03.31	00:28:02.721	0.83582				2
2025.03.31	00:28:05.434	0.83572				2
2025.03.31	00:28:06.762	0.83574	0.83699			6
2025.03.31	00:28:10.744	0.83577	0.83696			6
2025.03.31	00:28:13.348	0.83580	0.83693			6
2025.03.31	00:28:14.115	0.83583				2
2025.03.31	00:28:14.903		0.83694			4
2025.03.31	00:28:34.657		0.83697			4
2025.03.31	00:28:39.662		0.83695			4
2025.03.31	00:29:00.527	0.83583				2
2025.03.31	00:29:29.731		0.83696			4
2025.03.31	00:30:00.381	0.83583	0.83694			6
2025.03.31	00:30:04.575		0.83699			4
2025.03.31	00:30:08.133		0.83698			4
2025.03.31	00:30:11.660		0.83697			4
2025.03.31	00:30:12.664		0.83698			4
2025.03.31	00:30:20.600		0.83696			4
2025.03.31	00:30:26.284		0.83695			4
2025.03.31	00:30:27.332		0.83694			4
2025.03.31	00:30:27.644		0.83695			4
2025.03.31	00:30:27.957		0.83693			4
2025.03.31	00:30:28.264		0.83694			4
2025.03.31	00:30:35.656		0.83692			4
2025.03.31	00:30:35.969		0.83693			4
2025.03.31	00:30:36.285		0.83692			4
2025.03.31	00:30:36.597		0.83693			4
2025.03.31	00:30:40.331		0.83691			4
2025.03.31	00:30:44.399		0.83689			4
2025.03.31	00:30:49.231		0.83688			4
2025.03.31	00:30:58.834		0.83687			4
2025.03.31	00:31:00.031	0.83583				2
2025.03.31	00:31:23.731		0.83686			4
2025.03.31	00:31:32.328		0.83688			4
2025.03.31	00:31:32.953		0.83690			4
2025.03.31	00:31:34.512		0.83692			4
2025.03.31	00:31:35.973		0.83696			4
2025.03.31	00:31:42.332		0.83697			4
2025.03.31	00:31:45.557		0.83693			4
2025.03.31	00:31:50.431		0.83692			4
2025.03.31	00:32:00.631	0.83583				2
2025.03.31	00:32:12.932		0.83691			4
2025.03.31	00:32:33.633		0.83690			4
2025.03.31	00:32:53.148		0.83688			4
2025.03.31	00:33:00.630	0.83583				2
2025.03.31	00:33:19.252	0.83584	0.83680			6
2025.03.31	00:33:19.812	0.83583	0.83682			6
2025.03.31	00:33:37.711		0.83683			4
2025.03.31	00:33:46.922		0.83682			4
2025.03.31	00:33:50.731		0.83683			4
2025.03.31	00:33:51.406		0.83682			4
2025.03.31	00:34:00.581	0.83583				2
2025.03.31	00:34:17.782		0.83683			4
2025.03.31	00:34:23.925		0.83682			4
2025.03.31	00:34:25.709		0.83684			4
2025.03.31	00:34:36.706		0.83677			4
2025.03.31	00:34:41.644		0.83679			4
2025.03.31	00:34:51.775		0.83676			4
2025.03.31	00:35:00.032	0.83583				2
2025.03.31	00:35:51.804		0.83676			4
2025.03.31	00:35:53.922		0.83683			4
2025.03.31	00:35:54.332		0.83685			4
2025.03.31	00:35:55.150		0.83689			4
2025.03.31	00:35:59.213	0.83589	0.83682			6
2025.03.31	00:36:00.541	0.83589				2
2025.03.31	00:36:15.631	0.83590	0.83679			6
2025.03.31	00:36:17.062	0.83589	0.83680			6
2025.03.31	00:36:18.369	0.83591	0.83679			6
2025.03.31	00:36:24.330		0.83678			4
2025.03.31	00:36:27.152	0.83590	0.83679			6
2025.03.31	00:36:32.328	0.83597	0.83683			6
2025.03.31	00:36:39.926		0.83682			4
2025.03.31	00:36:40.335	0.83563	0.83685			6
2025.03.31	00:36:41.020		0.83684			4
2025.03.31	00:36:42.374		0.83686			4
2025.03.31	00:36:43.131		0.83684			4
2025.03.31	00:36:44.733		0.83683			4
2025.03.31	00:36:46.540	0.83564	0.83685			6
2025.03.31	00:36:47.090	0.83566	0.83683			6
2025.03.31	00:36:47.553	0.83564	0.83684			6
2025.03.31	00:36:48.934		0.83685			4
2025.03.31	00:36:50.431		0.83684			4
2025.03.31	00:36:51.755	0.83566	0.83682			6
2025.03.31	00:36:53.734	0.83567				2
2025.03.31	00:36:54.390	0.83568	0.83680			6
2025.03.31	00:36:56.619	0.83570	0.83679			6
2025.03.31	00:37:00.637	0.83570				2
2025.03.31	00:37:02.133		0.83678			4
2025.03.31	00:37:02.705	0.83577	0.83670			6
2025.03.31	00:37:03.007		0.83672			4
2025.03.31	00:37:03.903	0.83559	0.83637			6
2025.03.31	00:37:04.207	0.83569	0.83640			6
2025.03.31	00:37:04.532	0.83563	0.83650			6
2025.03.31	00:37:05.061	0.83567	0.83641			6
2025.03.31	00:37:06.551	0.83563	0.83645			6
2025.03.31	00:37:06.931	0.83564				2
2025.03.31	00:37:07.502	0.83563	0.83646			6
2025.03.31	00:37:11.200		0.83648			4
2025.03.31	00:37:11.527	0.83566	0.83643			6
2025.03.31	00:37:12.331	0.83565				2
2025.03.31	00:37:13.357	0.83563	0.83642			6
2025.03.31	00:37:14.133		0.83643			4
2025.03.31	00:37:17.337		0.83641			4
2025.03.31	00:37:18.824		0.83639			4
2025.03.31	00:37:19.612		0.83641			4
2025.03.31	00:37:22.528		0.83636			4
2025.03.31	00:37:23.732		0.83637			4
2025.03.31	00:37:24.595	0.83562	0.83632			6
2025.03.31	00:37:26.598		0.83637			4
2025.03.31	00:37:27.093	0.83563	0.83638			6
2025.03.31	00:37:27.527		0.83637			4
2025.03.31	00:37:28.590		0.83640			4
2025.03.31	00:37:29.163	0.83575	0.83644			6
2025.03.31	00:37:29.496	0.83567	0.83651			6
2025.03.31	00:37:30.037	0.83568	0.83650			6
2025.03.31	00:37:32.731		0.83651			4
2025.03.31	00:37:34.038	0.83566	0.83653			6
2025.03.31	00:37:34.372	0.83589	0.83657			6
2025.03.31	00:37:34.690	0.83586	0.83661			6
2025.03.31	00:37:35.302	0.83585	0.83654			6
2025.03.31	00:37:37.853	0.83590	0.83661			6
2025.03.31	00:37:38.363		0.83663			4
2025.03.31	00:37:39.972	0.83584	0.83651			6
2025.03.31	00:37:40.985	0.83585				2
2025.03.31	00:37:45.049	0.83589	0.83660			6
2025.03.31	00:37:45.533	0.83591	0.83663			6
2025.03.31	00:37:46.955		0.83660			4
2025.03.31	00:37:47.856		0.83663			4
2025.03.31	00:37:48.963		0.83664			4
2025.03.31	00:37:54.364		0.83660			4
2025.03.31	00:37:55.530		0.83661			4
2025.03.31	00:37:56.135		0.83663			4
2025.03.31	00:38:00.777	0.83591				2
2025.03.31	00:38:28.370		0.83659			4
2025.03.31	00:38:28.831		0.83662			4
2025.03.31	00:38:33.632		0.83663			4
2025.03.31	00:38:34.829	0.83602	0.83665			6
2025.03.31	00:38:41.607	0.83610	0.83676			6
2025.03.31	00:38:43.246	0.83605	0.83681			6
2025.03.31	00:38:43.577	0.83606				2
2025.03.31	00:38:45.031	0.83605				2
2025.03.31	00:38:52.072	0.83602	0.83677			6
2025.03.31	00:38:52.838		0.83679			4
2025.03.31	00:38:53.250	0.83598				2
2025.03.31	00:38:57.306		0.83677			4
2025.03.31	00:39:02.319	0.83598	0.83681			6
2025.03.31	00:39:13.627		0.83678			4
2025.03.31	00:39:18.708	0.83601	0.83675			6
2025.03.31	00:39:19.042	0.83598	0.83678			6
2025.03.31	00:39:22.341		0.83677			4
2025.03.31	00:39:23.399	0.83597	0.83679			6
2025.03.31	00:39:23.727	0.83594	0.83677			6
2025.03.31	00:39:24.046	0.83596	0.83673			6
2025.03.31	00:39:24.699		0.83674			4
2025.03.31	00:39:25.008		0.83673			4
2025.03.31	00:39:27.036	0.83593	0.83677			6
2025.03.31	00:39:35.311	0.83597	0.83675			6
2025.03.31	00:39:36.025	0.83593	0.83679			6
2025.03.31	00:39:49.628	0.83596	0.83676			6
2025.03.31	00:39:50.518	0.83593	0.83679			6
2025.03.31	00:39:51.389	0.83594	0.83676			6
2025.03.31	00:39:54.311		0.83675			4
2025.03.31	00:39:55.240	0.83595				2
2025.03.31	00:40:00.746	0.83595				2
2025.03.31	00:40:12.032	0.83594				2
2025.03.31	00:40:19.105	0.83595				2
2025.03.31	00:40:24.753	0.83594				2
2025.03.31	00:40:27.332	0.83595				2
2025.03.31	00:40:30.339	0.83594				2
2025.03.31	00:40:45.933		0.83676			4
2025.03.31	00:40:54.355	0.83596				2
2025.03.31	00:40:56.733	0.83599	0.83673			6
2025.03.31	00:40:57.732	0.83598	0.83674			6
2025.03.31	00:40:58.243	0.83596	0.83676			6
2025.03.31	00:41:01.073	0.83596				2
2025.03.31	00:41:13.235	0.83595				2
2025.03.31	00:41:15.032	0.83596				2
2025.03.31	00:41:26.131	0.83595				2
2025.03.31	00:41:31.236	0.83596				2
2025.03.31	00:41:39.632	0.83595				2
2025.03.31	00:41:42.632	0.83596				2
2025.03.31	00:41:46.304	0.83597	0.83675			6
2025.03.31	00:41:46.814	0.83596	0.83676			6
2025.03.31	00:41:59.434	0.83595				2
2025.03.31	00:42:01.531	0.83595	0.83677			6
2025.03.31	00:42:07.831		0.83676			4
2025.03.31	00:42:09.882	0.83596				2
2025.03.31	00:42:12.031	0.83595				2
2025.03.31	00:42:19.589	0.83594	0.83678			6
2025.03.31	00:42:20.245	0.83595	0.83677			6
2025.03.31	00:42:21.004	0.83593				2
2025.03.31	00:42:21.390	0.83600	0.83679			6
2025.03.31	00:42:26.845	0.83599	0.83680			6
2025.03.31	00:42:44.890	0.83606	0.83673			6
2025.03.31	00:42:45.196	0.83600	0.83679			6
2025.03.31	00:42:45.784	0.83604	0.83675			6
2025.03.31	00:42:46.533	0.83605	0.83674			6
2025.03.31	00:42:46.884	0.83606	0.83673			6
2025.03.31	00:42:49.667	0.83607				2
2025.03.31	00:42:50.779		0.83672			4
2025.03.31	00:43:00.780	0.83607				2
2025.03.31	00:43:10.564	0.83600	0.83680			6
2025.03.31	00:43:12.447		0.83679			4
2025.03.31	00:43:13.012	0.83599	0.83680			6
2025.03.31	00:43:21.488	0.83602				2
2025.03.31	00:43:33.036	0.83613	0.83686			6
2025.03.31	00:43:38.625	0.83601	0.83681			6
2025.03.31	00:43:38.930	0.83602	0.83680			6
2025.03.31	00:43:41.597	0.83619	0.83694			6
2025.03.31	00:43:42.631	0.83618				2
2025.03.31	00:43:44.892	0.83619				2
2025.03.31	00:43:46.099	0.83601	0.83681			6
2025.03.31	00:43:47.181	0.83602	0.83680			6
2025.03.31	00:43:52.761	0.83614	0.83689			6
2025.03.31	00:43:53.211		0.83690			4
2025.03.31	00:43:54.331		0.83689			4
2025.03.31	00:44:00.775	0.83614				2
2025.03.31	00:44:01.519		0.83690			4
2025.03.31	00:44:04.949	0.83602	0.83680			6
2025.03.31	00:44:18.939	0.83577	0.83665			6
2025.03.31	00:44:19.276	0.83582	0.83664			6
2025.03.31	00:44:24.933		0.83663			4
2025.03.31	00:44:31.532	0.83583				2
2025.03.31	00:44:33.031	0.83582				2
2025.03.31	00:44:42.121	0.83601	0.83665			6
2025.03.31	00:44:44.011	0.83605	0.83677			6
2025.03.31	00:44:44.420	0.83604				2
2025.03.31	00:44:44.730		0.83678			4
2025.03.31	00:44:47.432	0.83603				2
2025.03.31	00:44:48.636		0.83679			4
2025.03.31	00:44:50.732	0.83610	0.83681			6
2025.03.31	00:45:01.846	0.83613	0.83691			6
2025.03.31	00:45:04.322	0.83610	0.83681			6
2025.03.31	00:45:09.342	0.83622	0.83669			6
2025.03.31	00:45:18.375	0.83621	0.83670			6
2025.03.31	00:45:46.832	0.83620				2
2025.03.31	00:45:49.016	0.83625	0.83672			6
2025.03.31	00:45:50.436	0.83624				2
2025.03.31	00:45:52.680	0.83622				2
2025.03.31	00:45:53.028	0.83623	0.83671			6
2025.03.31	00:46:04.240	0.83623				2
2025.03.31	00:46:06.164	0.83622				2
2025.03.31	00:46:36.034	0.83625	0.83668			6
2025.03.31	00:46:36.695		0.83667			4
2025.03.31	00:46:37.200	0.83620				2
2025.03.31	00:46:37.538	0.83621	0.83666			6
2025.03.31	00:46:53.732	0.83620				2
2025.03.31	00:46:57.542	0.83619	0.83668			6
2025.03.31	00:46:59.732	0.83618				2
2025.03.31	00:47:00.931	0.83619				2
2025.03.31	00:47:02.108	0.83621	0.83677			6
2025.03.31	00:47:04.243	0.83619	0.83667			6
2025.03.31	00:47:42.153	0.83611	0.83665			6
2025.03.31	00:47:44.137		0.83664			4
2025.03.31	00:47:49.088	0.83612				2
2025.03.31	00:47:50.131	0.83611				2
2025.03.31	00:47:52.358	0.83612				2
2025.03.31	00:47:55.938	0.83611	0.83660			6
2025.03.31	00:48:10.838	0.83611				2
2025.03.31	00:48:57.932		0.83660			4
2025.03.31	00:48:59.214		0.83659			4
2025.03.31	00:49:00.931	0.83611	0.83660			6
2025.03.31	00:49:08.831	0.83612	0.83659			6
2025.03.31	00:49:11.526	0.83611	0.83660			6
2025.03.31	00:49:14.432	0.83612	0.83659			6
2025.03.31	00:49:16.328	0.83611	0.83660			6
2025.03.31	00:49:22.446		0.83659			4
2025.03.31	00:49:24.949	0.83612				2
2025.03.31	00:49:26.913	0.83611	0.83660			6
2025.03.31	00:49:44.732	0.83612	0.83659			6
2025.03.31	00:50:07.094	0.83613	0.83658			6
2025.03.31	00:50:19.775	0.83607	0.83655			6
2025.03.31	00:51:01.390	0.83607				2
2025.03.31	00:51:21.157		0.83655			4
2025.03.31	00:51:46.679	0.83608	0.83654			6
2025.03.31	00:51:54.532	0.83615	0.83657			6
2025.03.31	00:52:03.631	0.83615				2
2025.03.31	00:52:05.438	0.83616				2
2025.03.31	00:52:08.557	0.83615				2
2025.03.31	00:52:13.663		0.83662			4
2025.03.31	00:52:14.235	0.83616	0.83661			6
2025.03.31	00:52:33.631	0.83617	0.83660			6
2025.03.31	00:52:39.933		0.83659			4
2025.03.31	00:52:42.060		0.83660			4
2025.03.31	00:52:56.433		0.83659			4
2025.03.31	00:52:58.832	0.83618				2
2025.03.31	00:52:59.217	0.83614	0.83663			6
2025.03.31	00:53:00.839	0.83615	0.83662			6
2025.03.31	00:53:03.031	0.83616	0.83661			6
2025.03.31	00:53:05.553	0.83618	0.83660			6
2025.03.31	00:53:07.231		0.83659			4
2025.03.31	00:53:15.032	0.83619				2
2025.03.31	00:53:18.635		0.83658			4
2025.03.31	00:53:30.331	0.83618	0.83659			6
2025.03.31	00:54:01.234	0.83618				2
2025.03.31	00:54:10.538	0.83619				2
2025.03.31	00:54:12.406	0.83622				2
2025.03.31	00:54:14.133		0.83658			4
2025.03.31	00:54:20.784		0.83659			4
2025.03.31	00:54:24.335		0.83658			4
2025.03.31	00:54:27.736	0.83619				2
2025.03.31	00:54:40.538	0.83620				2
2025.03.31	00:54:48.731	0.83630	0.83663			6
2025.03.31	00:54:50.516	0.83636	0.83659			6
2025.03.31	00:55:00.632	0.83636				2
2025.03.31	00:55:04.667	0.83630	0.83663			6
2025.03.31	00:55:14.131		0.83662			4
2025.03.31	00:55:15.730	0.83637	0.83659			6
2025.03.31	00:55:18.426	0.83636	0.83656			6
2025.03.31	00:55:27.551	0.83634	0.83654			6
2025.03.31	00:55:27.939	0.83632	0.83652			6
2025.03.31	00:55:29.116	0.83628	0.83648			6
2025.03.31	00:55:51.748	0.83623	0.83651			6
2025.03.31	00:55:52.631		0.83649			4
2025.03.31	00:55:56.733		0.83648			4
2025.03.31	00:55:57.219		0.83650			4
2025.03.31	00:55:58.540		0.83651			4
2025.03.31	00:56:00.337	0.83623	0.83650			6
2025.03.31	00:56:01.532		0.83649			4
2025.03.31	00:56:03.130		0.83648			4
2025.03.31	00:56:13.332		0.83647			4
2025.03.31	00:56:28.818		0.83646			4
2025.03.31	00:56:33.774	0.83617	0.83643			6
2025.03.31	00:56:35.431		0.83642			4
2025.03.31	00:56:39.536		0.83644			4
2025.03.31	00:56:42.452		0.83645			4
2025.03.31	00:56:44.384		0.83641			4
2025.03.31	00:56:45.911		0.83642			4
2025.03.31	00:56:46.523		0.83640			4
2025.03.31	00:56:47.433		0.83642			4
2025.03.31	00:56:48.529		0.83641			4
2025.03.31	00:56:50.553		0.83642			4
2025.03.31	00:56:51.659	0.83620	0.83645			6
2025.03.31	00:56:54.169	0.83622				2
2025.03.31	00:56:55.236		0.83644			4
2025.03.31	00:56:57.661	0.83625				2
2025.03.31	00:57:00.320	0.83611	0.83649			6
2025.03.31	00:57:03.969	0.83598				2
2025.03.31	00:57:04.439	0.83600	0.83648			6
2025.03.31	00:57:06.035		0.83647			4
2025.03.31	00:57:09.323	0.83601				2
2025.03.31	00:57:11.137		0.83646			4
2025.03.31	00:57:21.032	0.83600	0.83647			6
2025.03.31	00:57:22.532	0.83599	0.83648			6
2025.03.31	00:57:25.112	0.83601	0.83646			6
2025.03.31	00:57:26.733	0.83600	0.83647			6
2025.03.31	00:57:28.231	0.83599	0.83648			6
2025.03.31	00:58:07.313	0.83599	0.83649			6
2025.03.31	00:58:07.921	0.83594	0.83646			6
2025.03.31	00:58:09.732	0.83608				2
2025.03.31	00:58:30.780		0.83647			4
2025.03.31	00:59:00.777	0.83609				2
2025.03.31	00:59:11.762	0.83610	0.83650			6
2025.03.31	00:59:13.832		0.83649			4
2025.03.31	00:59:15.358		0.83653			4
2025.03.31	00:59:19.531		0.83654			4
2025.03.31	01:00:00.316	0.83610	0.83661			6
2025.03.31	01:00:00.624	0.83624	0.83669			6
2025.03.31	01:00:00.974	0.83623	0.83670			6
2025.03.31	01:00:01.293	0.83609	0.83677			6
2025.03.31	01:00:01.608		0.83675			4
2025.03.31	01:00:02.374	0.83643	0.83678			6
2025.03.31	01:00:02.706	0.83642	0.83677			6
2025.03.31	01:00:03.312	0.83638	0.83673			6
2025.03.31	01:00:03.925	0.83640	0.83675			6
2025.03.31	01:00:04.533	0.83610	0.83670			6
2025.03.31	01:00:06.593		0.83669			4
2025.03.31	01:00:07.151		0.83668			4
2025.03.31	01:00:10.251	0.83609	0.83660			6
2025.03.31	01:00:10.734		0.83664			4
2025.03.31	01:00:11.193		0.83666			4
2025.03.31	01:00:11.743		0.83669			4
2025.03.31	01:00:12.270		0.83665			4
2025.03.31	01:00:12.932		0.83664			4
2025.03.31	01:00:13.243		0.83666			4
2025.03.31	01:00:13.546	0.83613	0.83664			6
2025.03.31	01:00:13.884	0.83626	0.83663			6
2025.03.31	01:00:14.731		0.83662			4
2025.03.31	01:00:15.104	0.83632	0.83663			6
2025.03.31	01:00:15.426	0.83626	0.83662			6
2025.03.31	01:00:16.211	0.83625				2
2025.03.31	01:00:21.749		0.83661			4
2025.03.31	01:00:22.231		0.83662			4
2025.03.31	01:00:22.663		0.83661			4
2025.03.31	01:00:24.332		0.83660			4
2025.03.31	01:00:28.115		0.83668			4
2025.03.31	01:00:28.436	0.83628	0.83670			6
2025.03.31	01:00:28.832		0.83671			4
2025.03.31	01:00:29.489		0.83667			4
2025.03.31	01:00:29.890		0.83666			4
2025.03.31	01:00:30.333		0.83668			4
2025.03.31	01:00:30.780	0.83615	0.83667			6
2025.03.31	01:00:31.328	0.83616	0.83666			6
2025.03.31	01:00:31.642	0.83610	0.83667			6
2025.03.31	01:00:32.433		0.83666			4
2025.03.31	01:00:33.328		0.83667			4
2025.03.31	01:00:37.531		0.83668			4
2025.03.31	01:00:38.255		0.83669			4
2025.03.31	01:00:40.692		0.83668			4
2025.03.31	01:00:43.622	0.83643	0.83669			6
2025.03.31	01:00:44.032	0.83645				2
2025.03.31	01:00:46.178	0.83646	0.83670			6
2025.03.31	01:00:47.072	0.83650	0.83673			6
2025.03.31	01:00:50.732		0.83672			4
2025.03.31	01:00:51.039	0.83654	0.83674			6
2025.03.31	01:00:52.304	0.83652	0.83672			6
2025.03.31	01:00:53.142	0.83650				2
2025.03.31	01:00:54.583	0.83657	0.83678			6
2025.03.31	01:00:54.910	0.83655	0.83680			6
2025.03.31	01:00:55.721		0.83674			4
2025.03.31	01:00:56.204		0.83677			4
2025.03.31	01:00:56.818	0.83654	0.83676			6
2025.03.31	01:00:59.019	0.83653				2
2025.03.31	01:01:00.315	0.83653	0.83677			6
2025.03.31	01:01:00.627	0.83655	0.83675			6
2025.03.31	01:01:01.621	0.83651	0.83672			6
2025.03.31	01:01:03.033	0.83653	0.83671			6
2025.03.31	01:01:03.507		0.83674			4
2025.03.31	01:01:03.808	0.83651	0.83672			6
2025.03.31	01:01:04.123		0.83670			4
2025.03.31	01:01:05.266	0.83653	0.83673			6
2025.03.31	01:01:05.628	0.83651				2
2025.03.31	01:01:05.985		0.83672			4
2025.03.31	01:01:07.780	0.83653				2
2025.03.31	01:01:08.206		0.83673			4
2025.03.31	01:01:08.552	0.83655	0.83674			6
2025.03.31	01:01:09.981		0.83673			4
2025.03.31	01:01:10.627	0.83653				2
2025.03.31	01:01:13.871	0.83655	0.83675			6
2025.03.31	01:01:14.188	0.83654				2
2025.03.31	01:01:19.554	0.83655	0.83676			6
2025.03.31	01:01:22.233	0.83654	0.83675			6
2025.03.31	01:01:26.586	0.83655				2
2025.03.31	01:01:31.612	0.83654				2
2025.03.31	01:01:34.425		0.83676			4
2025.03.31	01:01:34.858	0.83658	0.83677			6
2025.03.31	01:01:35.169	0.83654	0.83676			6
2025.03.31	01:01:38.431		0.83675			4
2025.03.31	01:01:40.531		0.83676			4
2025.03.31	01:01:40.836	0.83659				2
2025.03.31	01:01:41.149	0.83662	0.83677			6
2025.03.31	01:01:42.477	0.83664	0.83678			6
2025.03.31	01:01:43.339	0.83663	0.83677			6
2025.03.31	01:01:44.237	0.83665	0.83680			6
2025.03.31	01:01:44.586		0.83681			4
2025.03.31	01:01:44.887	0.83667	0.83682			6
2025.03.31	01:01:45.210	0.83670	0.83684			6
2025.03.31	01:01:45.515		0.83685			4
2025.03.31	01:01:46.832		0.83689			4
2025.03.31	01:01:47.147		0.83684			4
2025.03.31	01:01:49.760	0.83668				2
2025.03.31	01:01:50.660	0.83665	0.83683			6
2025.03.31	01:01:50.972	0.83664	0.83681			6
2025.03.31	01:01:51.931	0.83663				2
2025.03.31	01:01:52.242	0.83664				2
2025.03.31	01:01:55.227	0.83665	0.83683			6
2025.03.31	01:01:56.938	0.83666				2
2025.03.31	01:01:58.329	0.83665	0.83681			6
2025.03.31	01:01:58.635		0.83680			4
2025.03.31	01:01:59.182		0.83682			4
2025.03.31	01:01:59.488	0.83666	0.83683			6
2025.03.31	01:02:00.618	0.83665	0.83682			6
2025.03.31	01:02:02.433	0.83664	0.83680			6
2025.03.31	01:02:02.745	0.83668	0.83682			6
2025.03.31	01:02:03.638	0.83667				2
2025.03.31	01:02:04.399	0.83669				2
2025.03.31	01:02:06.333		0.83683			4
2025.03.31	01:02:06.648	0.83672	0.83686			6
2025.03.31	01:02:06.953		0.83685			4
2025.03.31	01:02:08.120	0.83666	0.83680			6
2025.03.31	01:02:08.437	0.83667				2
2025.03.31	01:02:09.333	0.83665	0.83679			6
2025.03.31	01:02:09.647	0.83663	0.83678			6
2025.03.31	01:02:09.961	0.83665	0.83679			6
2025.03.31	01:02:10.282	0.83664	0.83678			6
2025.03.31	01:02:10.594	0.83665	0.83679			6
2025.03.31	01:02:11.450	0.83667	0.83681			6
2025.03.31	01:02:13.300		0.83680			4
2025.03.31	01:02:13.802	0.83665	0.83679			6
2025.03.31	01:02:17.215	0.83664	0.83676			6
2025.03.31	01:02:17.526		0.83677			4
2025.03.31	01:02:18.065		0.83678			4
2025.03.31	01:02:18.661	0.83666				2
2025.03.31	01:02:19.679	0.83661	0.83675			6
2025.03.31	01:02:19.990		0.83674			4
2025.03.31	01:02:21.347	0.83660	0.83673			6
2025.03.31	01:02:23.215	0.83663	0.83675			6
2025.03.31	01:02:27.982	0.83662				2
2025.03.31	01:02:28.560		0.83676			4
2025.03.31	01:02:29.089	0.83663				2
2025.03.31	01:02:29.487	0.83664				2
2025.03.31	01:02:29.961	0.83662				2
2025.03.31	01:02:30.339	0.83661	0.83675			6
2025.03.31	01:02:31.233	0.83662	0.83676			6
2025.03.31	01:02:31.905	0.83661	0.83675			6
2025.03.31	01:02:32.745	0.83655	0.83668			6
2025.03.31	01:02:33.046	0.83656				2
2025.03.31	01:02:33.489	0.83657				2
2025.03.31	01:02:35.125	0.83661	0.83672			6
2025.03.31	01:02:35.456	0.83660	0.83673			6
2025.03.31	01:02:35.810	0.83659				2
2025.03.31	01:02:36.337	0.83657				2
2025.03.31	01:02:36.647		0.83670			4
2025.03.31	01:02:38.055	0.83655	0.83666			6
2025.03.31	01:02:40.260	0.83654	0.83665			6
2025.03.31	01:02:41.332		0.83666			4
2025.03.31	01:02:42.352	0.83652	0.83665			6
2025.03.31	01:02:44.358	0.83655	0.83667			6
2025.03.31	01:02:45.932		0.83668			4
2025.03.31	01:02:46.467		0.83667			4
2025.03.31	01:02:47.767	0.83652	0.83663			6
2025.03.31	01:02:48.140	0.83654	0.83667			6
2025.03.31	01:02:48.643	0.83650	0.83666			6
2025.03.31	01:02:49.899	0.83651				2
2025.03.31	01:02:50.338	0.83650				2
2025.03.31	01:02:50.727	0.83651				2
2025.03.31	01:02:51.174	0.83650	0.83664			6
2025.03.31	01:02:51.729	0.83651				2
2025.03.31	01:02:52.237	0.83650				2
2025.03.31	01:02:52.558	0.83651	0.83662			6
2025.03.31	01:02:52.868	0.83653	0.83669			6
2025.03.31	01:02:53.256		0.83667			4
2025.03.31	01:02:54.033	0.83654	0.83666			6
2025.03.31	01:02:54.364		0.83667			4
2025.03.31	01:02:55.249		0.83668			4
2025.03.31	01:02:55.558	0.83656				2
2025.03.31	01:02:56.657	0.83657				2
2025.03.31	01:02:57.410	0.83656	0.83670			6
2025.03.31	01:02:57.718	0.83657				2
2025.03.31	01:02:58.338	0.83659				2
2025.03.31	01:02:59.487	0.83660				2
2025.03.31	01:03:00.380	0.83660	0.83672			6
2025.03.31	01:03:00.711	0.83661	0.83671			6
2025.03.31	01:03:02.178		0.83672			4
2025.03.31	01:03:02.612		0.83675			4
2025.03.31	01:03:02.923	0.83663				2
2025.03.31	01:03:03.263	0.83664				2
2025.03.31	01:03:03.689	0.83663	0.83672			6
2025.03.31	01:03:04.098	0.83662				2
2025.03.31	01:03:04.810	0.83663				2
2025.03.31	01:03:05.210	0.83662				2
2025.03.31	01:03:06.000	0.83661	0.83673			6
2025.03.31	01:03:06.337	0.83662				2
2025.03.31	01:03:10.755	0.83661				2
2025.03.31	01:03:11.341	0.83662				2
2025.03.31	01:03:14.650	0.83663	0.83675			6
2025.03.31	01:03:16.558	0.83662				2
2025.03.31	01:03:17.557	0.83663	0.83674			6
2025.03.31	01:03:18.560		0.83673			4
2025.03.31	01:03:18.932	0.83662	0.83671			6
2025.03.31	01:03:23.538	0.83656	0.83665			6
2025.03.31	01:03:24.028	0.83654				2
2025.03.31	01:03:24.493	0.83650	0.83659			6
2025.03.31	01:03:24.821		0.83661			4
2025.03.31	01:03:25.206	0.83651	0.83662			6
2025.03.31	01:03:25.634	0.83654				2
2025.03.31	01:03:26.328		0.83664			4
2025.03.31	01:03:28.189	0.83659	0.83667			6
2025.03.31	01:03:28.494	0.83657				2
2025.03.31	01:03:28.967	0.83658				2
2025.03.31	01:03:29.731	0.83655				2
2025.03.31	01:03:31.488	0.83656				2
2025.03.31	01:03:32.027	0.83651	0.83662			6
2025.03.31	01:03:32.725	0.83650				2
2025.03.31	01:03:35.013	0.83651				2
2025.03.31	01:03:35.393	0.83652				2
2025.03.31	01:03:38.311	0.83651	0.83661			6
2025.03.31	01:03:39.287	0.83652	0.83662			6
2025.03.31	01:03:39.932	0.83653				2
2025.03.31	01:03:42.112	0.83654				2
2025.03.31	01:03:44.965	0.83655	0.83663			6
2025.03.31	01:03:48.331	0.83656				2
2025.03.31	01:03:49.106	0.83655	0.83661			6
2025.03.31	01:03:49.505		0.83662			4
2025.03.31	01:03:49.871	0.83654	0.83665			6
2025.03.31	01:03:50.431	0.83655				2
2025.03.31	01:03:52.231		0.83666			4
2025.03.31	01:03:55.432	0.83656				2
2025.03.31	01:03:57.333	0.83655	0.83665			6
2025.03.31	01:03:59.106	0.83659	0.83667			6
2025.03.31	01:04:00.466	0.83659				2
2025.03.31	01:04:00.932	0.83660				2
2025.03.31	01:04:06.075	0.83655	0.83663			6
2025.03.31	01:04:06.688	0.83654				2
2025.03.31	01:04:08.139	0.83655	0.83664			6
2025.03.31	01:04:09.308		0.83663			4
2025.03.31	01:04:12.073	0.83654	0.83661			6
2025.03.31	01:04:12.631	0.83653				2
2025.03.31	01:04:14.132	0.83652	0.83659			6
2025.03.31	01:04:16.532	0.83653				2
2025.03.31	01:04:17.383		0.83658			4
2025.03.31	01:04:20.759	0.83644	0.83650			6
2025.03.31	01:04:21.278	0.83640	0.83644			6
2025.03.31	01:04:21.601	0.83639				2
2025.03.31	01:04:23.287	0.83638				2
2025.03.31	01:04:25.181	0.83639	0.83648			6
2025.03.31	01:04:30.692	0.83637	0.83647			6
2025.03.31	01:04:31.016	0.83638				2
2025.03.31	01:04:31.329		0.83644			4
2025.03.31	01:04:31.832	0.83636				2
2025.03.31	01:04:32.548		0.83643			4
2025.03.31	01:04:34.194	0.83635	0.83644			6
2025.03.31	01:04:34.531	0.83637				2
2025.03.31	01:04:37.842	0.83636				2
2025.03.31	01:04:38.181	0.83642	0.83647			6
2025.03.31	01:04:38.892		0.83648			4
2025.03.31	01:04:39.371	0.83634	0.83642			6
2025.03.31	01:04:40.040	0.83628	0.83638			6
2025.03.31	01:04:40.374	0.83630				2
2025.03.31	01:04:41.419	0.83629	0.83639			6
2025.03.31	01:04:41.727	0.83634	0.83640			6
2025.03.31	01:04:43.699	0.83628	0.83631			6
2025.03.31	01:04:44.006	0.83624	0.83630			6
2025.03.31	01:04:44.307	0.83622				2
2025.03.31	01:04:48.029	0.83621	0.83627			6
2025.03.31	01:04:48.559	0.83620				2
2025.03.31	01:04:51.935		0.83626			4
2025.03.31	01:04:55.018		0.83627			4
2025.03.31	01:04:55.669	0.83621				2
2025.03.31	01:04:56.745		0.83629			4
2025.03.31	01:04:57.376	0.83625	0.83631			6
2025.03.31	01:05:00.373	0.83630	0.83635			6
2025.03.31	01:05:00.685		0.83636			4
2025.03.31	01:05:01.009		0.83638			4
2025.03.31	01:05:01.410	0.83629	0.83641			6
2025.03.31	01:05:01.802	0.83634				2
2025.03.31	01:05:03.044	0.83633	0.83638			6
2025.03.31	01:05:03.345	0.83631	0.83636			6
2025.03.31	01:05:03.657	0.83628				2
2025.03.31	01:05:06.331	0.83630				2
2025.03.31	01:05:09.103	0.83632	0.83640			6
2025.03.31	01:05:09.767	0.83633				2
2025.03.31	01:05:10.070	0.83635	0.83641			6
2025.03.31	01:05:11.303	0.83636	0.83640			6
2025.03.31	01:05:11.606	0.83633	0.83641			6
2025.03.31	01:05:12.092	0.83627	0.83637			6
2025.03.31	01:05:12.632	0.83628				2
2025.03.31	01:05:14.139	0.83630				2
2025.03.31	01:05:17.702	0.83629	0.83634			6
2025.03.31	01:05:18.005	0.83628	0.83633			6
2025.03.31	01:05:18.312		0.83634			4
2025.03.31	01:05:21.188	0.83626	0.83631			6
2025.03.31	01:05:26.062	0.83625				2
2025.03.31	01:05:26.825	0.83624	0.83629			6
2025.03.31	01:05:28.851	0.83626	0.83631			6
2025.03.31	01:05:29.717	0.83619	0.83625			6
2025.03.31	01:05:31.834		0.83624			4
2025.03.31	01:05:34.998		0.83626			4
2025.03.31	01:05:38.405	0.83621	0.83628			6
2025.03.31	01:05:40.236		0.83629			4
2025.03.31	01:05:41.322		0.83626			4
2025.03.31	01:05:50.434	0.83620	0.83625			6
2025.03.31	01:05:50.746	0.83621	0.83626			6
2025.03.31	01:05:51.302		0.83627			4
2025.03.31	01:05:51.608	0.83620	0.83623			6
2025.03.31	01:05:51.912	0.83619				2
2025.03.31	01:05:59.244		0.83626			4
2025.03.31	01:05:59.546	0.83618	0.83623			6
2025.03.31	01:06:00.307	0.83618				2
2025.03.31	01:06:07.351		0.83622			4
2025.03.31	01:06:10.103	0.83617	0.83623			6
2025.03.31	01:06:11.738	0.83616				2
2025.03.31	01:06:16.361		0.83624			4
2025.03.31	01:06:33.332		0.83625			4
2025.03.31	01:06:52.805	0.83617				2
2025.03.31	01:06:58.015	0.83612	0.83619			6
2025.03.31	01:07:00.033	0.83612				2
2025.03.31	01:07:05.387	0.83614	0.83621			6
2025.03.31	01:07:08.948		0.83622			4
2025.03.31	01:07:09.754	0.83616				2
2025.03.31	01:07:17.591	0.83617	0.83623			6
2025.03.31	01:07:19.045	0.83619	0.83626			6
2025.03.31	01:07:19.463	0.83618				2
2025.03.31	01:07:23.701	0.83617	0.83622			6
2025.03.31	01:07:29.346	0.83614	0.83621			6
2025.03.31	01:07:30.381	0.83617	0.83622			6
2025.03.31	01:07:30.862		0.83624			4
2025.03.31	01:07:31.556		0.83625			4
2025.03.31	01:07:31.895	0.83618	0.83624			6
2025.03.31	01:07:44.279	0.83622	0.83629			6
2025.03.31	01:07:45.934		0.83630			4
2025.03.31	01:07:47.733		0.83629			4
2025.03.31	01:07:54.279	0.83621	0.83627			6
2025.03.31	01:07:57.031		0.83628			4
2025.03.31	01:08:00.511	0.83621	0.83627			6
2025.03.31	01:08:02.387	0.83620				2
2025.03.31	01:08:16.231		0.83628			4
2025.03.31	01:08:16.851	0.83623	0.83630			6
2025.03.31	01:08:17.158		0.83631			4
2025.03.31	01:08:17.663	0.83627	0.83632			6
2025.03.31	01:08:18.004	0.83624				2
2025.03.31	01:08:19.177		0.83631			4
2025.03.31	01:08:20.004	0.83628	0.83635			6
2025.03.31	01:08:24.106	0.83627				2
2025.03.31	01:08:27.333		0.83634			4
2025.03.31	01:08:33.107	0.83628				2
2025.03.31	01:08:38.280	0.83627	0.83635			6
2025.03.31	01:08:43.737		0.83634			4
2025.03.31	01:08:49.341		0.83633			4
2025.03.31	01:08:50.432	0.83626				2
2025.03.31	01:08:55.674	0.83631	0.83639			6
2025.03.31	01:09:01.004	0.83631				2
2025.03.31	01:09:02.904		0.83638			4
2025.03.31	01:09:03.400	0.83630	0.83635			6
2025.03.31	01:09:04.092		0.83636			4
2025.03.31	01:09:04.394		0.83635			4
2025.03.31	01:09:04.719	0.83631	0.83638			6
2025.03.31	01:09:10.669		0.83639			4
2025.03.31	01:09:12.459	0.83630	0.83638			6
2025.03.31	01:09:17.131	0.83641	0.83648			6
2025.03.31	01:09:17.445	0.83642				2
2025.03.31	01:09:18.839	0.83643	0.83650			6
2025.03.31	01:09:21.132		0.83651			4
2025.03.31	01:09:22.302	0.83644				2
2025.03.31	01:09:22.606	0.83647	0.83654			6
2025.03.31	01:09:23.226	0.83648	0.83653			6
2025.03.31	01:09:23.533	0.83651	0.83656			6
2025.03.31	01:09:23.969	0.83649	0.83657			6
2025.03.31	01:09:24.333	0.83653	0.83660			6
2025.03.31	01:09:24.832	0.83642	0.83647			6
2025.03.31	01:09:25.146	0.83641	0.83644			6
2025.03.31	01:09:27.281	0.83640				2
2025.03.31	01:09:30.406		0.83646			4
2025.03.31	01:09:35.112	0.83638	0.83642			6
2025.03.31	01:09:36.527	0.83628	0.83638			6
2025.03.31	01:09:36.846	0.83630	0.83639			6
2025.03.31	01:09:44.381	0.83625	0.83633			6
2025.03.31	01:09:44.733	0.83624				2
2025.03.31	01:09:45.228	0.83623	0.83630			6
2025.03.31	01:09:46.661	0.83627	0.83635			6
2025.03.31	01:09:47.344	0.83632	0.83639			6
2025.03.31	01:09:47.667	0.83623	0.83631			6
2025.03.31	01:09:47.993	0.83624				2
2025.03.31	01:09:49.261	0.83622				2
2025.03.31	01:09:50.815	0.83623				2
2025.03.31	01:09:58.047	0.83622	0.83627			6
2025.03.31	01:09:58.737	0.83621				2
2025.03.31	01:10:01.190	0.83620	0.83622			6
2025.03.31	01:10:03.035		0.83625			4
2025.03.31	01:10:06.980		0.83624			4
2025.03.31	01:10:10.542	0.83619				2
2025.03.31	01:10:10.878	0.83623	0.83627			6
2025.03.31	01:10:16.522	0.83626	0.83632			6
2025.03.31	01:10:18.441	0.83623	0.83628			6
2025.03.31	01:10:18.747		0.83627			4
2025.03.31	01:10:22.717	0.83622	0.83626			6
2025.03.31	01:10:23.310	0.83620				2
2025.03.31	01:10:32.216		0.83623			4
2025.03.31	01:10:35.577	0.83619				2
2025.03.31	01:10:44.507	0.83620	0.83624			6
2025.03.31	01:11:00.490	0.83620				2
2025.03.31	01:11:03.551		0.83622			4
2025.03.31	01:11:05.448	0.83619	0.83623			6
2025.03.31	01:11:07.532	0.83620				2
2025.03.31	01:11:07.834		0.83622			4
2025.03.31	01:11:08.594	0.83618	0.83624			6
2025.03.31	01:11:09.102	0.83621				2
2025.03.31	01:11:11.781		0.83626			4
2025.03.31	01:11:12.387	0.83618	0.83627			6
2025.03.31	01:11:17.621	0.83620	0.83626			6
2025.03.31	01:11:17.923		0.83627			4
2025.03.31	01:11:20.089		0.83628			4
2025.03.31	01:11:21.910	0.83619				2
2025.03.31	01:11:22.265		0.83627			4
2025.03.31	01:11:23.041	0.83620	0.83628			6
2025.03.31	01:11:28.116	0.83619	0.83627			6
2025.03.31	01:11:32.122	0.83624	0.83630			6
2025.03.31	01:11:32.468	0.83625	0.83631			6
2025.03.31	01:11:33.395	0.83624	0.83630			6
2025.03.31	01:11:34.691		0.83631			4
2025.03.31	01:11:35.244	0.83626				2
2025.03.31	01:11:36.584	0.83624	0.83632			6
2025.03.31	01:11:44.626	0.83625	0.83631			6
2025.03.31	01:11:45.230	0.83627	0.83632			6
2025.03.31	01:11:45.612	0.83634	0.83640			6
2025.03.31	01:11:45.965		0.83638			4
2025.03.31	01:11:46.417		0.83640			4
2025.03.31	01:11:46.971	0.83635				2
2025.03.31	01:11:47.362	0.83627	0.83635			6
2025.03.31	01:11:47.678	0.83628	0.83636			6
2025.03.31	01:11:49.156	0.83630	0.83635			6
2025.03.31	01:11:53.080		0.83636			4
2025.03.31	01:11:54.791	0.83629	0.83634			6
2025.03.31	01:11:58.911	0.83628	0.83633			6
2025.03.31	01:11:59.247	0.83629	0.83634			6
2025.03.31	01:12:00.143	0.83629				2
2025.03.31	01:12:03.477		0.83635			4
2025.03.31	01:12:04.437	0.83635	0.83640			6
2025.03.31	01:12:04.842	0.83633	0.83638			6
2025.03.31	01:12:05.143		0.83636			4
2025.03.31	01:12:05.812		0.83638			4
2025.03.31	01:12:07.611		0.83636			4
2025.03.31	01:12:10.615	0.83632				2
2025.03.31	01:12:11.873	0.83631				2
2025.03.31	01:12:12.848	0.83633	0.83639			6
2025.03.31	01:12:13.798	0.83634	0.83638			6
2025.03.31	01:12:17.584	0.83635	0.83639			6
2025.03.31	01:12:20.492	0.83636	0.83640			6
2025.03.31	01:12:21.106	0.83637	0.83641			6
2025.03.31	01:12:22.005	0.83640	0.83645			6
2025.03.31	01:12:22.473		0.83644			4
2025.03.31	01:12:28.346		0.83645			4
2025.03.31	01:12:29.597	0.83641				2
2025.03.31	01:12:30.066		0.83644			4
2025.03.31	01:12:30.625		0.83645			4
2025.03.31	01:12:35.271	0.83640	0.83644			6
2025.03.31	01:12:37.227	0.83637	0.83646			6
2025.03.31	01:12:37.546	0.83639	0.83644			6
2025.03.31	01:12:46.151	0.83640				2
2025.03.31	01:12:47.218	0.83639	0.83643			6
2025.03.31	01:12:47.767	0.83638	0.83642			6
2025.03.31	01:12:50.432		0.83643			4
2025.03.31	01:12:51.598	0.83637	0.83641			6
2025.03.31	01:12:56.096	0.83632	0.83637			6
2025.03.31	01:12:56.405	0.83633				2
2025.03.31	01:12:56.847	0.83632	0.83636			6
2025.03.31	01:12:58.015	0.83634	0.83637			6
2025.03.31	01:12:58.483	0.83633				2
2025.03.31	01:13:00.604	0.83633				2
2025.03.31	01:13:01.750	0.83632				2
2025.03.31	01:13:02.375	0.83634	0.83638			6
2025.03.31	01:13:04.218	0.83636	0.83640			6
2025.03.31	01:13:04.759	0.83638	0.83642			6
2025.03.31	01:13:07.846	0.83639	0.83643			6
2025.03.31	01:13:11.738	0.83638	0.83644			6
2025.03.31	01:13:14.430	0.83640				2
2025.03.31	01:13:19.135	0.83642	0.83645			6
2025.03.31	01:13:20.359	0.83641	0.83644			6
2025.03.31	01:13:20.938		0.83645			4
2025.03.31	01:13:22.707	0.83642	0.83646			6
2025.03.31	01:13:25.051	0.83641				2
2025.03.31	01:13:30.196	0.83642	0.83645			6
2025.03.31	01:13:31.127	0.83644	0.83647			6
2025.03.31	01:13:31.518	0.83643	0.83650			6
2025.03.31	01:13:39.516	0.83644				2
2025.03.31	01:13:40.232	0.83645				2
2025.03.31	01:13:40.585		0.83649			4
2025.03.31	01:13:42.349		0.83650			4
2025.03.31	01:13:42.787		0.83651			4
2025.03.31	01:13:43.245	0.83646	0.83650			6
2025.03.31	01:13:43.681	0.83645	0.83651			6
2025.03.31	01:13:44.132	0.83646	0.83650			6
2025.03.31	01:13:44.449	0.83647	0.83651			6
2025.03.31	01:13:46.971	0.83644	0.83652			6
2025.03.31	01:13:50.351	0.83646				2
2025.03.31	01:13:51.133	0.83647				2
2025.03.31	01:13:51.949	0.83646	0.83651			6
2025.03.31	01:13:53.903		0.83652			4
2025.03.31	01:13:54.261	0.83648	0.83651			6
2025.03.31	01:14:00.659	0.83646	0.83650			6
2025.03.31	01:14:01.361		0.83651			4
2025.03.31	01:14:04.604	0.83647	0.83650			6
2025.03.31	01:14:05.207	0.83646	0.83652			6
2025.03.31	01:14:05.743		0.83651			4
2025.03.31	01:14:07.400		0.83652			4
2025.03.31	01:14:08.325	0.83647	0.83651			6
2025.03.31	01:14:08.864	0.83648				2
2025.03.31	01:14:22.207	0.83647				2
2025.03.31	01:14:29.509	0.83646	0.83649			6
2025.03.31	01:14:31.144	0.83640				2
2025.03.31	01:14:31.446	0.83642	0.83645			6
2025.03.31	01:14:31.931	0.83643	0.83646			6
2025.03.31	01:14:33.716	0.83638	0.83644			6
2025.03.31	01:14:34.075	0.83639	0.83643			6
2025.03.31	01:14:34.381		0.83642			4
2025.03.31	01:14:37.239	0.83640	0.83643			6
2025.03.31	01:14:38.287	0.83639	0.83641			6
2025.03.31	01:14:39.213	0.83637	0.83640			6
2025.03.31	01:14:39.523	0.83636	0.83639			6
2025.03.31	01:14:40.016	0.83637				2
2025.03.31	01:14:40.628	0.83635	0.83636			6
2025.03.31	01:14:44.044	0.83634	0.83638			6
2025.03.31	01:14:45.781	0.83633	0.83636			6
2025.03.31	01:14:46.283	0.83635	0.83638			6
2025.03.31	01:14:51.332	0.83631	0.83634			6
2025.03.31	01:14:54.177	0.83633	0.83636			6
2025.03.31	01:14:57.246		0.83635			4
2025.03.31	01:15:00.154	0.83633				2
2025.03.31	01:15:03.287	0.83634	0.83637			6
2025.03.31	01:15:06.347	0.83635				2
2025.03.31	01:15:06.665	0.83634	0.83635			6
2025.03.31	01:15:07.037	0.83633	0.83634			6
2025.03.31	01:15:07.386	0.83632				2
2025.03.31	01:15:08.190	0.83633				2
2025.03.31	01:15:08.546	0.83630	0.83631			6
2025.03.31	01:15:08.901		0.83633			4
2025.03.31	01:15:10.671	0.83629				2
2025.03.31	01:15:15.306	0.83632	0.83635			6
2025.03.31	01:15:16.159	0.83630	0.83633			6
2025.03.31	01:15:18.763	0.83633	0.83634			6
2025.03.31	01:15:19.080	0.83630	0.83632			6
2025.03.31	01:15:21.905		0.83633			4
2025.03.31	01:15:28.075	0.83631	0.83632			6
2025.03.31	01:15:30.147	0.83630	0.83631			6
2025.03.31	01:15:31.012	0.83628				2
2025.03.31	01:15:31.841	0.83630				2
2025.03.31	01:15:32.306	0.83628				2
2025.03.31	01:15:35.792	0.83630	0.83632			6
2025.03.31	01:15:36.109		0.83631			4
2025.03.31	01:15:36.436	0.83629				2
2025.03.31	01:15:36.945	0.83630				2
2025.03.31	01:15:39.381	0.83629	0.83630			6
2025.03.31	01:15:40.642	0.83628	0.83631			6
2025.03.31	01:15:42.037	0.83629				2
2025.03.31	01:15:42.492	0.83628	0.83630			6
2025.03.31	01:15:47.396	0.83629	0.83631			6
2025.03.31	01:15:48.040	0.83628	0.83630			6
2025.03.31	01:15:49.556	0.83627	0.83628			6
2025.03.31	01:15:51.076		0.83629			4
2025.03.31	01:15:53.366	0.83628	0.83630			6
2025.03.31	01:15:54.458		0.83629			4
2025.03.31	01:15:54.794	0.83627	0.83630			6
2025.03.31	01:15:58.536	0.83628				2
2025.03.31	01:16:00.033	0.83629	0.83631			6
2025.03.31	01:16:02.167	0.83628	0.83630			6
2025.03.31	01:16:04.529	0.83627	0.83629			6
2025.03.31	01:16:06.008	0.83626	0.83628			6
2025.03.31	01:16:07.204	0.83625	0.83627			6
2025.03.31	01:16:09.110	0.83624	0.83626			6
2025.03.31	01:16:09.646	0.83623				2
2025.03.31	01:16:10.010		0.83625			4
2025.03.31	01:16:10.383	0.83626	0.83628			6
2025.03.31	01:16:14.438	0.83618	0.83620			6
2025.03.31	01:16:17.131	0.83619	0.83622			6
2025.03.31	01:16:17.831	0.83620	0.83623			6
2025.03.31	01:16:18.385		0.83622			4
2025.03.31	01:16:19.815	0.83619	0.83621			6
2025.03.31	01:16:20.756	0.83615	0.83616			6
2025.03.31	01:16:21.217		0.83617			4
2025.03.31	01:16:23.183	0.83616	0.83618			6
2025.03.31	01:16:24.598		0.83617			4
2025.03.31	01:16:26.220		0.83618			4
2025.03.31	01:16:31.554	0.83615	0.83616			6
2025.03.31	01:16:37.132	0.83613	0.83615			6
2025.03.31	01:16:38.479	0.83615	0.83616			6
2025.03.31	01:16:40.126	0.83613	0.83615			6
2025.03.31	01:16:41.722	0.83618	0.83619			6
2025.03.31	01:16:42.025		0.83620			4
2025.03.31	01:16:43.589	0.83619	0.83621			6
2025.03.31	01:16:44.361	0.83620				2
2025.03.31	01:16:44.963	0.83619	0.83622			6
2025.03.31	01:16:45.560		0.83623			4
2025.03.31	01:16:46.920	0.83621				2
2025.03.31	01:16:49.011		0.83622			4
2025.03.31	01:16:49.560		0.83623			4
2025.03.31	01:16:50.812		0.83622			4
2025.03.31	01:16:52.759		0.83623			4
2025.03.31	01:16:54.428	0.83620	0.83621			6
2025.03.31	01:16:55.125	0.83621	0.83622			6
2025.03.31	01:16:57.523	0.83625	0.83626			6
2025.03.31	01:16:57.825	0.83624	0.83625			6
2025.03.31	01:17:00.394	0.83624				2
2025.03.31	01:17:01.041	0.83623	0.83624			6
2025.03.31	01:17:01.348	0.83624	0.83625			6
2025.03.31	01:17:02.262	0.83623	0.83624			6
2025.03.31	01:17:02.895	0.83622	0.83623			6
2025.03.31	01:17:03.545	0.83621	0.83622			6
2025.03.31	01:17:05.559	0.83618	0.83620			6
2025.03.31	01:17:06.274		0.83619			4
2025.03.31	01:17:08.984		0.83620			4
2025.03.31	01:17:09.921	0.83620	0.83622			6
2025.03.31	01:17:11.774		0.83623			4
2025.03.31	01:17:12.137	0.83621	0.83622			6
2025.03.31	01:17:12.566	0.83620	0.83621			6
2025.03.31	01:17:16.364	0.83621	0.83622			6
2025.03.31	01:17:17.077	0.83620				2
2025.03.31	01:17:18.119	0.83621				2
2025.03.31	01:17:21.635	0.83620	0.83621			6
2025.03.31	01:17:24.112	0.83623	0.83624			6
2025.03.31	01:17:24.432	0.83622				2
2025.03.31	01:17:24.746	0.83623				2
2025.03.31	01:17:25.764	0.83624	0.83626			6
2025.03.31	01:17:26.476	0.83625				2
2025.03.31	01:17:34.901	0.83624	0.83625			6
2025.03.31	01:17:37.716	0.83623	0.83624			6
2025.03.31	01:17:41.805	0.83620	0.83621			6
2025.03.31	01:17:44.636	0.83619	0.83620			6
2025.03.31	01:18:00.752	0.83619				2
2025.03.31	01:18:10.907	0.83618	0.83619			6
2025.03.31	01:18:11.347	0.83619	0.83620			6
2025.03.31	01:18:15.983	0.83620	0.83621			6
2025.03.31	01:18:20.203	0.83622	0.83623			6
2025.03.31	01:18:23.033	0.83623	0.83624			6
2025.03.31	01:18:23.366	0.83624	0.83625			6
2025.03.31	01:18:26.603	0.83623	0.83624			6
2025.03.31	01:18:27.248	0.83621	0.83622			6
2025.03.31	01:18:27.567	0.83622	0.83623			6
2025.03.31	01:18:32.199	0.83623	0.83624			6
2025.03.31	01:18:36.976	0.83624	0.83625			6
2025.03.31	01:18:45.633	0.83623	0.83624			6
2025.03.31	01:18:45.948	0.83622	0.83623			6
2025.03.31	01:18:47.502	0.83623	0.83624			6
2025.03.31	01:18:51.083	0.83624	0.83625			6
2025.03.31	01:19:00.402	0.83624				2
2025.03.31	01:19:01.285	0.83622	0.83623			6
2025.03.31	01:19:02.217	0.83621	0.83622			6
2025.03.31	01:19:07.040	0.83620	0.83621			6
2025.03.31	01:19:10.640	0.83619	0.83620			6
2025.03.31	01:19:12.729	0.83620	0.83621			6
2025.03.31	01:19:13.559	0.83621	0.83622			6
2025.03.31	01:19:30.299	0.83622	0.83623			6
2025.03.31	01:19:43.331	0.83621	0.83622			6
2025.03.31	01:19:47.600	0.83622	0.83623			6
2025.03.31	01:19:48.348	0.83623	0.83624			6
2025.03.31	01:19:54.685	0.83622	0.83623			6
2025.03.31	01:19:55.401	0.83621	0.83622			6
2025.03.31	01:19:57.711	0.83617	0.83618			6
2025.03.31	01:19:58.051	0.83618	0.83619			6
2025.03.31	01:20:00.174	0.83618				2
2025.03.31	01:20:06.678	0.83617	0.83618			6
2025.03.31	01:20:07.857	0.83616	0.83617			6
2025.03.31	01:20:10.667	0.83617	0.83618			6
2025.03.31	01:20:11.003	0.83616	0.83617			6
2025.03.31	01:20:11.881	0.83617	0.83618			6
2025.03.31	01:20:13.223	0.83616				2
2025.03.31	01:20:13.845	0.83618	0.83619			6
2025.03.31	01:20:14.323	0.83617	0.83618			6
2025.03.31	01:20:21.147		0.83619			4
2025.03.31	01:20:23.978	0.83618				2
2025.03.31	01:20:25.780	0.83617				2
2025.03.31	01:20:26.081	0.83618				2
2025.03.31	01:20:26.428	0.83617	0.83618			6
2025.03.31	01:20:27.372		0.83619			4
2025.03.31	01:20:28.092	0.83618				2
2025.03.31	01:20:30.413	0.83617	0.83618			6
2025.03.31	01:20:30.714	0.83619	0.83620			6
2025.03.31	01:20:34.667	0.83621	0.83622			6
2025.03.31	01:20:37.011	0.83622	0.83623			6
2025.03.31	01:20:37.316	0.83623	0.83624			6
2025.03.31	01:20:37.996	0.83622	0.83623			6
2025.03.31	01:20:42.171	0.83621				2
2025.03.31	01:20:53.556	0.83622				2
2025.03.31	01:20:54.366	0.83620	0.83622			6
2025.03.31	01:20:57.563	0.83622	0.83623			6
2025.03.31	01:21:00.167	0.83622				2
2025.03.31	01:21:04.601	0.83621	0.83622			6
2025.03.31	01:21:16.165	0.83616	0.83617			6
2025.03.31	01:21:18.257	0.83615	0.83616			6
2025.03.31	01:21:27.343	0.83617	0.83618			6
2025.03.31	01:21:27.647	0.83620	0.83621			6
2025.03.31	01:21:27.954	0.83617	0.83618			6
2025.03.31	01:21:28.626	0.83618	0.83619			6
2025.03.31	01:21:33.600	0.83615	0.83616			6
2025.03.31	01:21:36.557	0.83617	0.83618			6
2025.03.31	01:21:37.299	0.83616	0.83617			6
2025.03.31	01:21:37.608	0.83615	0.83616			6
2025.03.31	01:21:44.245	0.83617	0.83618			6
2025.03.31	01:21:44.906	0.83618	0.83619			6
2025.03.31	01:21:45.297	0.83617	0.83618			6
2025.03.31	01:21:46.838	0.83618	0.83619			6
2025.03.31	01:21:48.904	0.83617	0.83618			6
2025.03.31	01:21:49.559	0.83616	0.83617			6
2025.03.31	01:21:49.886	0.83617	0.83618			6
2025.03.31	01:21:55.418	0.83616	0.83617			6
2025.03.31	01:21:55.749	0.83617	0.83618			6
2025.03.31	01:22:00.454	0.83617				2
2025.03.31	01:22:18.305	0.83616	0.83617			6
2025.03.31	01:22:20.790	0.83617	0.83618			6
2025.03.31	01:22:21.858	0.83616				2
2025.03.31	01:22:23.132		0.83617			4
2025.03.31	01:22:25.252	0.83617	0.83618			6
2025.03.31	01:22:26.288	0.83615	0.83616			6
2025.03.31	01:22:27.977	0.83620	0.83623			6
2025.03.31	01:22:28.291	0.83622				2
2025.03.31	01:22:35.247	0.83623	0.83624			6
2025.03.31	01:22:51.665	0.83622	0.83623			6
2025.03.31	01:22:53.435	0.83623	0.83624			6
2025.03.31	01:22:53.861	0.83622	0.83623			6
2025.03.31	01:22:54.165	0.83623	0.83624			6
2025.03.31	01:23:00.343	0.83623				2
2025.03.31	01:23:07.162	0.83622	0.83623			6
2025.03.31	01:23:08.265	0.83623	0.83624			6
2025.03.31	01:23:20.335	0.83625	0.83626			6
2025.03.31	01:23:20.647	0.83628	0.83629			6
2025.03.31	01:23:29.687	0.83627	0.83628			6
2025.03.31	01:23:30.008	0.83626	0.83629			6
2025.03.31	01:23:30.659	0.83627				2
2025.03.31	01:23:31.115	0.83628				2
2025.03.31	01:23:33.757	0.83630	0.83631			6
2025.03.31	01:23:38.407	0.83629	0.83630			6
2025.03.31	01:23:46.295	0.83632	0.83633			6
2025.03.31	01:23:46.606	0.83631	0.83632			6
2025.03.31	01:23:48.087	0.83632	0.83633			6
2025.03.31	01:23:54.733	0.83631	0.83632			6
2025.03.31	01:23:56.883	0.83633	0.83634			6
2025.03.31	01:23:58.871	0.83630				2
2025.03.31	01:23:59.201	0.83632				2
2025.03.31	01:24:00.624	0.83632				2
2025.03.31	01:24:01.993		0.83633			4
2025.03.31	01:24:03.117	0.83630	0.83631			6
2025.03.31	01:24:05.486	0.83632	0.83633			6
2025.03.31	01:24:05.792	0.83625	0.83631			6
2025.03.31	01:24:06.749	0.83631	0.83632			6
2025.03.31	01:24:07.797	0.83628	0.83631			6
2025.03.31	01:24:08.434	0.83631	0.83632			6
2025.03.31	01:24:09.370	0.83627	0.83631			6
2025.03.31	01:24:19.355	0.83632	0.83633			6
2025.03.31	01:24:24.614	0.83629	0.83630			6
2025.03.31	01:24:33.533	0.83630	0.83631			6
2025.03.31	01:24:35.026	0.83631	0.83632			6
2025.03.31	01:24:37.618	0.83633	0.83634			6
2025.03.31	01:24:37.925	0.83632	0.83633			6
2025.03.31	01:24:40.110	0.83633	0.83634			6
2025.03.31	01:24:42.898	0.83632	0.83633			6
2025.03.31	01:24:43.565	0.83633	0.83634			6
2025.03.31	01:24:48.300	0.83632	0.83633			6
2025.03.31	01:25:01.039	0.83632	0.83635			6
2025.03.31	01:25:01.494	0.83633	0.83634			6
2025.03.31	01:25:01.876	0.83632	0.83633			6
2025.03.31	01:25:02.653	0.83631	0.83632			6
2025.03.31	01:25:03.110	0.83627	0.83631			6
2025.03.31	01:25:03.649	0.83631	0.83632			6
2025.03.31	01:25:04.142	0.83627				2
2025.03.31	01:25:05.712	0.83632	0.83633			6
2025.03.31	01:25:09.051	0.83628	0.83632			6
2025.03.31	01:25:10.437	0.83631				2
2025.03.31	01:25:11.257	0.83627				2
2025.03.31	01:25:16.796	0.83628				2
2025.03.31	01:25:17.098	0.83632	0.83633			6
2025.03.31	01:25:18.757	0.83628	0.83629			6
2025.03.31	01:25:25.451	0.83631	0.83632			6
2025.03.31	01:25:29.470	0.83633	0.83634			6
2025.03.31	01:25:31.210	0.83631	0.83636			6
2025.03.31	01:25:33.522	0.83634	0.83635			6
2025.03.31	01:25:34.042	0.83635	0.83636			6
2025.03.31	01:25:35.043	0.83634	0.83635			6
2025.03.31	01:25:35.359	0.83635	0.83636			6
2025.03.31	01:25:39.609	0.83634	0.83635			6
2025.03.31	01:25:42.160	0.83631	0.83632			6
2025.03.31	01:25:43.768	0.83632	0.83633			6
2025.03.31	01:25:45.867	0.83631	0.83632			6
2025.03.31	01:25:55.846	0.83632	0.83633			6
2025.03.31	01:26:00.446	0.83632				2
2025.03.31	01:26:01.479	0.83631	0.83632			6
2025.03.31	01:26:03.599	0.83632	0.83633			6
2025.03.31	01:26:03.966	0.83631	0.83632			6
2025.03.31	01:26:06.317	0.83632	0.83633			6
2025.03.31	01:26:06.811	0.83631	0.83632			6
2025.03.31	01:26:07.913	0.83632	0.83633			6
2025.03.31	01:26:15.127	0.83631	0.83632			6
2025.03.31	01:26:15.432	0.83629	0.83630			6
2025.03.31	01:26:18.020	0.83631	0.83632			6
2025.03.31	01:26:20.226	0.83632	0.83633			6
2025.03.31	01:26:27.003	0.83631	0.83632			6
2025.03.31	01:26:29.146	0.83632	0.83633			6
2025.03.31	01:26:29.821	0.83630	0.83631			6
2025.03.31	01:26:30.134	0.83631	0.83632			6
2025.03.31	01:26:41.661	0.83633	0.83634			6
2025.03.31	01:26:41.966	0.83632				2
2025.03.31	01:26:42.329	0.83633				2
2025.03.31	01:26:43.847	0.83632	0.83633			6
2025.03.31	01:27:00.462	0.83630	0.83631			6
2025.03.31	01:27:05.179	0.83632	0.83633			6
2025.03.31	01:27:21.695	0.83631	0.83632			6
2025.03.31	01:27:23.649	0.83630	0.83631			6
2025.03.31	01:27:31.223	0.83629	0.83630			6
2025.03.31	01:27:34.757	0.83630	0.83631			6
2025.03.31	01:27:42.288	0.83631	0.83632			6
2025.03.31	01:27:49.791	0.83632	0.83633			6
2025.03.31	01:27:50.767	0.83627	0.83632			6
2025.03.31	01:27:53.503	0.83633	0.83634			6
2025.03.31	01:27:54.105	0.83634	0.83635			6
2025.03.31	01:27:54.588	0.83633	0.83634			6
2025.03.31	01:27:55.356	0.83634	0.83635			6
2025.03.31	01:27:55.666	0.83633	0.83636			6
2025.03.31	01:27:56.482	0.83637	0.83638			6
2025.03.31	01:27:57.522	0.83638	0.83639			6
2025.03.31	01:27:57.853	0.83636	0.83637			6
2025.03.31	01:27:58.347	0.83638	0.83639			6
2025.03.31	01:27:59.472	0.83639	0.83640			6
2025.03.31	01:27:59.867	0.83640	0.83641			6
2025.03.31	01:28:00.206	0.83640				2
2025.03.31	01:28:00.534	0.83641	0.83642			6
2025.03.31	01:28:03.373	0.83640	0.83641			6
2025.03.31	01:28:08.328	0.83641	0.83642			6
2025.03.31	01:28:09.765	0.83638	0.83639			6
2025.03.31	01:28:10.117	0.83637	0.83638			6
2025.03.31	01:28:14.081	0.83639	0.83640			6
2025.03.31	01:28:19.494	0.83642	0.83643			6
2025.03.31	01:28:22.016	0.83641	0.83642			6
2025.03.31	01:28:25.521	0.83642	0.83643			6
2025.03.31	01:28:29.425	0.83640	0.83641			6
2025.03.31	01:28:30.181	0.83639	0.83640			6
2025.03.31	01:28:30.640	0.83640	0.83641			6
2025.03.31	01:28:33.020	0.83639	0.83640			6
2025.03.31	01:28:33.370	0.83638	0.83639			6
2025.03.31	01:28:33.855	0.83639	0.83640			6
2025.03.31	01:28:42.814	0.83637	0.83638			6
2025.03.31	01:28:43.807	0.83636	0.83637			6
2025.03.31	01:28:50.464	0.83640	0.83641			6
2025.03.31	01:28:50.829	0.83639	0.83640			6
2025.03.31	01:28:57.295	0.83638	0.83639			6
2025.03.31	01:28:57.934	0.83639	0.83640			6
2025.03.31	01:29:00.439	0.83639				2
2025.03.31	01:29:03.925	0.83637	0.83639			6
2025.03.31	01:29:04.230	0.83638				2
2025.03.31	01:29:05.840	0.83639	0.83640			6
2025.03.31	01:29:07.735	0.83638	0.83639			6
2025.03.31	01:29:08.057	0.83636	0.83637			6
2025.03.31	01:29:15.697	0.83635	0.83636			6
2025.03.31	01:29:24.965	0.83632				2
2025.03.31	01:29:26.108	0.83633				2
2025.03.31	01:29:29.567	0.83631				2
2025.03.31	01:29:30.175	0.83632				2
2025.03.31	01:29:34.723	0.83635				2
2025.03.31	01:29:38.112		0.83637			4
2025.03.31	01:29:42.330		0.83636			4
2025.03.31	01:29:42.784	0.83636	0.83637			6
2025.03.31	01:29:43.630		0.83638			4
2025.03.31	01:29:44.056		0.83637			4
2025.03.31	01:29:44.455		0.83638			4
2025.03.31	01:29:45.231	0.83638	0.83639			6
2025.03.31	01:29:50.475	0.83639	0.83640			6
2025.03.31	01:29:54.712	0.83640	0.83641			6
2025.03.31	01:29:55.079	0.83639	0.83640			6
2025.03.31	01:30:00.022	0.83639				2
2025.03.31	01:30:02.131	0.83637	0.83638			6
2025.03.31	01:30:03.961	0.83636	0.83637			6
2025.03.31	01:30:05.507	0.83638	0.83639			6
2025.03.31	01:30:12.807	0.83639	0.83640			6
2025.03.31	01:30:13.437	0.83638	0.83639			6
2025.03.31	01:30:16.130	0.83640	0.83641			6
2025.03.31	01:30:19.498	0.83639	0.83640			6
2025.03.31	01:30:27.767	0.83640	0.83641			6
2025.03.31	01:30:29.007	0.83639	0.83640			6
2025.03.31	01:30:29.323	0.83641	0.83642			6
2025.03.31	01:30:33.162	0.83643	0.83644			6
2025.03.31	01:30:33.901	0.83644	0.83645			6
2025.03.31	01:30:35.053	0.83645	0.83646			6
2025.03.31	01:30:40.631	0.83644	0.83645			6
2025.03.31	01:30:53.173	0.83643	0.83644			6
2025.03.31	01:30:53.532	0.83642	0.83643			6
2025.03.31	01:31:00.372	0.83642				2
2025.03.31	01:31:02.073	0.83643	0.83644			6
2025.03.31	01:31:04.525	0.83642	0.83643			6
2025.03.31	01:31:06.986	0.83645	0.83646			6
2025.03.31	01:31:07.308	0.83643	0.83644			6
2025.03.31	01:31:07.628	0.83644	0.83645			6
2025.03.31	01:31:08.261	0.83643	0.83644			6
2025.03.31	01:31:08.569	0.83644	0.83645			6
2025.03.31	01:31:10.471	0.83645	0.83646			6
2025.03.31	01:31:13.704	0.83644	0.83645			6
2025.03.31	01:31:19.414	0.83645	0.83646			6
2025.03.31	01:31:23.732	0.83646	0.83647			6
2025.03.31	01:31:44.633	0.83645	0.83646			6
2025.03.31	01:31:49.557	0.83646	0.83647			6
2025.03.31	01:31:51.590	0.83648	0.83649			6
2025.03.31	01:31:52.637	0.83650	0.83651			6
2025.03.31	01:31:52.977	0.83651	0.83652			6
2025.03.31	01:31:54.110	0.83652	0.83653			6
2025.03.31	01:32:00.705	0.83652				2
2025.03.31	01:32:01.537	0.83651	0.83652			6
2025.03.31	01:32:10.060	0.83650	0.83651			6
2025.03.31	01:32:11.218	0.83649	0.83650			6
2025.03.31	01:32:12.336	0.83650	0.83651			6
2025.03.31	01:32:15.363	0.83651	0.83652			6
2025.03.31	01:32:17.359	0.83650	0.83651			6
2025.03.31	01:32:21.317	0.83651	0.83652			6
2025.03.31	01:32:39.408	0.83650	0.83651			6
2025.03.31	01:32:42.571	0.83651	0.83652			6
2025.03.31	01:33:00.484	0.83651				2
2025.03.31	01:33:02.507	0.83652	0.83653			6
2025.03.31	01:33:05.454	0.83651	0.83652			6
2025.03.31	01:33:11.107	0.83652	0.83653			6
2025.03.31	01:33:14.742	0.83653	0.83654			6
2025.03.31	01:33:15.283	0.83652	0.83653			6
2025.03.31	01:33:16.638	0.83654	0.83655			6
2025.03.31	01:33:16.943	0.83656	0.83657			6
2025.03.31	01:33:19.998	0.83655	0.83656			6
2025.03.31	01:33:21.644	0.83656	0.83657			6
2025.03.31	01:33:36.686	0.83653	0.83654			6
2025.03.31	01:33:36.989	0.83652	0.83653			6
2025.03.31	01:33:38.241	0.83651	0.83652			6
2025.03.31	01:33:41.370	0.83650	0.83651			6
2025.03.31	01:33:49.258	0.83651	0.83652			6
2025.03.31	01:33:52.269	0.83650				2
2025.03.31	01:33:54.139	0.83651				2
2025.03.31	01:34:00.459	0.83651				2
2025.03.31	01:34:01.222		0.83653			4
2025.03.31	01:34:03.271		0.83652			4
2025.03.31	01:34:04.313		0.83654			4
2025.03.31	01:34:05.598		0.83653			4
2025.03.31	01:34:07.219		0.83654			4
2025.03.31	01:34:08.532		0.83653			4
2025.03.31	01:34:09.847		0.83652			4
2025.03.31	01:34:10.550	0.83652	0.83653			6
2025.03.31	01:34:13.248	0.83651				2
2025.03.31	01:34:13.742		0.83652			4
2025.03.31	01:34:32.609	0.83652	0.83653			6
2025.03.31	01:34:33.291		0.83654			4
2025.03.31	01:34:33.615	0.83651				2
2025.03.31	01:34:33.931	0.83652				2
2025.03.31	01:34:34.872	0.83653				2
2025.03.31	01:34:37.804	0.83654	0.83655			6
2025.03.31	01:34:39.520	0.83652	0.83653			6
2025.03.31	01:34:40.782	0.83651	0.83652			6
2025.03.31	01:34:50.682	0.83653	0.83654			6
2025.03.31	01:34:51.684	0.83651	0.83652			6
2025.03.31	01:34:55.772	0.83652	0.83653			6
2025.03.31	01:35:00.392	0.83652				2
2025.03.31	01:35:05.061	0.83655	0.83656			6
2025.03.31	01:35:05.962	0.83656	0.83657			6
2025.03.31	01:35:07.836	0.83655	0.83656			6
2025.03.31	01:35:09.491	0.83656	0.83657			6
2025.03.31	01:35:14.658	0.83655	0.83656			6
2025.03.31	01:35:17.561	0.83657	0.83658			6
2025.03.31	01:35:19.038	0.83658	0.83659			6
2025.03.31	01:35:19.422	0.83657	0.83658			6
2025.03.31	01:35:19.911	0.83658	0.83659			6
2025.03.31	01:35:23.599	0.83657	0.83658			6
2025.03.31	01:35:26.499		0.83659			4
2025.03.31	01:35:27.296	0.83658				2
2025.03.31	01:35:28.936	0.83657				2
2025.03.31	01:35:30.667		0.83658			4
2025.03.31	01:35:35.772	0.83656	0.83657			6
2025.03.31	01:35:44.232	0.83657	0.83658			6
2025.03.31	01:35:49.495	0.83658	0.83659			6
2025.03.31	01:35:51.490	0.83660	0.83661			6
2025.03.31	01:35:53.450	0.83662	0.83663			6
2025.03.31	01:35:56.101	0.83663	0.83664			6
2025.03.31	01:35:56.402	0.83662	0.83663			6
2025.03.31	01:35:56.738	0.83663	0.83664			6
2025.03.31	01:35:57.097	0.83662	0.83663			6
2025.03.31	01:35:58.083	0.83663	0.83664			6
2025.03.31	01:35:58.544	0.83662	0.83663			6
2025.03.31	01:36:00.377	0.83662				2
2025.03.31	01:36:00.974	0.83663	0.83664			6
2025.03.31	01:36:01.373	0.83662	0.83663			6
2025.03.31	01:36:01.685	0.83665	0.83666			6
2025.03.31	01:36:02.016	0.83664	0.83665			6
2025.03.31	01:36:03.335	0.83663	0.83664			6
2025.03.31	01:36:05.307	0.83662	0.83663			6
2025.03.31	01:36:09.748	0.83661	0.83662			6
2025.03.31	01:36:16.835	0.83660	0.83661			6
2025.03.31	01:36:17.567	0.83661	0.83662			6
2025.03.31	01:36:18.696	0.83659	0.83660			6
2025.03.31	01:36:19.256	0.83660	0.83661			6
2025.03.31	01:36:23.863	0.83661	0.83662			6
2025.03.31	01:36:24.255	0.83662	0.83663			6
2025.03.31	01:36:27.121	0.83664	0.83665			6
2025.03.31	01:36:30.736	0.83663	0.83664			6
2025.03.31	01:36:38.403	0.83662	0.83663			6
2025.03.31	01:36:39.262	0.83663	0.83664			6
2025.03.31	01:36:43.159	0.83662	0.83663			6
2025.03.31	01:36:44.958	0.83663	0.83664			6
2025.03.31	01:36:45.713	0.83662	0.83663			6
2025.03.31	01:36:47.023	0.83663	0.83664			6
2025.03.31	01:36:48.928	0.83662	0.83663			6
2025.03.31	01:36:49.871	0.83664	0.83665			6
2025.03.31	01:36:56.730		0.83666			4
2025.03.31	01:37:00.031	0.83664				2
2025.03.31	01:37:11.484	0.83661	0.83664			6
2025.03.31	01:37:11.786	0.83662	0.83663			6
2025.03.31	01:37:14.537	0.83661	0.83662			6
2025.03.31	01:37:16.711	0.83663	0.83664			6
2025.03.31	01:37:21.422	0.83660	0.83661			6
2025.03.31	01:37:26.249	0.83659	0.83660			6
2025.03.31	01:37:28.476	0.83658	0.83659			6
2025.03.31	01:37:42.327	0.83659	0.83660			6
2025.03.31	01:37:43.592	0.83657	0.83658			6
2025.03.31	01:37:54.174	0.83658	0.83659			6
2025.03.31	01:38:00.315	0.83658				2
2025.03.31	01:38:05.294	0.83659	0.83660			6
2025.03.31	01:38:10.349	0.83660	0.83661			6
2025.03.31	01:38:10.704	0.83661	0.83662			6
2025.03.31	01:38:13.586	0.83662	0.83663			6
2025.03.31	01:38:20.245	0.83661	0.83662			6
2025.03.31	01:38:30.781	0.83662	0.83663			6
2025.03.31	01:38:33.637	0.83661	0.83662			6
2025.03.31	01:38:34.996	0.83660	0.83661			6
2025.03.31	01:38:50.585	0.83661	0.83662			6
2025.03.31	01:39:00.445	0.83661				2
2025.03.31	01:39:04.547	0.83659	0.83660			6
2025.03.31	01:39:05.008	0.83662	0.83663			6
2025.03.31	01:39:13.681	0.83665	0.83666			6
2025.03.31	01:39:21.314	0.83666	0.83667			6
2025.03.31	01:39:23.108	0.83665	0.83666			6
2025.03.31	01:39:26.288	0.83664	0.83665			6
2025.03.31	01:39:26.658	0.83665	0.83666			6
2025.03.31	01:39:28.667	0.83663	0.83664			6
2025.03.31	01:39:33.474	0.83665	0.83667			6
2025.03.31	01:39:33.786		0.83666			4
2025.03.31	01:39:41.248	0.83666	0.83667			6
2025.03.31	01:40:00.756	0.83666				2
2025.03.31	01:40:04.409	0.83665	0.83666			6
2025.03.31	01:40:04.723	0.83666	0.83667			6
2025.03.31	01:40:06.462	0.83665	0.83666			6
2025.03.31	01:40:14.068	0.83664	0.83665			6
2025.03.31	01:40:25.641	0.83663	0.83664			6
2025.03.31	01:40:26.643		0.83665			4
2025.03.31	01:40:27.579		0.83664			4
2025.03.31	01:40:28.237	0.83664	0.83665			6
2025.03.31	01:40:29.796	0.83666	0.83667			6
2025.03.31	01:40:30.227		0.83669			4
2025.03.31	01:40:30.528	0.83669	0.83670			6
2025.03.31	01:40:30.860	0.83668	0.83669			6
2025.03.31	01:40:37.832	0.83669	0.83670			6
2025.03.31	01:40:38.147	0.83670	0.83671			6
2025.03.31	01:40:39.327	0.83669	0.83670			6
2025.03.31	01:40:39.628	0.83670	0.83671			6
2025.03.31	01:40:41.632	0.83669	0.83670			6
2025.03.31	01:40:41.995	0.83670	0.83671			6
2025.03.31	01:40:42.328	0.83668	0.83669			6
2025.03.31	01:40:42.660	0.83669	0.83670			6
2025.03.31	01:40:42.972	0.83670	0.83671			6
2025.03.31	01:40:46.350	0.83668	0.83669			6
2025.03.31	01:40:46.858	0.83669	0.83670			6
2025.03.31	01:40:47.568	0.83668	0.83669			6
2025.03.31	01:40:52.399	0.83669	0.83670			6
2025.03.31	01:40:52.791	0.83668	0.83669			6
2025.03.31	01:41:00.158	0.83668				2
2025.03.31	01:41:07.338	0.83669	0.83670			6
2025.03.31	01:41:31.390	0.83668	0.83669			6
2025.03.31	01:41:33.228	0.83669	0.83670			6
2025.03.31	01:41:38.242	0.83668	0.83669			6
2025.03.31	01:41:42.672	0.83669	0.83670			6
2025.03.31	01:41:44.676	0.83668	0.83669			6
2025.03.31	01:41:45.084	0.83669	0.83670			6
2025.03.31	01:41:45.704	0.83668	0.83669			6
2025.03.31	01:41:47.114	0.83671	0.83672			6
2025.03.31	01:41:57.841	0.83672	0.83673			6
2025.03.31	01:42:00.354	0.83672				2
2025.03.31	01:42:01.398	0.83671	0.83672			6
2025.03.31	01:42:19.757	0.83672	0.83673			6
2025.03.31	01:42:28.317	0.83671	0.83672			6
2025.03.31	01:42:35.433	0.83672	0.83673			6
2025.03.31	01:42:36.800	0.83671	0.83672			6
2025.03.31	01:42:41.680	0.83672	0.83673			6
2025.03.31	01:42:49.104	0.83674	0.83675			6
2025.03.31	01:42:51.146	0.83671	0.83672			6
2025.03.31	01:42:51.450	0.83672	0.83673			6
2025.03.31	01:42:53.378	0.83670	0.83671			6
2025.03.31	01:42:58.520	0.83671	0.83672			6
2025.03.31	01:43:01.261	0.83671				2
2025.03.31	01:43:03.354	0.83670	0.83671			6
2025.03.31	01:43:07.380	0.83668	0.83669			6
2025.03.31	01:43:08.285	0.83671	0.83672			6
2025.03.31	01:43:10.607	0.83670	0.83671			6
2025.03.31	01:43:12.740	0.83669	0.83670			6
2025.03.31	01:43:21.774	0.83665	0.83666			6
2025.03.31	01:43:22.100	0.83664				2
2025.03.31	01:43:22.579	0.83666	0.83667			6
2025.03.31	01:43:23.614	0.83665	0.83666			6
2025.03.31	01:43:25.460	0.83666	0.83667			6
2025.03.31	01:43:32.863	0.83665	0.83666			6
2025.03.31	01:44:00.043	0.83665				2
2025.03.31	01:44:06.990	0.83661	0.83662			6
2025.03.31	01:44:07.308	0.83659	0.83660			6
2025.03.31	01:44:12.159	0.83660	0.83661			6
2025.03.31	01:44:14.553	0.83661	0.83662			6
2025.03.31	01:44:17.625	0.83660	0.83661			6
2025.03.31	01:44:17.952	0.83659				2
2025.03.31	01:44:18.713		0.83660			4
2025.03.31	01:44:21.791	0.83660	0.83661			6
2025.03.31	01:44:27.205	0.83661	0.83662			6
2025.03.31	01:44:28.493	0.83660	0.83661			6
2025.03.31	01:44:30.153	0.83659	0.83660			6
2025.03.31	01:44:30.484	0.83660	0.83661			6
2025.03.31	01:44:32.963	0.83666	0.83667			6
2025.03.31	01:44:39.681	0.83665	0.83666			6
2025.03.31	01:44:40.363	0.83662	0.83664			6
2025.03.31	01:44:40.989	0.83663				2
2025.03.31	01:44:43.768	0.83664	0.83665			6
2025.03.31	01:44:49.503	0.83665	0.83666			6
2025.03.31	01:44:53.438	0.83666	0.83667			6
2025.03.31	01:45:01.742	0.83666				2
2025.03.31	01:45:02.073	0.83667	0.83668			6
2025.03.31	01:45:08.594	0.83666	0.83667			6
2025.03.31	01:45:12.727	0.83667	0.83668			6
2025.03.31	01:45:13.349	0.83666	0.83667			6
2025.03.31	01:45:13.673	0.83667	0.83668			6
2025.03.31	01:45:16.404	0.83666	0.83667			6
2025.03.31	01:45:16.742	0.83667	0.83668			6
2025.03.31	01:45:32.389	0.83666	0.83667			6
2025.03.31	01:45:47.496	0.83662	0.83663			6
2025.03.31	01:45:51.308	0.83663	0.83664			6
2025.03.31	01:45:52.275	0.83662	0.83663			6
2025.03.31	01:46:02.065	0.83662				2
2025.03.31	01:46:10.356	0.83663	0.83664			6
2025.03.31	01:46:10.900	0.83662	0.83663			6
2025.03.31	01:46:24.690	0.83661	0.83662			6
2025.03.31	01:46:39.691	0.83662	0.83663			6
2025.03.31	01:46:55.881	0.83661	0.83662			6
2025.03.31	01:47:00.398	0.83661				2
2025.03.31	01:47:02.368	0.83659	0.83660			6
2025.03.31	01:47:03.033	0.83660	0.83661			6
2025.03.31	01:47:21.733	0.83659	0.83660			6
2025.03.31	01:47:22.425	0.83660	0.83661			6
2025.03.31	01:47:25.425	0.83661	0.83662			6
2025.03.31	01:47:27.153	0.83662	0.83663			6
2025.03.31	01:47:27.501	0.83663	0.83664			6
2025.03.31	01:47:29.233	0.83662	0.83663			6
2025.03.31	01:47:36.758	0.83663	0.83664			6
2025.03.31	01:47:38.345	0.83664	0.83665			6
2025.03.31	01:47:47.612	0.83663	0.83664			6
2025.03.31	01:47:51.919	0.83662	0.83663			6
2025.03.31	01:48:00.247	0.83662				2
2025.03.31	01:48:00.663	0.83661	0.83662			6
2025.03.31	01:48:05.469	0.83660	0.83661			6
2025.03.31	01:48:05.836	0.83661	0.83662			6
2025.03.31	01:48:10.150	0.83662	0.83663			6
2025.03.31	01:48:20.628	0.83663	0.83664			6
2025.03.31	01:48:28.047	0.83662	0.83663			6
2025.03.31	01:48:29.745	0.83661	0.83662			6
2025.03.31	01:48:32.282	0.83662	0.83663			6
2025.03.31	01:48:32.855	0.83663	0.83664			6
2025.03.31	01:48:44.711	0.83665	0.83667			6
2025.03.31	01:48:53.893		0.83666			4
2025.03.31	01:48:59.365	0.83663	0.83664			6
2025.03.31	01:49:00.038	0.83663				2
2025.03.31	01:49:28.327	0.83664	0.83665			6
2025.03.31	01:49:45.367	0.83666	0.83667			6
2025.03.31	01:50:00.432	0.83666				2
2025.03.31	01:50:08.892	0.83664	0.83665			6
2025.03.31	01:50:18.135	0.83666	0.83667			6
2025.03.31	01:50:50.765	0.83664	0.83665			6
2025.03.31	01:51:00.375	0.83664				2
2025.03.31	01:51:03.455	0.83665	0.83666			6
2025.03.31	01:51:10.210	0.83664	0.83665			6
2025.03.31	01:51:26.784	0.83663	0.83664			6
2025.03.31	01:51:28.902	0.83664	0.83665			6
2025.03.31	01:51:34.750	0.83663	0.83664			6
2025.03.31	01:51:41.971	0.83664	0.83665			6
2025.03.31	01:51:42.407	0.83665	0.83666			6
2025.03.31	01:51:48.618	0.83664	0.83665			6
2025.03.31	01:52:00.699	0.83664				2
2025.03.31	01:52:12.264	0.83665	0.83666			6
2025.03.31	01:52:13.725	0.83663	0.83664			6
2025.03.31	01:52:21.552	0.83664	0.83665			6
2025.03.31	01:52:32.150	0.83665	0.83666			6
2025.03.31	01:52:49.850	0.83664	0.83665			6
2025.03.31	01:52:58.178	0.83663	0.83664			6
2025.03.31	01:53:00.249	0.83663				2
2025.03.31	01:53:01.397	0.83662	0.83663			6
2025.03.31	01:53:34.340	0.83663	0.83664			6
2025.03.31	01:53:38.893	0.83664	0.83665			6
2025.03.31	01:53:51.388	0.83663	0.83664			6
2025.03.31	01:53:55.732	0.83666	0.83667			6
2025.03.31	01:53:57.659	0.83667	0.83668			6
2025.03.31	01:53:59.449	0.83665	0.83666			6
2025.03.31	01:54:00.090	0.83667	0.83669			6
2025.03.31	01:54:08.920	0.83668				2
2025.03.31	01:54:14.662	0.83667	0.83668			6
2025.03.31	01:54:19.654	0.83668	0.83669			6
2025.03.31	01:54:30.169	0.83669	0.83670			6
2025.03.31	01:54:36.003	0.83665	0.83666			6
2025.03.31	01:54:49.418	0.83664	0.83665			6
2025.03.31	01:54:59.431	0.83663	0.83664			6
2025.03.31	01:55:00.313	0.83663				2
2025.03.31	01:55:04.581	0.83664	0.83665			6
2025.03.31	01:55:08.717	0.83665	0.83666			6
2025.03.31	01:55:15.012	0.83666	0.83667			6
2025.03.31	01:55:16.064	0.83665	0.83666			6
2025.03.31	01:55:20.290	0.83666	0.83667			6
2025.03.31	01:55:30.052	0.83665	0.83666			6
2025.03.31	01:55:38.636	0.83666	0.83667			6
2025.03.31	01:55:43.410	0.83669	0.83670			6
2025.03.31	01:55:51.301	0.83670	0.83671			6
2025.03.31	01:55:55.709	0.83671	0.83672			6
2025.03.31	01:56:00.041	0.83671				2
2025.03.31	01:56:00.480	0.83675	0.83676			6
2025.03.31	01:56:01.860	0.83676	0.83677			6
2025.03.31	01:56:08.293	0.83679	0.83680			6
2025.03.31	01:56:08.639	0.83678	0.83679			6
2025.03.31	01:56:12.728	0.83676	0.83677			6
2025.03.31	01:56:14.001	0.83677	0.83678			6
2025.03.31	01:56:16.241	0.83676	0.83677			6
2025.03.31	01:56:18.110	0.83677	0.83678			6
2025.03.31	01:56:29.305	0.83678	0.83679			6
2025.03.31	01:56:34.052	0.83681	0.83682			6
2025.03.31	01:56:35.181	0.83680	0.83681			6
2025.03.31	01:56:45.407	0.83678	0.83679			6
2025.03.31	01:56:47.214	0.83680	0.83681			6
2025.03.31	01:57:00.373	0.83679	0.83680			6
2025.03.31	01:57:01.149	0.83678	0.83679			6
2025.03.31	01:57:01.465	0.83677	0.83678			6
2025.03.31	01:57:09.090	0.83678	0.83679			6
2025.03.31	01:57:17.622	0.83680	0.83681			6
2025.03.31	01:57:20.289	0.83679	0.83680			6
2025.03.31	01:57:28.747	0.83678	0.83679			6
2025.03.31	01:57:29.051	0.83677	0.83678			6
2025.03.31	01:57:48.596	0.83678	0.83679			6
2025.03.31	01:57:52.967	0.83679	0.83680			6
2025.03.31	01:57:53.777	0.83678	0.83679			6
2025.03.31	01:57:54.327	0.83677	0.83678			6
2025.03.31	01:57:55.269	0.83680	0.83681			6
2025.03.31	01:58:00.686	0.83678	0.83679			6
2025.03.31	01:58:02.813	0.83681	0.83682			6
2025.03.31	01:58:15.637	0.83680	0.83681			6
2025.03.31	01:58:21.183	0.83679	0.83682			6
2025.03.31	01:58:21.646	0.83680	0.83681			6
2025.03.31	01:58:41.918	0.83681	0.83682			6
2025.03.31	01:59:00.270	0.83680				2
2025.03.31	01:59:10.028		0.83683			4
2025.03.31	01:59:29.565	0.83681	0.83682			6
2025.03.31	01:59:39.006	0.83678	0.83679			6
2025.03.31	01:59:42.777	0.83679	0.83680			6
2025.03.31	01:59:43.195	0.83677	0.83678			6
2025.03.31	01:59:44.648	0.83676	0.83677			6
2025.03.31	01:59:45.028	0.83675	0.83676			6
2025.03.31	01:59:47.893	0.83676	0.83677			6
2025.03.31	01:59:53.403	0.83675				2
2025.03.31	01:59:56.024		0.83678			4
2025.03.31	01:59:59.002		0.83677			4
2025.03.31	01:59:59.776	0.83676				2
2025.03.31	02:00:00.367	0.83676				2
2025.03.31	02:00:00.698	0.83675				2
2025.03.31	02:00:02.105	0.83676				2
2025.03.31	02:00:04.386	0.83675	0.83679			6
2025.03.31	02:00:04.745		0.83678			4
2025.03.31	02:00:06.194	0.83676	0.83677			6
2025.03.31	02:00:07.232		0.83678			4
2025.03.31	02:00:14.911	0.83675	0.83676			6
2025.03.31	02:00:15.215	0.83674	0.83675			6
2025.03.31	02:00:15.599	0.83672	0.83673			6
2025.03.31	02:00:15.906	0.83676	0.83677			6
2025.03.31	02:00:17.682	0.83675				2
2025.03.31	02:00:21.336	0.83677	0.83678			6
2025.03.31	02:00:26.513	0.83676	0.83677			6
2025.03.31	02:00:28.204		0.83678			4
2025.03.31	02:00:29.216	0.83677				2
2025.03.31	02:00:31.295	0.83676	0.83677			6
2025.03.31	02:00:39.368	0.83675	0.83678			6
2025.03.31	02:00:39.766	0.83676				2
2025.03.31	02:00:47.585	0.83675	0.83676			6
2025.03.31	02:00:49.567	0.83673	0.83675			6
2025.03.31	02:00:50.028	0.83675	0.83676			6
2025.03.31	02:00:55.044		0.83678			4
2025.03.31	02:00:56.161	0.83676				2
2025.03.31	02:00:59.001	0.83678	0.83683			6
2025.03.31	02:00:59.305	0.83681	0.83682			6
2025.03.31	02:01:00.019	0.83681				2
2025.03.31	02:01:00.389	0.83682	0.83683			6
2025.03.31	02:01:04.948	0.83681				2
2025.03.31	02:01:06.021	0.83680	0.83681			6
2025.03.31	02:01:09.267	0.83678	0.83679			6
2025.03.31	02:01:15.266	0.83679	0.83680			6
2025.03.31	02:01:15.617	0.83681	0.83682			6
2025.03.31	02:01:21.395	0.83682	0.83683			6
2025.03.31	02:01:22.592	0.83681	0.83682			6
2025.03.31	02:01:28.198	0.83676	0.83677			6
2025.03.31	02:01:28.508		0.83678			4
2025.03.31	02:01:28.827		0.83677			4
2025.03.31	02:01:31.277	0.83674	0.83676			6
2025.03.31	02:01:32.505	0.83673				2
2025.03.31	02:01:32.901	0.83674				2
2025.03.31	02:01:40.052	0.83673				2
2025.03.31	02:01:40.355	0.83674				2
2025.03.31	02:01:40.859		0.83677			4
2025.03.31	02:01:41.164	0.83675				2
2025.03.31	02:01:41.509		0.83676			4
2025.03.31	02:01:51.295	0.83674	0.83675			6
2025.03.31	02:02:00.298	0.83674				2
2025.03.31	02:02:10.432	0.83673				2
2025.03.31	02:02:12.485	0.83674				2
2025.03.31	02:02:13.960	0.83673				2
2025.03.31	02:02:14.934	0.83674				2
2025.03.31	02:02:15.255	0.83672				2
2025.03.31	02:02:16.711	0.83671	0.83676			6
2025.03.31	02:02:18.948	0.83672				2
2025.03.31	02:02:25.767		0.83675			4
2025.03.31	02:02:26.524	0.83671	0.83673			6
2025.03.31	02:02:26.838	0.83672	0.83674			6
2025.03.31	02:02:27.140	0.83671				2
2025.03.31	02:02:28.656	0.83672	0.83676			6
2025.03.31	02:02:28.984	0.83673				2
2025.03.31	02:02:31.713	0.83674				2
2025.03.31	02:02:42.061	0.83673				2
2025.03.31	02:02:42.476	0.83674				2
2025.03.31	02:02:43.090	0.83675				2
2025.03.31	02:02:43.397		0.83677			4
2025.03.31	02:02:49.064		0.83676			4
2025.03.31	02:02:50.314		0.83677			4
2025.03.31	02:02:53.457		0.83676			4
2025.03.31	02:02:56.364	0.83676	0.83677			6
2025.03.31	02:02:58.206	0.83675	0.83676			6
2025.03.31	02:02:58.533		0.83677			4
2025.03.31	02:02:58.841		0.83676			4
2025.03.31	02:03:00.238	0.83675				2
2025.03.31	02:03:06.614		0.83677			4
2025.03.31	02:03:07.012		0.83679			4
2025.03.31	02:03:12.689	0.83676				2
2025.03.31	02:03:13.887	0.83675	0.83681			6
2025.03.31	02:03:22.071	0.83677	0.83678			6
2025.03.31	02:03:25.952	0.83676	0.83677			6
2025.03.31	02:03:26.279	0.83677	0.83678			6
2025.03.31	02:03:33.100	0.83678	0.83679			6
2025.03.31	02:03:41.747	0.83677	0.83678			6
2025.03.31	02:03:46.997	0.83676				2
2025.03.31	02:03:49.197	0.83677				2
2025.03.31	02:03:56.375	0.83679	0.83680			6
2025.03.31	02:03:58.913	0.83682	0.83683			6
2025.03.31	02:03:59.234	0.83681	0.83682			6
2025.03.31	02:04:00.284	0.83681				2
2025.03.31	02:04:01.402	0.83682	0.83683			6
2025.03.31	02:04:01.809		0.83685			4
2025.03.31	02:04:02.162	0.83681				2
2025.03.31	02:04:03.769	0.83683	0.83684			6
2025.03.31	02:04:05.326	0.83682				2
2025.03.31	02:04:05.650		0.83683			4
2025.03.31	02:04:14.386	0.83680	0.83681			6
2025.03.31	02:04:15.585	0.83678				2
2025.03.31	02:04:16.307		0.83680			4
2025.03.31	02:04:16.625	0.83677	0.83681			6
2025.03.31	02:04:16.952	0.83678	0.83680			6
2025.03.31	02:04:17.481	0.83676				2
2025.03.31	02:04:18.143	0.83678				2
2025.03.31	02:04:18.445		0.83681			4
2025.03.31	02:04:19.368	0.83680	0.83682			6
2025.03.31	02:04:20.779	0.83679	0.83681			6
2025.03.31	02:04:23.397	0.83678				2
2025.03.31	02:04:30.403	0.83682	0.83684			6
2025.03.31	02:04:30.726		0.83683			4
2025.03.31	02:04:31.190	0.83681	0.83682			6
2025.03.31	02:04:41.360	0.83680	0.83681			6
2025.03.31	02:04:44.654	0.83681	0.83682			6
2025.03.31	02:04:46.186	0.83683	0.83684			6
2025.03.31	02:04:46.495	0.83682	0.83683			6
2025.03.31	02:04:47.304	0.83681				2
2025.03.31	02:04:49.160	0.83682				2
2025.03.31	02:04:50.597		0.83684			4
2025.03.31	02:04:50.949	0.83683				2
2025.03.31	02:05:00.356	0.83683				2
2025.03.31	02:05:00.673	0.83684	0.83685			6
2025.03.31	02:05:02.340	0.83685	0.83686			6
2025.03.31	02:05:06.561	0.83684	0.83685			6
2025.03.31	02:05:07.730	0.83685	0.83686			6
2025.03.31	02:05:08.340	0.83684	0.83685			6
2025.03.31	02:05:08.668	0.83683	0.83684			6
2025.03.31	02:05:09.064	0.83684	0.83685			6
2025.03.31	02:05:21.813	0.83681	0.83683			6
2025.03.31	02:05:22.431	0.83684	0.83685			6
2025.03.31	02:05:24.246	0.83686	0.83687			6
2025.03.31	02:05:24.561	0.83685	0.83686			6
2025.03.31	02:05:26.228	0.83686	0.83687			6
2025.03.31	02:05:26.530	0.83687	0.83688			6
2025.03.31	02:05:27.214	0.83686	0.83687			6
2025.03.31	02:05:31.336	0.83687	0.83688			6
2025.03.31	02:05:37.680	0.83686	0.83687			6
2025.03.31	02:05:41.513	0.83685	0.83686			6
2025.03.31	02:05:43.688	0.83686	0.83687			6
2025.03.31	02:05:44.322	0.83685	0.83686			6
2025.03.31	02:05:46.237	0.83688	0.83689			6
2025.03.31	02:05:46.553	0.83689	0.83690			6
2025.03.31	02:05:49.439	0.83684				2
2025.03.31	02:05:50.377		0.83689			4
2025.03.31	02:05:51.289	0.83685				2
2025.03.31	02:05:51.591	0.83689	0.83690			6
2025.03.31	02:05:52.624	0.83686	0.83687			6
2025.03.31	02:05:53.124	0.83687	0.83688			6
2025.03.31	02:05:55.760	0.83686	0.83687			6
2025.03.31	02:05:57.444	0.83687	0.83688			6
2025.03.31	02:05:57.748	0.83688	0.83689			6
2025.03.31	02:06:00.188	0.83688				2
2025.03.31	02:06:04.706	0.83686	0.83687			6
2025.03.31	02:06:05.376	0.83685	0.83686			6
2025.03.31	02:06:05.681	0.83684	0.83685			6
2025.03.31	02:06:17.015	0.83685	0.83686			6
2025.03.31	02:06:18.536	0.83689	0.83690			6
2025.03.31	02:06:23.279	0.83688				2
2025.03.31	02:06:25.323	0.83689				2
2025.03.31	02:06:26.159	0.83688	0.83689			6
2025.03.31	02:06:26.544	0.83687	0.83688			6
2025.03.31	02:06:37.364	0.83688	0.83690			6
2025.03.31	02:06:37.666	0.83687	0.83688			6
2025.03.31	02:06:40.446	0.83688	0.83689			6
2025.03.31	02:06:41.132	0.83687	0.83688			6
2025.03.31	02:06:46.001	0.83688	0.83689			6
2025.03.31	02:06:48.645	0.83687	0.83688			6
2025.03.31	02:06:52.345	0.83688	0.83689			6
2025.03.31	02:06:55.320	0.83687	0.83688			6
2025.03.31	02:06:55.637	0.83688	0.83689			6
2025.03.31	02:06:58.196	0.83687	0.83688			6
2025.03.31	02:07:01.458	0.83687				2
2025.03.31	02:07:02.271	0.83686	0.83691			6
2025.03.31	02:07:02.586	0.83688	0.83689			6
2025.03.31	02:07:06.393	0.83687				2
2025.03.31	02:07:07.317	0.83688				2
2025.03.31	02:07:08.709	0.83687	0.83688			6
2025.03.31	02:07:14.958	0.83688	0.83689			6
2025.03.31	02:07:15.847	0.83687	0.83688			6
2025.03.31	02:07:46.823	0.83686	0.83687			6
2025.03.31	02:07:48.647	0.83687	0.83688			6
2025.03.31	02:08:00.568	0.83686	0.83687			6
2025.03.31	02:08:08.659		0.83690			4
2025.03.31	02:08:08.967	0.83688	0.83689			6
2025.03.31	02:08:15.671	0.83689	0.83690			6
2025.03.31	02:08:22.324	0.83691	0.83693			6
2025.03.31	02:08:34.607		0.83695			4
2025.03.31	02:08:34.957	0.83692				2
2025.03.31	02:08:35.688	0.83693	0.83697			6
2025.03.31	02:08:36.685	0.83694				2
2025.03.31	02:08:37.009		0.83698			4
2025.03.31	02:08:37.323	0.83695	0.83699			6
2025.03.31	02:08:38.114		0.83701			4
2025.03.31	02:08:40.494		0.83700			4
2025.03.31	02:08:40.795		0.83699			4
2025.03.31	02:08:44.408	0.83694	0.83695			6
2025.03.31	02:08:44.726	0.83692	0.83693			6
2025.03.31	02:08:45.758	0.83691	0.83692			6
2025.03.31	02:08:46.344	0.83690	0.83691			6
2025.03.31	02:08:53.004	0.83692	0.83694			6
2025.03.31	02:08:53.376		0.83693			4
2025.03.31	02:08:56.176	0.83691	0.83692			6
2025.03.31	02:09:00.353	0.83691				2
2025.03.31	02:09:00.914	0.83690	0.83691			6
2025.03.31	02:09:01.220	0.83689	0.83690			6
2025.03.31	02:09:03.657	0.83690	0.83691			6
2025.03.31	02:09:13.205	0.83689	0.83690			6
2025.03.31	02:09:25.352	0.83688	0.83689			6
2025.03.31	02:09:48.840	0.83689	0.83690			6
2025.03.31	02:09:50.235	0.83688	0.83689			6
2025.03.31	02:09:57.102	0.83690	0.83691			6
2025.03.31	02:09:59.286	0.83689	0.83690			6
2025.03.31	02:10:00.544	0.83689				2
2025.03.31	02:10:01.557	0.83687	0.83688			6
2025.03.31	02:10:06.958	0.83684	0.83685			6
2025.03.31	02:10:18.201	0.83683	0.83684			6
2025.03.31	02:10:21.686	0.83682	0.83683			6
2025.03.31	02:10:29.910	0.83681	0.83682			6
2025.03.31	02:10:30.227	0.83680	0.83681			6
2025.03.31	02:10:31.366	0.83679	0.83680			6
2025.03.31	02:10:42.057	0.83682	0.83683			6
2025.03.31	02:10:44.930	0.83681				2
2025.03.31	02:10:45.232	0.83682				2
2025.03.31	02:10:46.340	0.83684	0.83685			6
2025.03.31	02:10:46.650		0.83686			4
2025.03.31	02:10:48.027	0.83683	0.83684			6
2025.03.31	02:10:48.343	0.83684	0.83685			6
2025.03.31	02:10:48.802	0.83683	0.83684			6
2025.03.31	02:10:53.554	0.83682	0.83685			6
2025.03.31	02:10:53.861	0.83683	0.83684			6
2025.03.31	02:11:00.185	0.83683				2
2025.03.31	02:11:09.395	0.83681	0.83683			6
2025.03.31	02:11:10.336	0.83680				2
2025.03.31	02:11:10.645		0.83681			4
2025.03.31	02:11:14.169	0.83679	0.83680			6
2025.03.31	02:11:15.218	0.83678	0.83679			6
2025.03.31	02:11:20.688	0.83677	0.83678			6
2025.03.31	02:11:23.909	0.83674	0.83675			6
2025.03.31	02:11:24.278	0.83673	0.83674			6
2025.03.31	02:11:25.904	0.83672	0.83673			6
2025.03.31	02:11:31.305		0.83674			4
2025.03.31	02:11:32.127		0.83673			4
2025.03.31	02:11:32.690		0.83674			4
2025.03.31	02:11:34.056	0.83673				2
2025.03.31	02:11:35.114	0.83670	0.83671			6
2025.03.31	02:11:35.448	0.83669	0.83670			6
2025.03.31	02:11:37.835	0.83668				2
2025.03.31	02:11:38.147	0.83666	0.83671			6
2025.03.31	02:11:38.555	0.83667	0.83670			6
2025.03.31	02:11:38.907	0.83666	0.83671			6
2025.03.31	02:11:39.302	0.83667	0.83670			6
2025.03.31	02:11:39.611		0.83669			4
2025.03.31	02:11:43.023	0.83666	0.83670			6
2025.03.31	02:11:43.325		0.83669			4
2025.03.31	02:11:43.633	0.83667	0.83670			6
2025.03.31	02:11:44.216		0.83669			4
2025.03.31	02:11:45.633	0.83668				2
2025.03.31	02:11:53.135	0.83667	0.83671			6
2025.03.31	02:11:54.296	0.83668	0.83669			6
2025.03.31	02:11:59.573	0.83666	0.83671			6
2025.03.31	02:12:00.374	0.83667	0.83669			6
2025.03.31	02:12:07.669		0.83668			4
2025.03.31	02:12:11.261	0.83666	0.83667			6
2025.03.31	02:12:35.468	0.83665				2
2025.03.31	02:12:37.137	0.83662	0.83665			6
2025.03.31	02:12:42.207	0.83661	0.83663			6
2025.03.31	02:12:46.358	0.83662				2
2025.03.31	02:12:51.287	0.83660	0.83662			6
2025.03.31	02:12:51.624		0.83663			4
2025.03.31	02:12:57.232		0.83664			4
2025.03.31	02:12:59.086	0.83659	0.83663			6
2025.03.31	02:13:00.778	0.83659				2
2025.03.31	02:13:01.146		0.83661			4
2025.03.31	02:13:02.475		0.83660			4
2025.03.31	02:13:02.823		0.83661			4
2025.03.31	02:13:05.608		0.83662			4
2025.03.31	02:13:06.056		0.83661			4
2025.03.31	02:13:16.552	0.83660				2
2025.03.31	02:13:16.948	0.83659				2
2025.03.31	02:13:22.609		0.83660			4
2025.03.31	02:13:23.408	0.83658				2
2025.03.31	02:13:25.304	0.83659				2
2025.03.31	02:13:26.487	0.83660	0.83661			6
2025.03.31	02:13:32.491	0.83661	0.83662			6
2025.03.31	02:13:37.147	0.83662	0.83663			6
2025.03.31	02:13:37.479	0.83661	0.83662			6
2025.03.31	02:13:45.481	0.83662	0.83663			6
2025.03.31	02:14:00.167	0.83662				2
2025.03.31	02:14:02.528	0.83661	0.83662			6
2025.03.31	02:14:21.752	0.83662	0.83663			6
2025.03.31	02:14:22.076	0.83663	0.83664			6
2025.03.31	02:14:27.332	0.83662	0.83663			6
2025.03.31	02:14:42.930	0.83664	0.83665			6
2025.03.31	02:14:47.157	0.83665	0.83666			6
2025.03.31	02:14:58.345	0.83666	0.83667			6
2025.03.31	02:15:00.347	0.83666				2
2025.03.31	02:15:02.763	0.83667	0.83668			6
2025.03.31	02:15:13.401	0.83664	0.83665			6
2025.03.31	02:15:20.133	0.83665	0.83666			6
2025.03.31	02:15:20.946	0.83666	0.83667			6
2025.03.31	02:15:21.342	0.83663	0.83664			6
2025.03.31	02:15:21.764	0.83668	0.83669			6
2025.03.31	02:15:23.744	0.83664	0.83665			6
2025.03.31	02:15:25.720	0.83665	0.83666			6
2025.03.31	02:15:26.823	0.83666	0.83667			6
2025.03.31	02:15:29.277	0.83668	0.83669			6
2025.03.31	02:15:29.585	0.83666	0.83667			6
2025.03.31	02:15:30.282	0.83665	0.83666			6
2025.03.31	02:15:34.340	0.83666	0.83667			6
2025.03.31	02:15:35.484	0.83665	0.83666			6
2025.03.31	02:15:48.858	0.83664	0.83665			6
2025.03.31	02:15:51.827	0.83665	0.83666			6
2025.03.31	02:15:53.403	0.83664	0.83665			6
2025.03.31	02:15:55.450	0.83665	0.83666			6
2025.03.31	02:16:01.002	0.83665				2
2025.03.31	02:16:20.988	0.83664	0.83665			6
2025.03.31	02:16:26.589	0.83663	0.83664			6
2025.03.31	02:16:42.763	0.83662	0.83663			6
2025.03.31	02:16:47.842	0.83659	0.83660			6
2025.03.31	02:16:48.148	0.83660	0.83661			6
2025.03.31	02:17:00.062	0.83660				2
2025.03.31	02:17:27.557	0.83657	0.83658			6
2025.03.31	02:17:40.229	0.83655	0.83656			6
2025.03.31	02:18:00.176	0.83655				2
2025.03.31	02:18:03.406	0.83654	0.83655			6
2025.03.31	02:18:12.686	0.83653	0.83654			6
2025.03.31	02:18:22.999	0.83654	0.83655			6
2025.03.31	02:18:47.932	0.83653	0.83654			6
2025.03.31	02:18:50.071	0.83654	0.83655			6
2025.03.31	02:18:54.597	0.83653	0.83654			6
2025.03.31	02:19:00.183	0.83653				2
2025.03.31	02:19:12.630	0.83652	0.83653			6
2025.03.31	02:19:20.306	0.83653	0.83654			6
2025.03.31	02:19:25.087	0.83656	0.83657			6
2025.03.31	02:19:28.601	0.83657	0.83658			6
2025.03.31	02:19:55.528	0.83656	0.83657			6
2025.03.31	02:20:00.319	0.83656				2
2025.03.31	02:20:00.957	0.83658	0.83659			6
2025.03.31	02:20:04.751	0.83657	0.83658			6
2025.03.31	02:20:08.988	0.83658	0.83659			6
2025.03.31	02:20:14.359	0.83659	0.83660			6
2025.03.31	02:20:16.374	0.83660	0.83661			6
2025.03.31	02:20:24.581	0.83659	0.83660			6
2025.03.31	02:20:28.489	0.83661	0.83662			6
2025.03.31	02:20:33.935	0.83660	0.83661			6
2025.03.31	02:20:34.247	0.83659	0.83660			6
2025.03.31	02:20:35.320	0.83660	0.83661			6
2025.03.31	02:20:37.722	0.83659	0.83660			6
2025.03.31	02:20:42.713	0.83660	0.83661			6
2025.03.31	02:20:47.895	0.83659	0.83660			6
2025.03.31	02:20:48.581	0.83658	0.83659			6
2025.03.31	02:21:00.564	0.83658				2
2025.03.31	02:21:14.186	0.83657	0.83658			6
2025.03.31	02:21:14.733	0.83656	0.83657			6
2025.03.31	02:21:17.005	0.83657	0.83658			6
2025.03.31	02:21:18.232	0.83656	0.83657			6
2025.03.31	02:21:27.345	0.83657	0.83658			6
2025.03.31	02:21:38.234	0.83653	0.83654			6
2025.03.31	02:21:39.621	0.83654	0.83655			6
2025.03.31	02:21:43.285	0.83653	0.83654			6
2025.03.31	02:21:46.901	0.83652	0.83653			6
2025.03.31	02:21:47.407	0.83650	0.83651			6
2025.03.31	02:22:00.333	0.83650				2
2025.03.31	02:22:03.434	0.83649	0.83650			6
2025.03.31	02:22:30.408	0.83648	0.83649			6
2025.03.31	02:22:33.553	0.83650	0.83651			6
2025.03.31	02:22:35.768	0.83649	0.83650			6
2025.03.31	02:22:50.745	0.83650	0.83651			6
2025.03.31	02:22:51.065	0.83649	0.83650			6
2025.03.31	02:22:54.263	0.83648	0.83649			6
2025.03.31	02:22:54.989	0.83644	0.83645			6
2025.03.31	02:22:55.626	0.83643	0.83644			6
2025.03.31	02:23:00.272	0.83643				2
2025.03.31	02:23:03.799	0.83644	0.83645			6
2025.03.31	02:23:09.879	0.83642	0.83643			6
2025.03.31	02:23:13.997	0.83643	0.83644			6
2025.03.31	02:23:16.909	0.83644	0.83645			6
2025.03.31	02:23:51.806	0.83645	0.83646			6
2025.03.31	02:23:57.249	0.83644	0.83645			6
2025.03.31	02:23:57.932	0.83645	0.83646			6
2025.03.31	02:23:58.702	0.83646	0.83647			6
2025.03.31	02:24:00.143	0.83646				2
2025.03.31	02:24:09.562	0.83647	0.83648			6
2025.03.31	02:24:10.268	0.83648	0.83649			6
2025.03.31	02:24:10.739	0.83647	0.83648			6
2025.03.31	02:24:13.862	0.83644	0.83645			6
2025.03.31	02:24:20.400	0.83645	0.83646			6
2025.03.31	02:24:23.060	0.83644	0.83645			6
2025.03.31	02:24:32.780	0.83645	0.83646			6
2025.03.31	02:24:37.310	0.83647	0.83648			6
2025.03.31	02:24:37.625	0.83646	0.83647			6
2025.03.31	02:24:37.941	0.83647	0.83648			6
2025.03.31	02:24:43.954	0.83648	0.83649			6
2025.03.31	02:24:45.155	0.83649	0.83650			6
2025.03.31	02:24:45.628	0.83648	0.83649			6
2025.03.31	02:24:46.100	0.83649	0.83650			6
2025.03.31	02:24:46.787	0.83648	0.83649			6
2025.03.31	02:24:54.738	0.83645	0.83646			6
2025.03.31	02:24:55.619	0.83644	0.83645			6
2025.03.31	02:24:57.838	0.83645	0.83646			6
2025.03.31	02:25:00.360	0.83644	0.83645			6
2025.03.31	02:25:01.207	0.83645	0.83646			6
2025.03.31	02:25:04.173	0.83647	0.83648			6
2025.03.31	02:25:10.110	0.83646	0.83647			6
2025.03.31	02:25:10.614	0.83644	0.83646			6
2025.03.31	02:25:10.927	0.83645				2
2025.03.31	02:25:11.695	0.83646	0.83647			6
2025.03.31	02:25:12.928	0.83645	0.83646			6
2025.03.31	02:25:13.730	0.83646	0.83647			6
2025.03.31	02:25:14.444	0.83647	0.83648			6
2025.03.31	02:25:15.610	0.83646	0.83647			6
2025.03.31	02:25:17.477	0.83644				2
2025.03.31	02:25:17.787	0.83645	0.83646			6
2025.03.31	02:25:22.048	0.83644	0.83645			6
2025.03.31	02:25:23.035	0.83643	0.83644			6
2025.03.31	02:25:28.848	0.83644	0.83645			6
2025.03.31	02:25:34.649	0.83645	0.83646			6
2025.03.31	02:25:44.369	0.83644	0.83645			6
2025.03.31	02:25:47.299	0.83643	0.83644			6
2025.03.31	02:25:48.776	0.83642				2
2025.03.31	02:25:50.352	0.83643				2
2025.03.31	02:25:51.077	0.83644	0.83645			6
2025.03.31	02:25:51.804	0.83643	0.83644			6
2025.03.31	02:25:58.342	0.83646	0.83647			6
2025.03.31	02:25:58.649	0.83647	0.83648			6
2025.03.31	02:26:00.157	0.83647				2
2025.03.31	02:26:00.466	0.83646	0.83647			6
2025.03.31	02:26:03.079	0.83645				2
2025.03.31	02:26:03.398	0.83646				2
2025.03.31	02:26:07.380	0.83647	0.83648			6
2025.03.31	02:26:19.103	0.83646				2
2025.03.31	02:26:20.198	0.83647				2
2025.03.31	02:26:23.476	0.83646				2
2025.03.31	02:26:24.585	0.83647				2
2025.03.31	02:26:25.210	0.83646	0.83647			6
2025.03.31	02:26:27.414	0.83647	0.83648			6
2025.03.31	02:26:39.140	0.83643	0.83644			6
2025.03.31	02:26:40.517	0.83642	0.83643			6
2025.03.31	02:26:42.214	0.83643	0.83644			6
2025.03.31	02:26:50.015	0.83644	0.83645			6
2025.03.31	02:26:50.329	0.83645	0.83646			6
2025.03.31	02:27:00.489	0.83645				2
2025.03.31	02:27:01.470	0.83646	0.83647			6
2025.03.31	02:27:05.958	0.83647	0.83648			6
2025.03.31	02:27:06.265	0.83648	0.83649			6
2025.03.31	02:27:11.439	0.83649	0.83650			6
2025.03.31	02:27:11.748	0.83651	0.83652			6
2025.03.31	02:27:12.458	0.83650	0.83651			6
2025.03.31	02:27:23.801	0.83651	0.83652			6
2025.03.31	02:27:32.851	0.83650	0.83651			6
2025.03.31	02:27:36.536	0.83653	0.83654			6
2025.03.31	02:27:37.926	0.83652	0.83653			6
2025.03.31	02:27:47.267	0.83653	0.83654			6
2025.03.31	02:27:47.584	0.83654	0.83655			6
2025.03.31	02:27:48.004	0.83653	0.83654			6
2025.03.31	02:27:49.561	0.83651	0.83652			6
2025.03.31	02:27:51.425	0.83652	0.83653			6
2025.03.31	02:28:00.276	0.83652				2
2025.03.31	02:28:11.982	0.83651	0.83652			6
2025.03.31	02:28:20.394	0.83652	0.83653			6
2025.03.31	02:28:21.303	0.83653	0.83654			6
2025.03.31	02:28:26.282	0.83654	0.83655			6
2025.03.31	02:28:34.439	0.83653	0.83654			6
2025.03.31	02:28:42.604	0.83654	0.83655			6
2025.03.31	02:28:45.114	0.83653	0.83654			6
2025.03.31	02:28:45.418	0.83654	0.83655			6
2025.03.31	02:29:00.183	0.83654				2
2025.03.31	02:29:02.971	0.83653	0.83654			6
2025.03.31	02:29:06.037	0.83652	0.83653			6
2025.03.31	02:29:07.426	0.83653	0.83654			6
2025.03.31	02:29:08.616	0.83652	0.83653			6
2025.03.31	02:29:17.621	0.83653	0.83654			6
2025.03.31	02:29:21.375	0.83652	0.83653			6
2025.03.31	02:29:22.752	0.83653	0.83654			6
2025.03.31	02:29:42.866	0.83654	0.83655			6
2025.03.31	02:29:43.239	0.83647	0.83648			6
2025.03.31	02:29:43.547	0.83649	0.83650			6
2025.03.31	02:29:43.851	0.83647	0.83648			6
2025.03.31	02:29:44.153	0.83648	0.83649			6
2025.03.31	02:29:44.458	0.83646	0.83647			6
2025.03.31	02:29:44.763	0.83648	0.83649			6
2025.03.31	02:29:45.368	0.83650	0.83651			6
2025.03.31	02:29:45.680	0.83651	0.83652			6
2025.03.31	02:29:46.649	0.83649	0.83650			6
2025.03.31	02:29:47.105	0.83645	0.83646			6
2025.03.31	02:29:48.029	0.83644	0.83645			6
2025.03.31	02:29:48.338	0.83643	0.83644			6
2025.03.31	02:29:48.649	0.83644	0.83645			6
2025.03.31	02:29:48.959	0.83645	0.83646			6
2025.03.31	02:29:50.311	0.83646	0.83647			6
2025.03.31	02:29:52.318	0.83647	0.83648			6
2025.03.31	02:29:52.636	0.83636	0.83641			6
2025.03.31	02:29:52.957	0.83632	0.83634			6
2025.03.31	02:29:53.262	0.83631	0.83633			6
2025.03.31	02:29:53.569	0.83629	0.83631			6
2025.03.31	02:29:53.870	0.83627	0.83628			6
2025.03.31	02:29:54.186	0.83622	0.83623			6
2025.03.31	02:29:54.491	0.83614	0.83615			6
2025.03.31	02:29:54.793	0.83615	0.83616			6
2025.03.31	02:29:55.151	0.83614	0.83615			6
2025.03.31	02:29:55.473	0.83616	0.83617			6
2025.03.31	02:29:55.787	0.83617	0.83618			6
2025.03.31	02:29:56.098	0.83618	0.83619			6
2025.03.31	02:29:56.410	0.83617	0.83618			6
2025.03.31	02:29:56.726	0.83616	0.83617			6
2025.03.31	02:29:57.069	0.83615	0.83616			6
2025.03.31	02:29:57.371	0.83620	0.83621			6
2025.03.31	02:29:57.770	0.83617	0.83618			6
2025.03.31	02:29:58.492		0.83620			4
2025.03.31	02:29:58.806	0.83620	0.83621			6
2025.03.31	02:29:59.153	0.83619	0.83620			6
2025.03.31	02:30:00.093	0.83623	0.83624			6
2025.03.31	02:30:00.411	0.83622	0.83625			6
2025.03.31	02:30:00.721	0.83626	0.83629			6
2025.03.31	02:30:01.028	0.83625	0.83627			6
2025.03.31	02:30:01.668		0.83628			4
2025.03.31	02:30:01.997	0.83626	0.83627			6
2025.03.31	02:30:02.346	0.83623	0.83626			6
2025.03.31	02:30:02.647	0.83625	0.83628			6
2025.03.31	02:30:03.706		0.83627			4
2025.03.31	02:30:04.008	0.83626	0.83630			6
2025.03.31	02:30:04.308	0.83625				2
2025.03.31	02:30:04.627	0.83626	0.83631			6
2025.03.31	02:30:05.686		0.83632			4
2025.03.31	02:30:06.151	0.83628				2
2025.03.31	02:30:06.484	0.83626	0.83631			6
2025.03.31	02:30:06.787	0.83629	0.83635			6
2025.03.31	02:30:07.096	0.83630				2
2025.03.31	02:30:07.412		0.83632			4
2025.03.31	02:30:07.717	0.83631				2
2025.03.31	02:30:08.695	0.83632	0.83633			6
2025.03.31	02:30:09.010	0.83629	0.83630			6
2025.03.31	02:30:11.221	0.83630	0.83631			6
2025.03.31	02:30:11.525		0.83632			4
2025.03.31	02:30:11.832	0.83631				2
2025.03.31	02:30:12.558		0.83634			4
2025.03.31	02:30:12.866		0.83632			4
2025.03.31	02:30:13.865		0.83633			4
2025.03.31	02:30:14.170		0.83632			4
2025.03.31	02:30:14.792	0.83630	0.83633			6
2025.03.31	02:30:15.569	0.83631	0.83634			6
2025.03.31	02:30:15.886		0.83635			4
2025.03.31	02:30:16.854	0.83632	0.83636			6
2025.03.31	02:30:17.197		0.83633			4
2025.03.31	02:30:18.189		0.83634			4
2025.03.31	02:30:18.874		0.83633			4
2025.03.31	02:30:19.567	0.83634	0.83635			6
2025.03.31	02:30:20.267	0.83631	0.83634			6
2025.03.31	02:30:20.573		0.83633			4
2025.03.31	02:30:20.889	0.83633	0.83636			6
2025.03.31	02:30:21.192	0.83634				2
2025.03.31	02:30:21.816	0.83636	0.83640			6
2025.03.31	02:30:22.127		0.83642			4
2025.03.31	02:30:22.430	0.83637	0.83640			6
2025.03.31	02:30:22.760	0.83640	0.83641			6
2025.03.31	02:30:23.379	0.83642	0.83643			6
2025.03.31	02:30:23.681	0.83640				2
2025.03.31	02:30:23.985	0.83641	0.83642			6
2025.03.31	02:30:24.297	0.83643	0.83644			6
2025.03.31	02:30:24.606	0.83638	0.83639			6
2025.03.31	02:30:25.877	0.83636	0.83637			6
2025.03.31	02:30:27.870	0.83637	0.83638			6
2025.03.31	02:30:28.887	0.83638	0.83639			6
2025.03.31	02:30:29.265	0.83637	0.83638			6
2025.03.31	02:30:30.181	0.83636	0.83637			6
2025.03.31	02:30:30.948	0.83637	0.83638			6
2025.03.31	02:30:31.308	0.83639	0.83640			6
2025.03.31	02:30:31.625	0.83637	0.83638			6
2025.03.31	02:30:31.939	0.83639	0.83641			6
2025.03.31	02:30:32.257	0.83638				2
2025.03.31	02:30:32.668		0.83640			4
2025.03.31	02:30:32.992	0.83639				2
2025.03.31	02:30:33.816	0.83640	0.83641			6
2025.03.31	02:30:34.986	0.83641	0.83642			6
2025.03.31	02:30:35.307	0.83635	0.83636			6
2025.03.31	02:30:35.617	0.83634	0.83635			6
2025.03.31	02:30:35.926		0.83637			4
2025.03.31	02:30:36.230	0.83633	0.83639			6
2025.03.31	02:30:36.557		0.83637			4
2025.03.31	02:30:36.922	0.83634	0.83639			6
2025.03.31	02:30:37.584	0.83635				2
2025.03.31	02:30:39.024	0.83633	0.83637			6
2025.03.31	02:30:39.388		0.83638			4
2025.03.31	02:30:40.018	0.83634				2
2025.03.31	02:30:40.341	0.83635	0.83639			6
2025.03.31	02:30:40.946	0.83636	0.83640			6
2025.03.31	02:30:42.805		0.83641			4
2025.03.31	02:30:44.297	0.83637				2
2025.03.31	02:30:45.953	0.83636	0.83640			6
2025.03.31	02:30:48.060		0.83639			4
2025.03.31	02:30:48.715		0.83640			4
2025.03.31	02:30:49.395	0.83635	0.83639			6
2025.03.31	02:30:49.715	0.83638	0.83640			6
2025.03.31	02:30:50.070		0.83643			4
2025.03.31	02:30:50.381		0.83642			4
2025.03.31	02:30:51.040	0.83639	0.83643			6
2025.03.31	02:30:51.666	0.83638				2
2025.03.31	02:30:52.086	0.83639				2
2025.03.31	02:30:52.386		0.83644			4
2025.03.31	02:30:53.093	0.83640				2
