<DATE>	<TIME>	<BID>	<ASK>	<LAST>	<VOLUME>	<FLAGS>
2025.09.29	00:03:31.277	0.87287	0.87460			6
2025.09.29	00:04:00.201	0.87287				2
2025.09.29	00:04:31.428		0.87460			4
2025.09.29	00:05:00.190	0.87287				2
2025.09.29	00:05:01.195	0.87281	0.87454			6
2025.09.29	00:05:09.625	0.87286	0.87459			6
2025.09.29	00:05:10.233	0.87288	0.87461			6
2025.09.29	00:05:14.142	0.87290	0.87463			6
2025.09.29	00:05:35.859	0.87242	0.87415			6
2025.09.29	00:05:54.556	0.87243	0.87416			6
2025.09.29	00:06:00.157	0.87243				2
2025.09.29	00:06:00.776	0.87244	0.87417			6
2025.09.29	00:06:02.332	0.87243	0.87416			6
2025.09.29	00:06:06.380	0.87221	0.87412			6
2025.09.29	00:07:01.536	0.87221				2
2025.09.29	00:07:13.342		0.87412			4
2025.09.29	00:08:01.134	0.87221				2
2025.09.29	00:08:25.981		0.87412			4
2025.09.29	00:08:26.837	0.87222				2
2025.09.29	00:09:12.215	0.87222				2
2025.09.29	00:09:36.837		0.87412			4
2025.09.29	00:10:00.399	0.87282	0.87406			6
2025.09.29	00:10:01.613		0.87408			4
2025.09.29	00:10:19.597	0.87285	0.87405			6
2025.09.29	00:10:20.727	0.87286	0.87404			6
2025.09.29	00:10:41.538	0.87287	0.87403			6
2025.09.29	00:11:03.023	0.87287				2
2025.09.29	00:11:07.225	0.87288				2
2025.09.29	00:11:09.033		0.87402			4
2025.09.29	00:11:44.422	0.87289				2
2025.09.29	00:11:46.227		0.87401			4
2025.09.29	00:12:00.626	0.87289				2
2025.09.29	00:12:42.242	0.87290	0.87400			6
2025.09.29	00:12:42.730	0.87289	0.87402			6
2025.09.29	00:13:03.920	0.87290	0.87401			6
2025.09.29	00:13:10.226	0.87289	0.87402			6
2025.09.29	00:13:51.958	0.87290	0.87401			6
2025.09.29	00:13:52.726	0.87289	0.87402			6
2025.09.29	00:14:00.326	0.87289				2
2025.09.29	00:14:21.539	0.87288	0.87403			6
2025.09.29	00:14:22.522		0.87402			4
2025.09.29	00:14:23.128	0.87289				2
2025.09.29	00:14:48.809	0.87290	0.87401			6
2025.09.29	00:14:51.124	0.87289	0.87402			6
2025.09.29	00:15:01.126	0.87289				2
2025.09.29	00:15:03.298	0.87283	0.87407			6
2025.09.29	00:15:06.168	0.87281				2
2025.09.29	00:15:08.163	0.87283				2
2025.09.29	00:15:10.165	0.87281				2
2025.09.29	00:15:20.485	0.87289	0.87402			6
2025.09.29	00:15:23.632	0.87285	0.87406			6
2025.09.29	00:15:30.322		0.87405			4
2025.09.29	00:15:31.690	0.87288	0.87403			6
2025.09.29	00:16:03.622	0.87288				2
2025.09.29	00:16:04.328		0.87401			4
2025.09.29	00:16:07.824	0.87287	0.87402			6
2025.09.29	00:16:08.423	0.87288				2
2025.09.29	00:16:09.177	0.87289	0.87401			6
2025.09.29	00:16:26.637		0.87400			4
2025.09.29	00:16:30.325		0.87401			4
2025.09.29	00:16:31.523		0.87400			4
2025.09.29	00:16:32.724	0.87290				2
2025.09.29	00:16:50.140		0.87397			4
2025.09.29	00:16:50.703	0.87289				2
2025.09.29	00:16:52.824	0.87288	0.87398			6
2025.09.29	00:16:53.785		0.87400			4
2025.09.29	00:17:00.923	0.87289				2
2025.09.29	00:17:09.323		0.87399			4
2025.09.29	00:17:45.925		0.87400			4
2025.09.29	00:17:49.228		0.87399			4
2025.09.29	00:17:50.153		0.87392			4
2025.09.29	00:18:00.026	0.87289				2
2025.09.29	00:18:05.424		0.87393			4
2025.09.29	00:18:33.421	0.87292	0.87390			6
2025.09.29	00:19:03.025	0.87292				2
2025.09.29	00:19:35.484	0.87291	0.87391			6
2025.09.29	00:19:40.222		0.87390			4
2025.09.29	00:19:41.424		0.87391			4
2025.09.29	00:19:50.124	0.87290				2
2025.09.29	00:19:52.223	0.87291				2
2025.09.29	00:20:02.123	0.87291				2
2025.09.29	00:20:10.878	0.87290	0.87392			6
2025.09.29	00:20:12.325	0.87291	0.87391			6
2025.09.29	00:20:31.130	0.87290	0.87392			6
2025.09.29	00:20:31.635		0.87391			4
2025.09.29	00:20:49.526	0.87291				2
2025.09.29	00:20:53.127	0.87290				2
2025.09.29	00:20:59.123		0.87390			4
2025.09.29	00:21:01.823	0.87290				2
2025.09.29	00:21:17.187	0.87289	0.87392			6
2025.09.29	00:21:21.499		0.87391			4
2025.09.29	00:21:22.523	0.87290				2
2025.09.29	00:21:55.779	0.87291	0.87390			6
2025.09.29	00:22:01.124	0.87291				2
2025.09.29	00:22:15.638	0.87290				2
2025.09.29	00:22:23.423	0.87291				2
2025.09.29	00:22:56.548	0.87290	0.87390			6
2025.09.29	00:23:01.744	0.87291	0.87389			6
2025.09.29	00:23:35.426		0.87390			4
2025.09.29	00:23:51.626	0.87292	0.87389			6
2025.09.29	00:23:54.923	0.87291				2
2025.09.29	00:23:58.223	0.87292	0.87388			6
2025.09.29	00:23:59.172		0.87389			4
2025.09.29	00:24:01.863	0.87292				2
2025.09.29	00:24:13.915	0.87296	0.87385			6
2025.09.29	00:24:30.840		0.87390			4
2025.09.29	00:24:39.907	0.87297	0.87380			6
2025.09.29	00:24:42.241	0.87295	0.87382			6
2025.09.29	00:24:45.237		0.87388			4
2025.09.29	00:25:03.622	0.87295				2
2025.09.29	00:25:39.919		0.87390			4
2025.09.29	00:25:42.245	0.87296	0.87389			6
2025.09.29	00:26:00.387	0.87296				2
2025.09.29	00:26:25.092		0.87390			4
2025.09.29	00:26:29.425		0.87389			4
2025.09.29	00:26:46.613		0.87390			4
2025.09.29	00:26:46.917		0.87389			4
2025.09.29	00:27:00.627	0.87296				2
2025.09.29	00:27:14.123	0.87297	0.87388			6
2025.09.29	00:27:33.706	0.87300	0.87398			6
2025.09.29	00:27:59.163	0.87299	0.87400			6
2025.09.29	00:28:00.386	0.87299				2
2025.09.29	00:28:03.035		0.87399			4
2025.09.29	00:28:03.565	0.87301	0.87405			6
2025.09.29	00:28:10.222		0.87406			4
2025.09.29	00:28:14.723		0.87405			4
2025.09.29	00:28:25.524	0.87302				2
2025.09.29	00:29:00.385	0.87302				2
2025.09.29	00:29:03.601		0.87398			4
2025.09.29	00:29:04.228	0.87305	0.87396			6
2025.09.29	00:29:14.943	0.87306	0.87394			6
2025.09.29	00:29:21.024	0.87307				2
2025.09.29	00:29:47.129		0.87393			4
2025.09.29	00:29:48.197	0.87305	0.87395			6
2025.09.29	00:30:00.023	0.87305				2
2025.09.29	00:30:00.377	0.87283	0.87407			6
2025.09.29	00:30:01.469	0.87284				2
2025.09.29	00:30:06.965	0.87283				2
2025.09.29	00:30:07.523	0.87282				2
2025.09.29	00:30:10.770	0.87285	0.87415			6
2025.09.29	00:30:11.078	0.87284	0.87417			6
2025.09.29	00:30:12.928		0.87416			4
2025.09.29	00:30:14.422		0.87417			4
2025.09.29	00:30:21.070	0.87291	0.87407			6
2025.09.29	00:30:31.223	0.87292				2
2025.09.29	00:30:49.222	0.87293				2
2025.09.29	00:30:55.226	0.87294				2
2025.09.29	00:31:00.024	0.87294				2
2025.09.29	00:31:07.873	0.87302	0.87403			6
2025.09.29	00:31:09.622	0.87294				2
2025.09.29	00:31:16.626	0.87304				2
2025.09.29	00:31:20.723	0.87303				2
2025.09.29	00:31:21.716	0.87304				2
2025.09.29	00:31:27.376	0.87307				2
2025.09.29	00:31:27.717	0.87309				2
2025.09.29	00:31:28.029	0.87310				2
2025.09.29	00:31:28.420	0.87305				2
2025.09.29	00:31:28.880	0.87309	0.87404			6
2025.09.29	00:31:29.194	0.87307	0.87406			6
2025.09.29	00:31:29.722		0.87403			4
2025.09.29	00:31:30.451	0.87305				2
2025.09.29	00:31:30.758	0.87304				2
2025.09.29	00:31:31.236	0.87305				2
2025.09.29	00:31:31.679	0.87307				2
2025.09.29	00:31:32.179	0.87303				2
2025.09.29	00:31:33.453	0.87307				2
2025.09.29	00:31:34.026	0.87305				2
2025.09.29	00:31:34.588	0.87307				2
2025.09.29	00:31:35.094	0.87303				2
2025.09.29	00:31:35.551	0.87307	0.87405			6
2025.09.29	00:31:35.860	0.87303	0.87403			6
2025.09.29	00:31:36.291	0.87309				2
2025.09.29	00:31:37.523	0.87308				2
2025.09.29	00:31:41.423	0.87305				2
2025.09.29	00:31:47.246	0.87303				2
2025.09.29	00:31:47.576	0.87313	0.87404			6
2025.09.29	00:31:48.945	0.87304	0.87405			6
2025.09.29	00:31:49.257		0.87411			4
2025.09.29	00:31:49.564	0.87305				2
2025.09.29	00:31:51.943		0.87403			4
2025.09.29	00:31:52.353	0.87303				2
2025.09.29	00:31:52.686	0.87305				2
2025.09.29	00:31:54.926	0.87303				2
2025.09.29	00:31:55.269	0.87304				2
2025.09.29	00:31:55.577	0.87312				2
2025.09.29	00:31:58.944	0.87303				2
2025.09.29	00:32:01.131	0.87303				2
2025.09.29	00:32:05.247	0.87314				2
2025.09.29	00:32:12.722	0.87312	0.87407			6
2025.09.29	00:32:29.196	0.87311				2
2025.09.29	00:32:40.226	0.87312				2
2025.09.29	00:33:01.523	0.87312				2
2025.09.29	00:33:10.375	0.87305	0.87403			6
2025.09.29	00:33:10.811	0.87308				2
2025.09.29	00:33:11.132	0.87304				2
2025.09.29	00:33:11.484	0.87308				2
2025.09.29	00:33:20.272	0.87305				2
2025.09.29	00:33:20.781	0.87304				2
2025.09.29	00:33:21.435	0.87311				2
2025.09.29	00:33:22.383	0.87309				2
2025.09.29	00:33:28.835	0.87307				2
2025.09.29	00:33:30.323	0.87308				2
2025.09.29	00:33:33.622	0.87306				2
2025.09.29	00:34:04.223	0.87306				2
2025.09.29	00:34:12.623		0.87403			4
2025.09.29	00:34:14.295	0.87314				2
2025.09.29	00:34:15.812	0.87311				2
2025.09.29	00:34:16.312	0.87312	0.87405			6
2025.09.29	00:34:16.811	0.87311				2
2025.09.29	00:35:00.386	0.87313				2
2025.09.29	00:35:11.447		0.87409			4
2025.09.29	00:35:13.740	0.87312				2
2025.09.29	00:35:18.381	0.87313	0.87405			6
2025.09.29	00:35:18.906	0.87311	0.87403			6
2025.09.29	00:35:19.449	0.87309				2
2025.09.29	00:35:19.787	0.87312				2
2025.09.29	00:35:20.298	0.87311				2
2025.09.29	00:35:20.796	0.87313				2
2025.09.29	00:35:21.304	0.87310				2
2025.09.29	00:35:21.698	0.87311				2
2025.09.29	00:35:22.191	0.87312				2
2025.09.29	00:35:23.803	0.87311				2
2025.09.29	00:35:24.536	0.87309				2
2025.09.29	00:35:25.442	0.87311				2
2025.09.29	00:35:25.823	0.87310				2
2025.09.29	00:35:26.435	0.87311				2
2025.09.29	00:35:27.934	0.87309				2
2025.09.29	00:35:28.293	0.87312				2
2025.09.29	00:35:28.770	0.87311				2
2025.09.29	00:35:29.422	0.87309				2
2025.09.29	00:35:29.858	0.87313				2
2025.09.29	00:35:30.281	0.87311				2
2025.09.29	00:35:30.586	0.87313				2
2025.09.29	00:35:30.900	0.87310				2
2025.09.29	00:35:31.277	0.87313	0.87406			6
2025.09.29	00:35:31.619	0.87310				2
2025.09.29	00:35:32.121	0.87312				2
2025.09.29	00:35:32.616	0.87315	0.87403			6
2025.09.29	00:35:32.922	0.87312				2
2025.09.29	00:35:33.551	0.87311				2
2025.09.29	00:35:34.295	0.87309				2
2025.09.29	00:35:34.669	0.87310	0.87404			6
2025.09.29	00:35:35.233	0.87311				2
2025.09.29	00:35:36.510	0.87314				2
2025.09.29	00:35:40.159	0.87311	0.87403			6
2025.09.29	00:35:50.275	0.87309				2
2025.09.29	00:35:50.619	0.87301				2
2025.09.29	00:35:51.017	0.87303				2
2025.09.29	00:35:52.949	0.87301				2
2025.09.29	00:35:58.230	0.87300				2
2025.09.29	00:35:59.722	0.87301				2
2025.09.29	00:36:00.362	0.87301				2
2025.09.29	00:36:00.914	0.87297				2
2025.09.29	00:36:02.123	0.87298				2
2025.09.29	00:36:08.998	0.87295				2
2025.09.29	00:36:15.323	0.87293				2
2025.09.29	00:36:15.909	0.87292	0.87401			6
2025.09.29	00:36:21.628	0.87293				2
2025.09.29	00:36:41.429	0.87294				2
2025.09.29	00:36:54.622	0.87295				2
2025.09.29	00:36:59.443	0.87297	0.87403			6
2025.09.29	00:37:00.323	0.87296	0.87398			6
2025.09.29	00:37:00.636	0.87297				2
2025.09.29	00:37:04.832	0.87295				2
2025.09.29	00:37:07.822	0.87296				2
2025.09.29	00:37:09.635	0.87295				2
2025.09.29	00:37:10.743	0.87294				2
2025.09.29	00:37:14.422	0.87295				2
2025.09.29	00:37:18.925	0.87294				2
2025.09.29	00:37:21.778	0.87296				2
2025.09.29	00:37:34.523		0.87395			4
2025.09.29	00:37:36.024	0.87297				2
2025.09.29	00:37:36.922	0.87296				2
2025.09.29	00:37:38.429	0.87297				2
2025.09.29	00:37:39.383	0.87295				2
2025.09.29	00:37:45.023	0.87296				2
2025.09.29	00:37:46.824	0.87295				2
2025.09.29	00:37:48.024	0.87296				2
2025.09.29	00:37:48.923	0.87295				2
2025.09.29	00:37:50.043	0.87296				2
2025.09.29	00:37:50.724	0.87295				2
2025.09.29	00:37:51.892	0.87297				2
2025.09.29	00:38:00.231	0.87297				2
2025.09.29	00:38:01.906	0.87295				2
2025.09.29	00:38:09.623	0.87296				2
2025.09.29	00:38:11.998	0.87293				2
2025.09.29	00:38:16.092	0.87295				2
2025.09.29	00:38:17.129	0.87296				2
2025.09.29	00:38:34.524		0.87395			4
2025.09.29	00:38:40.823	0.87297				2
2025.09.29	00:38:47.722	0.87296				2
2025.09.29	00:38:49.827	0.87297				2
2025.09.29	00:39:00.623	0.87297				2
2025.09.29	00:39:35.703		0.87395			4
2025.09.29	00:39:48.797	0.87298				2
2025.09.29	00:39:50.724	0.87297				2
2025.09.29	00:40:00.797	0.87299				2
2025.09.29	00:40:01.224	0.87298				2
2025.09.29	00:40:02.123	0.87299				2
2025.09.29	00:40:03.523	0.87298				2
2025.09.29	00:40:21.025	0.87299				2
2025.09.29	00:40:26.380	0.87298	0.87403			6
2025.09.29	00:40:30.703		0.87406			4
2025.09.29	00:40:37.222	0.87299				2
2025.09.29	00:40:41.883	0.87301				2
2025.09.29	00:40:43.533	0.87302				2
2025.09.29	00:40:52.143	0.87301				2
2025.09.29	00:41:00.400	0.87300	0.87396			6
2025.09.29	00:41:01.822	0.87299				2
2025.09.29	00:41:08.167	0.87297				2
2025.09.29	00:41:10.847	0.87296				2
2025.09.29	00:41:36.586	0.87297				2
2025.09.29	00:41:44.418	0.87296				2
2025.09.29	00:41:45.049	0.87297				2
2025.09.29	00:41:56.424	0.87298				2
2025.09.29	00:42:01.222	0.87298	0.87396			6
2025.09.29	00:42:06.828	0.87297				2
2025.09.29	00:42:08.535	0.87298				2
2025.09.29	00:42:09.623	0.87297				2
2025.09.29	00:42:10.823	0.87298				2
2025.09.29	00:42:15.924	0.87299				2
2025.09.29	00:42:17.029	0.87298				2
2025.09.29	00:42:21.012	0.87299	0.87400			6
2025.09.29	00:42:23.181		0.87401			4
2025.09.29	00:42:42.650		0.87397			4
2025.09.29	00:42:57.863	0.87298				2
2025.09.29	00:42:59.123	0.87297				2
2025.09.29	00:43:00.506	0.87297				2
2025.09.29	00:43:02.890	0.87302	0.87394			6
2025.09.29	00:43:04.080		0.87393			4
2025.09.29	00:43:04.757		0.87394			4
2025.09.29	00:43:06.023		0.87397			4
2025.09.29	00:43:08.616	0.87301	0.87376			6
2025.09.29	00:43:09.822		0.87375			4
2025.09.29	00:43:10.259	0.87315	0.87361			6
2025.09.29	00:43:10.800		0.87362			4
2025.09.29	00:43:11.422		0.87361			4
2025.09.29	00:43:12.621		0.87362			4
2025.09.29	00:43:19.261	0.87314	0.87363			6
2025.09.29	00:43:19.805	0.87313				2
2025.09.29	00:43:21.088	0.87312	0.87365			6
2025.09.29	00:43:21.622		0.87364			4
2025.09.29	00:43:25.422	0.87311	0.87365			6
2025.09.29	00:43:25.904	0.87312	0.87364			6
2025.09.29	00:43:27.322		0.87365			4
2025.09.29	00:43:27.669		0.87364			4
2025.09.29	00:43:28.826		0.87365			4
2025.09.29	00:43:30.390	0.87313	0.87364			6
2025.09.29	00:43:49.824		0.87363			4
2025.09.29	00:43:54.326		0.87364			4
2025.09.29	00:43:59.722		0.87363			4
2025.09.29	00:44:00.402	0.87314				2
2025.09.29	00:44:03.624	0.87313				2
2025.09.29	00:44:04.522	0.87312	0.87364			6
2025.09.29	00:44:04.826		0.87359			4
2025.09.29	00:44:05.222	0.87277	0.87358			6
2025.09.29	00:44:10.678	0.87281	0.87354			6
2025.09.29	00:44:11.334	0.87280	0.87356			6
2025.09.29	00:44:12.239	0.87278	0.87357			6
2025.09.29	00:44:12.622		0.87358			4
2025.09.29	00:44:12.953	0.87283	0.87356			6
2025.09.29	00:44:13.260	0.87286	0.87349			6
2025.09.29	00:44:13.747	0.87281	0.87353			6
2025.09.29	00:44:14.071	0.87286	0.87349			6
2025.09.29	00:44:14.481	0.87281	0.87353			6
2025.09.29	00:44:14.861	0.87285	0.87349			6
2025.09.29	00:44:15.727	0.87283	0.87351			6
2025.09.29	00:44:16.822	0.87284	0.87350			6
2025.09.29	00:44:17.342	0.87285	0.87349			6
2025.09.29	00:44:20.687	0.87281	0.87353			6
2025.09.29	00:44:21.081	0.87285	0.87349			6
2025.09.29	00:44:21.397	0.87284	0.87350			6
2025.09.29	00:44:22.577	0.87280	0.87354			6
2025.09.29	00:44:22.893	0.87284	0.87350			6
2025.09.29	00:44:24.322	0.87280	0.87354			6
2025.09.29	00:44:24.899	0.87283	0.87351			6
2025.09.29	00:44:25.739	0.87279	0.87355			6
2025.09.29	00:44:26.077	0.87284	0.87350			6
2025.09.29	00:44:28.752	0.87280	0.87354			6
2025.09.29	00:44:29.086	0.87285	0.87350			6
2025.09.29	00:44:29.943	0.87280	0.87354			6
2025.09.29	00:44:30.405	0.87278	0.87356			6
2025.09.29	00:44:30.888	0.87283	0.87351			6
2025.09.29	00:44:32.038	0.87284	0.87350			6
2025.09.29	00:44:33.745	0.87283	0.87351			6
2025.09.29	00:44:35.723	0.87284	0.87350			6
2025.09.29	00:44:40.322	0.87279	0.87355			6
2025.09.29	00:44:40.695	0.87283	0.87351			6
2025.09.29	00:44:41.105	0.87280	0.87355			6
2025.09.29	00:44:41.518	0.87279				2
2025.09.29	00:44:42.112	0.87283	0.87351			6
2025.09.29	00:44:42.490	0.87279	0.87355			6
2025.09.29	00:44:42.899	0.87282	0.87352			6
2025.09.29	00:44:43.752	0.87278	0.87356			6
2025.09.29	00:44:44.111	0.87283	0.87351			6
2025.09.29	00:44:44.865	0.87284	0.87350			6
2025.09.29	00:44:45.918	0.87280	0.87355			6
2025.09.29	00:44:46.301	0.87284	0.87350			6
2025.09.29	00:44:47.339	0.87279	0.87355			6
2025.09.29	00:44:47.716	0.87284	0.87351			6
2025.09.29	00:44:48.839	0.87282	0.87352			6
2025.09.29	00:44:50.869	0.87283	0.87351			6
2025.09.29	00:44:52.362	0.87284				2
2025.09.29	00:44:53.354	0.87279	0.87356			6
2025.09.29	00:44:53.728	0.87275	0.87359			6
2025.09.29	00:44:54.624	0.87276				2
2025.09.29	00:44:55.675	0.87281	0.87352			6
2025.09.29	00:44:56.338	0.87277	0.87356			6
2025.09.29	00:44:56.655	0.87282	0.87351			6
2025.09.29	00:44:57.127		0.87350			4
2025.09.29	00:44:57.509	0.87278	0.87355			6
2025.09.29	00:44:58.531	0.87281	0.87352			6
2025.09.29	00:44:59.379	0.87283	0.87350			6
2025.09.29	00:44:59.716	0.87279	0.87354			6
2025.09.29	00:45:00.123	0.87279				2
2025.09.29	00:45:00.617	0.87284	0.87349			6
2025.09.29	00:45:01.710	0.87282	0.87351			6
2025.09.29	00:45:02.521	0.87279	0.87354			6
2025.09.29	00:45:02.925	0.87295	0.87359			6
2025.09.29	00:45:03.247	0.87298	0.87362			6
2025.09.29	00:45:03.597	0.87295	0.87359			6
2025.09.29	00:45:06.499	0.87283	0.87349			6
2025.09.29	00:45:10.467	0.87295	0.87337			6
2025.09.29	00:45:12.989	0.87294				2
2025.09.29	00:45:14.982	0.87289	0.87343			6
2025.09.29	00:45:15.545	0.87291	0.87342			6
2025.09.29	00:45:16.223	0.87288	0.87344			6
2025.09.29	00:45:16.725	0.87291	0.87342			6
2025.09.29	00:45:17.312	0.87292	0.87341			6
2025.09.29	00:45:18.136	0.87295	0.87338			6
2025.09.29	00:45:18.725	0.87292	0.87341			6
2025.09.29	00:45:19.861	0.87297	0.87336			6
2025.09.29	00:45:21.540	0.87296				2
2025.09.29	00:45:22.137	0.87292	0.87340			6
2025.09.29	00:45:22.550	0.87297	0.87336			6
2025.09.29	00:45:23.135	0.87293	0.87340			6
2025.09.29	00:45:24.145	0.87296	0.87337			6
2025.09.29	00:45:24.549	0.87292	0.87340			6
2025.09.29	00:45:24.859	0.87295	0.87337			6
2025.09.29	00:45:25.368	0.87292	0.87341			6
2025.09.29	00:45:25.749	0.87295	0.87338			6
2025.09.29	00:45:26.400	0.87291	0.87342			6
2025.09.29	00:45:26.757	0.87314				2
2025.09.29	00:45:27.059		0.87341			4
2025.09.29	00:45:27.560	0.87317	0.87338			6
2025.09.29	00:45:27.922	0.87316				2
2025.09.29	00:45:29.354	0.87318	0.87337			6
2025.09.29	00:45:30.420	0.87316	0.87339			6
2025.09.29	00:45:30.977	0.87317	0.87338			6
2025.09.29	00:45:31.758	0.87318	0.87337			6
2025.09.29	00:45:32.139	0.87316	0.87339			6
2025.09.29	00:45:32.485		0.87338			4
2025.09.29	00:45:33.581	0.87317				2
2025.09.29	00:45:34.075	0.87316	0.87339			6
2025.09.29	00:45:34.573	0.87317	0.87337			6
2025.09.29	00:45:35.071		0.87338			4
2025.09.29	00:45:35.385		0.87337			4
2025.09.29	00:45:35.950		0.87338			4
2025.09.29	00:45:36.356	0.87316	0.87339			6
2025.09.29	00:45:36.744	0.87318	0.87336			6
2025.09.29	00:45:37.047		0.87337			4
2025.09.29	00:45:37.852	0.87317	0.87339			6
2025.09.29	00:45:38.874	0.87318	0.87338			6
2025.09.29	00:45:39.567	0.87317	0.87339			6
2025.09.29	00:45:39.947	0.87319	0.87337			6
2025.09.29	00:45:40.299	0.87317	0.87339			6
2025.09.29	00:45:40.771	0.87316				2
2025.09.29	00:45:42.922	0.87319	0.87337			6
2025.09.29	00:45:46.133	0.87317	0.87339			6
2025.09.29	00:45:48.160	0.87318	0.87338			6
2025.09.29	00:45:48.572	0.87319	0.87337			6
2025.09.29	00:45:48.976	0.87318	0.87338			6
2025.09.29	00:45:51.026	0.87319	0.87337			6
2025.09.29	00:45:52.652	0.87317	0.87339			6
2025.09.29	00:45:52.959	0.87319	0.87337			6
2025.09.29	00:45:53.371	0.87318	0.87338			6
2025.09.29	00:45:54.154	0.87316	0.87340			6
2025.09.29	00:45:54.528	0.87317	0.87339			6
2025.09.29	00:45:55.014	0.87318	0.87337			6
2025.09.29	00:45:55.578	0.87316	0.87339			6
2025.09.29	00:45:56.170	0.87319	0.87336			6
2025.09.29	00:45:56.581	0.87317	0.87339			6
2025.09.29	00:45:57.574	0.87319	0.87336			6
2025.09.29	00:45:58.173	0.87316	0.87339			6
2025.09.29	00:46:00.389	0.87317	0.87340			6
2025.09.29	00:46:00.906	0.87319	0.87338			6
2025.09.29	00:46:01.389	0.87316	0.87341			6
2025.09.29	00:46:02.723		0.87340			4
2025.09.29	00:46:03.260	0.87319	0.87337			6
2025.09.29	00:46:03.591	0.87320				2
2025.09.29	00:46:03.928	0.87317	0.87339			6
2025.09.29	00:46:05.047		0.87340			4
2025.09.29	00:46:05.577	0.87319	0.87337			6
2025.09.29	00:46:05.987	0.87317	0.87340			6
2025.09.29	00:46:06.399	0.87316	0.87341			6
2025.09.29	00:46:07.728	0.87317	0.87340			6
2025.09.29	00:46:08.372	0.87316				2
2025.09.29	00:46:08.787	0.87319	0.87338			6
2025.09.29	00:46:09.192	0.87316	0.87340			6
2025.09.29	00:46:10.223	0.87317				2
2025.09.29	00:46:10.775		0.87337			4
2025.09.29	00:46:11.078	0.87316	0.87340			6
2025.09.29	00:46:12.327		0.87341			4
2025.09.29	00:46:13.202	0.87320	0.87338			6
2025.09.29	00:46:13.579	0.87318	0.87340			6
2025.09.29	00:46:14.252	0.87316	0.87341			6
2025.09.29	00:46:14.587	0.87315	0.87342			6
2025.09.29	00:46:14.933	0.87319	0.87340			6
2025.09.29	00:46:15.327	0.87315	0.87344			6
2025.09.29	00:46:18.599	0.87318	0.87341			6
2025.09.29	00:46:19.004	0.87317	0.87342			6
2025.09.29	00:46:20.669	0.87316				2
2025.09.29	00:46:20.993	0.87320	0.87339			6
2025.09.29	00:46:21.298	0.87318	0.87340			6
2025.09.29	00:46:21.604	0.87320	0.87338			6
2025.09.29	00:46:22.192	0.87319	0.87340			6
2025.09.29	00:46:22.591	0.87317	0.87341			6
2025.09.29	00:46:23.055	0.87316	0.87342			6
2025.09.29	00:46:23.727	0.87317	0.87341			6
2025.09.29	00:46:26.276	0.87319	0.87339			6
2025.09.29	00:46:26.598	0.87315	0.87342			6
2025.09.29	00:46:27.328	0.87316				2
2025.09.29	00:46:29.124	0.87319	0.87339			6
2025.09.29	00:46:29.804	0.87318				2
2025.09.29	00:46:30.107		0.87340			4
2025.09.29	00:46:30.606	0.87315	0.87341			6
2025.09.29	00:46:31.016	0.87318	0.87338			6
2025.09.29	00:46:31.528	0.87319				2
2025.09.29	00:46:32.337	0.87318	0.87339			6
2025.09.29	00:46:32.819	0.87319	0.87338			6
2025.09.29	00:46:33.175	0.87316	0.87341			6
2025.09.29	00:46:35.723		0.87342			4
2025.09.29	00:46:36.250	0.87319	0.87340			6
2025.09.29	00:46:36.749	0.87316	0.87342			6
2025.09.29	00:46:37.139	0.87318	0.87340			6
2025.09.29	00:46:37.605	0.87320	0.87339			6
2025.09.29	00:46:37.942	0.87321	0.87338			6
2025.09.29	00:46:38.405	0.87318	0.87341			6
2025.09.29	00:46:38.940	0.87317	0.87342			6
2025.09.29	00:46:39.612	0.87316	0.87343			6
2025.09.29	00:46:41.041	0.87321	0.87338			6
2025.09.29	00:46:41.420	0.87317	0.87341			6
2025.09.29	00:46:42.625		0.87342			4
2025.09.29	00:46:45.247	0.87320	0.87339			6
2025.09.29	00:46:45.749	0.87318	0.87341			6
2025.09.29	00:46:47.038	0.87316	0.87343			6
2025.09.29	00:46:47.667	0.87320	0.87339			6
2025.09.29	00:46:48.038	0.87319	0.87340			6
2025.09.29	00:46:48.423	0.87320	0.87339			6
2025.09.29	00:46:48.835	0.87317	0.87342			6
2025.09.29	00:46:49.312	0.87319	0.87340			6
2025.09.29	00:46:50.236	0.87316	0.87341			6
2025.09.29	00:46:50.540	0.87319	0.87340			6
2025.09.29	00:46:50.917	0.87320	0.87339			6
2025.09.29	00:46:51.417	0.87317	0.87342			6
2025.09.29	00:46:51.730	0.87316	0.87341			6
2025.09.29	00:46:52.227	0.87317				2
2025.09.29	00:46:52.820	0.87320	0.87339			6
2025.09.29	00:46:53.998	0.87317	0.87341			6
2025.09.29	00:46:54.505	0.87319	0.87339			6
2025.09.29	00:46:54.873	0.87317	0.87341			6
2025.09.29	00:46:55.237	0.87319	0.87339			6
2025.09.29	00:46:56.726	0.87321	0.87338			6
2025.09.29	00:46:57.243	0.87318	0.87340			6
2025.09.29	00:46:57.580	0.87316	0.87342			6
2025.09.29	00:46:58.741	0.87321	0.87339			6
2025.09.29	00:46:59.051	0.87317	0.87341			6
2025.09.29	00:47:00.622	0.87320	0.87339			6
2025.09.29	00:47:01.010	0.87316	0.87342			6
2025.09.29	00:47:02.217	0.87315				2
2025.09.29	00:47:02.725	0.87316				2
2025.09.29	00:47:03.157	0.87304	0.87344			6
2025.09.29	00:47:04.121	0.87309	0.87349			6
2025.09.29	00:47:04.421	0.87304	0.87344			6
2025.09.29	00:47:04.772	0.87307	0.87347			6
2025.09.29	00:47:05.076	0.87305	0.87345			6
2025.09.29	00:47:05.376	0.87308	0.87348			6
2025.09.29	00:47:06.026	0.87307	0.87347			6
2025.09.29	00:47:06.378	0.87319	0.87338			6
2025.09.29	00:47:07.439	0.87316	0.87341			6
2025.09.29	00:47:07.860	0.87319	0.87339			6
2025.09.29	00:47:08.434		0.87338			4
2025.09.29	00:47:11.477	0.87317	0.87340			6
2025.09.29	00:47:12.732	0.87320	0.87338			6
2025.09.29	00:47:13.102	0.87319				2
2025.09.29	00:47:15.505	0.87320				2
2025.09.29	00:47:16.463	0.87318	0.87339			6
2025.09.29	00:47:16.877	0.87319	0.87338			6
2025.09.29	00:47:17.412	0.87318	0.87339			6
2025.09.29	00:47:17.723	0.87317	0.87340			6
2025.09.29	00:47:20.638	0.87316	0.87342			6
2025.09.29	00:47:20.978	0.87318	0.87340			6
2025.09.29	00:47:21.281	0.87316	0.87341			6
2025.09.29	00:47:21.840	0.87320	0.87337			6
2025.09.29	00:47:22.148	0.87317	0.87340			6
2025.09.29	00:47:22.475	0.87320	0.87338			6
2025.09.29	00:47:23.065	0.87316	0.87341			6
2025.09.29	00:47:23.475	0.87319	0.87339			6
2025.09.29	00:47:23.948	0.87320	0.87337			6
2025.09.29	00:47:24.267	0.87318	0.87339			6
2025.09.29	00:47:24.573	0.87316	0.87341			6
2025.09.29	00:47:24.945	0.87319	0.87339			6
2025.09.29	00:47:26.401		0.87338			4
2025.09.29	00:47:27.067	0.87320	0.87337			6
2025.09.29	00:47:27.426	0.87316	0.87341			6
2025.09.29	00:47:28.522	0.87319	0.87339			6
2025.09.29	00:47:29.086	0.87316	0.87341			6
2025.09.29	00:47:30.040	0.87320	0.87337			6
2025.09.29	00:47:30.420	0.87318	0.87339			6
2025.09.29	00:47:30.888	0.87320	0.87337			6
2025.09.29	00:47:31.276	0.87316	0.87341			6
2025.09.29	00:47:32.242		0.87342			4
2025.09.29	00:47:33.021	0.87318	0.87339			6
2025.09.29	00:47:33.353	0.87316	0.87342			6
2025.09.29	00:47:34.822		0.87341			4
2025.09.29	00:47:35.401	0.87320	0.87338			6
2025.09.29	00:47:35.817	0.87316	0.87342			6
2025.09.29	00:47:37.725	0.87318	0.87339			6
2025.09.29	00:47:40.524	0.87319				2
2025.09.29	00:47:40.828	0.87320	0.87338			6
2025.09.29	00:47:41.300	0.87317	0.87341			6
2025.09.29	00:47:41.680	0.87316	0.87342			6
2025.09.29	00:47:42.303	0.87320	0.87338			6
2025.09.29	00:47:42.815	0.87317	0.87341			6
2025.09.29	00:47:43.301	0.87316				2
2025.09.29	00:47:43.627	0.87318	0.87339			6
2025.09.29	00:47:44.327	0.87316	0.87341			6
2025.09.29	00:47:46.527		0.87342			4
2025.09.29	00:47:47.385	0.87320	0.87338			6
2025.09.29	00:47:47.900	0.87316	0.87342			6
2025.09.29	00:47:48.923		0.87341			4
2025.09.29	00:47:49.727	0.87321	0.87337			6
2025.09.29	00:47:50.106	0.87318	0.87339			6
2025.09.29	00:47:50.726	0.87316	0.87341			6
2025.09.29	00:47:51.129	0.87319	0.87338			6
2025.09.29	00:47:51.624	0.87316	0.87342			6
2025.09.29	00:47:51.957	0.87320	0.87338			6
2025.09.29	00:47:52.295	0.87319				2
2025.09.29	00:47:53.034	0.87316	0.87337			6
2025.09.29	00:47:53.344		0.87340			4
2025.09.29	00:47:53.710	0.87319	0.87337			6
2025.09.29	00:47:55.607	0.87320				2
2025.09.29	00:47:56.019	0.87319	0.87339			6
2025.09.29	00:47:56.508	0.87318				2
2025.09.29	00:47:57.098	0.87320	0.87337			6
2025.09.29	00:47:57.551	0.87318	0.87339			6
2025.09.29	00:47:58.051	0.87316	0.87341			6
2025.09.29	00:47:59.080	0.87319	0.87337			6
2025.09.29	00:47:59.899	0.87316	0.87340			6
2025.09.29	00:48:01.362	0.87316				2
2025.09.29	00:48:03.001	0.87320	0.87337			6
2025.09.29	00:48:03.515	0.87316	0.87340			6
2025.09.29	00:48:03.897	0.87318	0.87338			6
2025.09.29	00:48:05.939	0.87319				2
2025.09.29	00:48:06.315	0.87320	0.87337			6
2025.09.29	00:48:06.722	0.87316	0.87340			6
2025.09.29	00:48:07.106	0.87318	0.87338			6
2025.09.29	00:48:08.644	0.87316	0.87341			6
2025.09.29	00:48:09.727	0.87319	0.87339			6
2025.09.29	00:48:11.044	0.87316	0.87341			6
2025.09.29	00:48:11.914	0.87318	0.87339			6
2025.09.29	00:48:12.326	0.87319	0.87338			6
2025.09.29	00:48:12.711	0.87316	0.87341			6
2025.09.29	00:48:18.002	0.87318	0.87339			6
2025.09.29	00:48:18.679	0.87316	0.87341			6
2025.09.29	00:48:19.286	0.87320	0.87337			6
2025.09.29	00:48:19.650	0.87316	0.87341			6
2025.09.29	00:48:20.097	0.87318	0.87339			6
2025.09.29	00:48:20.595	0.87319	0.87338			6
2025.09.29	00:48:20.939	0.87316	0.87341			6
2025.09.29	00:48:21.324	0.87320	0.87338			6
2025.09.29	00:48:21.938	0.87318	0.87339			6
2025.09.29	00:48:23.287	0.87320	0.87338			6
2025.09.29	00:48:23.614	0.87316	0.87342			6
2025.09.29	00:48:23.916	0.87318	0.87340			6
2025.09.29	00:48:24.329	0.87320	0.87339			6
2025.09.29	00:48:24.743	0.87315	0.87341			6
2025.09.29	00:48:25.057	0.87319	0.87337			6
2025.09.29	00:48:25.419		0.87338			4
2025.09.29	00:48:25.746	0.87316	0.87342			6
2025.09.29	00:48:26.728	0.87318	0.87339			6
2025.09.29	00:48:27.135	0.87320	0.87338			6
2025.09.29	00:48:27.752	0.87316	0.87342			6
2025.09.29	00:48:28.138	0.87318	0.87340			6
2025.09.29	00:48:28.548	0.87320	0.87337			6
2025.09.29	00:48:30.270	0.87318	0.87339			6
2025.09.29	00:48:30.623	0.87315	0.87342			6
2025.09.29	00:48:31.258	0.87319	0.87338			6
2025.09.29	00:48:31.759	0.87318	0.87339			6
2025.09.29	00:48:32.760	0.87320	0.87338			6
2025.09.29	00:48:34.743		0.87337			4
2025.09.29	00:48:36.623	0.87321				2
2025.09.29	00:48:37.793	0.87318	0.87340			6
2025.09.29	00:48:38.298	0.87321	0.87338			6
2025.09.29	00:48:38.622	0.87319	0.87340			6
2025.09.29	00:48:39.298	0.87316	0.87342			6
2025.09.29	00:48:39.748	0.87320	0.87339			6
2025.09.29	00:48:40.059	0.87317	0.87340			6
2025.09.29	00:48:42.216	0.87316	0.87341			6
2025.09.29	00:48:43.150	0.87318	0.87339			6
2025.09.29	00:48:43.560	0.87316	0.87341			6
2025.09.29	00:48:45.539	0.87318	0.87339			6
2025.09.29	00:48:45.944	0.87316	0.87341			6
2025.09.29	00:48:47.128		0.87342			4
2025.09.29	00:48:47.723	0.87319	0.87338			6
2025.09.29	00:48:48.367	0.87316	0.87341			6
2025.09.29	00:48:50.043	0.87318	0.87339			6
2025.09.29	00:48:50.549	0.87319	0.87338			6
2025.09.29	00:48:50.963	0.87316	0.87341			6
2025.09.29	00:48:51.374	0.87318	0.87339			6
2025.09.29	00:48:52.522	0.87320	0.87338			6
2025.09.29	00:48:52.965	0.87316	0.87341			6
2025.09.29	00:48:53.380	0.87320	0.87338			6
2025.09.29	00:48:53.757	0.87316	0.87341			6
2025.09.29	00:48:54.168	0.87319	0.87338			6
2025.09.29	00:48:54.484	0.87318	0.87339			6
2025.09.29	00:48:55.175	0.87320	0.87338			6
2025.09.29	00:48:55.559	0.87316	0.87341			6
2025.09.29	00:48:56.293	0.87318	0.87339			6
2025.09.29	00:48:57.972	0.87320	0.87337			6
2025.09.29	00:48:58.357	0.87316	0.87341			6
2025.09.29	00:48:58.772	0.87320	0.87337			6
2025.09.29	00:48:59.156	0.87317	0.87341			6
2025.09.29	00:48:59.573		0.87340			4
2025.09.29	00:49:00.152	0.87318	0.87339			6
2025.09.29	00:49:00.458	0.87319	0.87336			6
2025.09.29	00:49:01.006	0.87320				2
2025.09.29	00:49:01.367	0.87316	0.87340			6
2025.09.29	00:49:01.772	0.87318	0.87337			6
2025.09.29	00:49:03.157		0.87336			4
2025.09.29	00:49:04.323	0.87317	0.87337			6
2025.09.29	00:49:05.323	0.87316	0.87338			6
2025.09.29	00:49:05.892	0.87315	0.87340			6
2025.09.29	00:49:06.496	0.87314	0.87341			6
2025.09.29	00:49:06.904	0.87312	0.87343			6
2025.09.29	00:49:07.791	0.87315	0.87340			6
2025.09.29	00:49:08.297	0.87318	0.87337			6
2025.09.29	00:49:08.710	0.87312	0.87343			6
2025.09.29	00:49:09.365	0.87311	0.87342			6
2025.09.29	00:49:10.895	0.87313				2
2025.09.29	00:49:11.615	0.87311				2
2025.09.29	00:49:11.981		0.87346			4
2025.09.29	00:49:12.281		0.87342			4
2025.09.29	00:49:12.705	0.87312				2
2025.09.29	00:49:13.107	0.87311				2
2025.09.29	00:49:15.244	0.87313	0.87341			6
2025.09.29	00:49:15.585	0.87312	0.87342			6
2025.09.29	00:49:17.122	0.87313	0.87341			6
2025.09.29	00:49:17.582	0.87312	0.87342			6
2025.09.29	00:49:17.996	0.87313	0.87341			6
2025.09.29	00:49:18.375		0.87339			4
2025.09.29	00:49:20.374		0.87340			4
2025.09.29	00:49:20.714	0.87311	0.87342			6
2025.09.29	00:49:21.698	0.87313	0.87341			6
2025.09.29	00:49:22.000		0.87340			4
2025.09.29	00:49:22.325	0.87316	0.87337			6
2025.09.29	00:49:22.711	0.87317				2
2025.09.29	00:49:23.017		0.87336			4
2025.09.29	00:49:23.323	0.87311	0.87342			6
2025.09.29	00:49:23.742	0.87313	0.87340			6
2025.09.29	00:49:24.322	0.87311	0.87341			6
2025.09.29	00:49:24.638	0.87313	0.87340			6
2025.09.29	00:49:26.667	0.87311	0.87342			6
2025.09.29	00:49:27.003	0.87313	0.87340			6
2025.09.29	00:49:27.391	0.87311	0.87342			6
2025.09.29	00:49:27.767	0.87313	0.87340			6
2025.09.29	00:49:28.177	0.87312	0.87341			6
2025.09.29	00:49:28.667	0.87311	0.87342			6
2025.09.29	00:49:30.217	0.87312	0.87340			6
2025.09.29	00:49:30.588	0.87310	0.87342			6
2025.09.29	00:49:31.000	0.87312	0.87341			6
2025.09.29	00:49:31.381		0.87340			4
2025.09.29	00:49:32.597	0.87311	0.87342			6
2025.09.29	00:49:32.985	0.87312	0.87340			6
2025.09.29	00:49:34.221	0.87313				2
2025.09.29	00:49:34.717	0.87297	0.87333			6
2025.09.29	00:49:35.237	0.87294	0.87336			6
2025.09.29	00:49:35.582	0.87293	0.87338			6
2025.09.29	00:49:36.623		0.87339			4
2025.09.29	00:49:40.735	0.87294				2
2025.09.29	00:49:42.824	0.87295	0.87338			6
2025.09.29	00:49:44.127	0.87294	0.87339			6
2025.09.29	00:49:44.909	0.87297	0.87336			6
2025.09.29	00:49:45.924	0.87298				2
2025.09.29	00:49:50.321	0.87300	0.87334			6
2025.09.29	00:49:58.437	0.87301	0.87333			6
2025.09.29	00:50:00.026	0.87301				2
2025.09.29	00:50:02.123		0.87332			4
2025.09.29	00:50:05.736	0.87302				2
2025.09.29	00:50:06.322		0.87331			4
2025.09.29	00:50:06.995	0.87299	0.87335			6
2025.09.29	00:50:09.024	0.87300				2
2025.09.29	00:50:10.544	0.87299				2
2025.09.29	00:50:11.724	0.87300				2
2025.09.29	00:50:12.623	0.87299				2
2025.09.29	00:50:13.306	0.87302	0.87333			6
2025.09.29	00:50:16.311	0.87303	0.87332			6
2025.09.29	00:50:18.324	0.87302	0.87333			6
2025.09.29	00:50:33.871	0.87303	0.87332			6
2025.09.29	00:50:41.343	0.87304				2
2025.09.29	00:50:42.024		0.87333			4
2025.09.29	00:50:42.634		0.87332			4
2025.09.29	00:50:43.123		0.87333			4
2025.09.29	00:50:43.525	0.87303				2
2025.09.29	00:50:44.345	0.87305	0.87331			6
2025.09.29	00:50:44.652	0.87304	0.87333			6
2025.09.29	00:50:46.453	0.87306	0.87332			6
2025.09.29	00:50:46.778		0.87330			4
2025.09.29	00:50:47.087	0.87308				2
2025.09.29	00:50:48.763	0.87306	0.87331			6
2025.09.29	00:50:49.206		0.87330			4
2025.09.29	00:50:49.529	0.87307				2
2025.09.29	00:50:50.199	0.87306	0.87329			6
2025.09.29	00:50:52.224	0.87307	0.87328			6
2025.09.29	00:50:57.162	0.87306	0.87330			6
2025.09.29	00:50:58.439	0.87304	0.87331			6
2025.09.29	00:51:01.527	0.87304	0.87330			6
2025.09.29	00:51:02.039	0.87306	0.87328			6
2025.09.29	00:51:03.624	0.87307				2
2025.09.29	00:51:04.830	0.87306				2
2025.09.29	00:51:08.218	0.87307				2
2025.09.29	00:51:12.221	0.87306	0.87329			6
2025.09.29	00:51:12.585		0.87328			4
2025.09.29	00:51:13.076	0.87307	0.87327			6
2025.09.29	00:51:27.081	0.87314	0.87344			6
2025.09.29	00:51:27.446	0.87315	0.87341			6
2025.09.29	00:51:28.224		0.87340			4
2025.09.29	00:51:28.914	0.87312	0.87343			6
2025.09.29	00:51:29.517	0.87314	0.87342			6
2025.09.29	00:51:29.900		0.87341			4
2025.09.29	00:51:30.695	0.87312	0.87344			6
2025.09.29	00:51:32.123		0.87343			4
2025.09.29	00:51:32.654	0.87313	0.87342			6
2025.09.29	00:51:38.119	0.87308	0.87347			6
2025.09.29	00:51:38.688	0.87309	0.87346			6
2025.09.29	00:51:48.740	0.87311	0.87343			6
2025.09.29	00:51:49.094	0.87312	0.87342			6
2025.09.29	00:51:50.741	0.87314	0.87341			6
2025.09.29	00:51:51.117	0.87312	0.87342			6
2025.09.29	00:51:51.529	0.87314	0.87340			6
2025.09.29	00:52:01.823	0.87314				2
2025.09.29	00:52:03.743	0.87312	0.87343			6
2025.09.29	00:52:05.849	0.87311	0.87344			6
2025.09.29	00:52:06.847	0.87310				2
2025.09.29	00:52:13.960	0.87314	0.87341			6
2025.09.29	00:52:14.458	0.87312	0.87342			6
2025.09.29	00:52:14.949	0.87314	0.87341			6
2025.09.29	00:52:15.363	0.87312	0.87342			6
2025.09.29	00:52:15.746	0.87313	0.87341			6
2025.09.29	00:52:16.461	0.87312	0.87343			6
2025.09.29	00:52:18.323	0.87311				2
2025.09.29	00:52:19.915	0.87312	0.87342			6
2025.09.29	00:52:20.241	0.87313	0.87341			6
2025.09.29	00:52:21.415	0.87314	0.87340			6
2025.09.29	00:52:21.752	0.87312	0.87342			6
2025.09.29	00:52:28.654	0.87311	0.87343			6
2025.09.29	00:52:30.924	0.87310	0.87344			6
2025.09.29	00:52:38.424		0.87345			4
2025.09.29	00:52:38.782	0.87311	0.87343			6
2025.09.29	00:52:39.280	0.87314	0.87341			6
2025.09.29	00:52:39.586		0.87340			4
2025.09.29	00:52:40.037		0.87341			4
2025.09.29	00:52:40.719	0.87312	0.87343			6
2025.09.29	00:52:41.723	0.87314	0.87342			6
2025.09.29	00:52:42.281	0.87311	0.87345			6
2025.09.29	00:52:52.333	0.87314	0.87342			6
2025.09.29	00:52:52.899	0.87313	0.87344			6
2025.09.29	00:52:53.404	0.87314	0.87343			6
2025.09.29	00:52:54.323	0.87313				2
2025.09.29	00:52:56.819	0.87312	0.87345			6
2025.09.29	00:52:57.320	0.87311				2
2025.09.29	00:53:00.597	0.87311				2
2025.09.29	00:53:07.209	0.87314	0.87342			6
2025.09.29	00:53:07.595		0.87343			4
2025.09.29	00:53:08.007	0.87313				2
2025.09.29	00:53:08.853	0.87315	0.87342			6
2025.09.29	00:53:09.206		0.87341			4
2025.09.29	00:53:09.797	0.87314	0.87342			6
2025.09.29	00:53:11.041	0.87313	0.87343			6
2025.09.29	00:53:11.541		0.87344			4
2025.09.29	00:53:12.926		0.87343			4
2025.09.29	00:53:13.398	0.87315	0.87341			6
2025.09.29	00:53:13.806	0.87314	0.87343			6
2025.09.29	00:53:14.903	0.87313	0.87344			6
2025.09.29	00:53:15.625	0.87312				2
2025.09.29	00:53:24.029	0.87314	0.87343			6
2025.09.29	00:53:24.389	0.87313	0.87344			6
2025.09.29	00:53:24.700	0.87315	0.87341			6
2025.09.29	00:53:25.027	0.87314	0.87343			6
2025.09.29	00:53:25.522	0.87313	0.87344			6
2025.09.29	00:53:27.624	0.87312				2
2025.09.29	00:53:29.062	0.87313				2
2025.09.29	00:53:29.557		0.87343			4
2025.09.29	00:53:31.825	0.87312				2
2025.09.29	00:53:33.024		0.87344			4
2025.09.29	00:53:34.824	0.87315	0.87341			6
2025.09.29	00:53:35.486	0.87313	0.87344			6
2025.09.29	00:53:36.622		0.87345			4
2025.09.29	00:53:38.129	0.87312				2
2025.09.29	00:53:42.327	0.87311				2
2025.09.29	00:53:43.221		0.87344			4
2025.09.29	00:53:45.241	0.87312	0.87343			6
2025.09.29	00:53:45.599	0.87316	0.87341			6
2025.09.29	00:53:45.907	0.87317				2
2025.09.29	00:53:46.850	0.87316				2
2025.09.29	00:53:47.352	0.87314	0.87344			6
2025.09.29	00:53:47.854	0.87316	0.87342			6
2025.09.29	00:53:49.263	0.87314	0.87344			6
2025.09.29	00:53:49.891	0.87316	0.87342			6
2025.09.29	00:53:50.425	0.87314	0.87343			6
2025.09.29	00:53:50.892	0.87316	0.87342			6
2025.09.29	00:53:51.580	0.87314	0.87343			6
2025.09.29	00:53:52.523		0.87344			4
2025.09.29	00:53:54.840	0.87316	0.87342			6
2025.09.29	00:53:55.254	0.87314	0.87344			6
2025.09.29	00:53:56.052	0.87316	0.87342			6
2025.09.29	00:53:56.354	0.87314	0.87344			6
2025.09.29	00:53:56.845	0.87316	0.87342			6
2025.09.29	00:53:57.235	0.87314	0.87344			6
2025.09.29	00:53:57.571	0.87316	0.87342			6
2025.09.29	00:53:57.880	0.87314	0.87344			6
2025.09.29	00:53:58.343	0.87316	0.87342			6
2025.09.29	00:53:58.673	0.87314	0.87344			6
2025.09.29	00:53:59.343	0.87316	0.87342			6
2025.09.29	00:53:59.648	0.87314	0.87344			6
2025.09.29	00:54:00.063	0.87314	0.87342			6
2025.09.29	00:54:00.382		0.87344			4
2025.09.29	00:54:00.840	0.87316	0.87342			6
2025.09.29	00:54:01.271	0.87314	0.87344			6
2025.09.29	00:54:01.849	0.87317	0.87343			6
2025.09.29	00:54:02.449	0.87318	0.87340			6
2025.09.29	00:54:03.856	0.87315	0.87343			6
2025.09.29	00:54:04.222	0.87317	0.87341			6
2025.09.29	00:54:04.650	0.87315				2
2025.09.29	00:54:04.958		0.87344			4
2025.09.29	00:54:06.349	0.87316	0.87342			6
2025.09.29	00:54:06.654	0.87317	0.87341			6
2025.09.29	00:54:07.664	0.87316	0.87342			6
2025.09.29	00:54:08.069	0.87314	0.87344			6
2025.09.29	00:54:08.850	0.87316	0.87342			6
2025.09.29	00:54:09.281	0.87315	0.87343			6
2025.09.29	00:54:11.042	0.87314	0.87344			6
2025.09.29	00:54:11.801	0.87315	0.87342			6
2025.09.29	00:54:12.121		0.87344			4
2025.09.29	00:54:12.477		0.87343			4
2025.09.29	00:54:13.485	0.87316	0.87342			6
2025.09.29	00:54:13.871	0.87313	0.87345			6
2025.09.29	00:54:14.177	0.87316	0.87342			6
2025.09.29	00:54:14.514	0.87314	0.87345			6
2025.09.29	00:54:14.876		0.87344			4
2025.09.29	00:54:15.874		0.87346			4
2025.09.29	00:54:16.375		0.87345			4
2025.09.29	00:54:17.375	0.87315	0.87344			6
2025.09.29	00:54:19.222	0.87314				2
2025.09.29	00:54:20.851	0.87316	0.87345			6
2025.09.29	00:54:21.274	0.87315	0.87347			6
2025.09.29	00:54:22.465	0.87317	0.87345			6
2025.09.29	00:54:23.276	0.87315	0.87347			6
2025.09.29	00:54:24.276	0.87317	0.87345			6
2025.09.29	00:54:24.691		0.87343			4
2025.09.29	00:54:25.070	0.87315	0.87345			6
2025.09.29	00:54:25.773	0.87317	0.87346			6
2025.09.29	00:54:26.276	0.87318	0.87342			6
2025.09.29	00:54:26.685	0.87317	0.87345			6
2025.09.29	00:54:27.273	0.87318	0.87343			6
2025.09.29	00:54:27.656	0.87320	0.87342			6
2025.09.29	00:54:27.966	0.87317	0.87343			6
2025.09.29	00:54:28.272	0.87320				2
2025.09.29	00:54:28.736	0.87317				2
2025.09.29	00:54:29.269	0.87318				2
2025.09.29	00:54:29.892	0.87316				2
2025.09.29	00:54:30.402	0.87317	0.87341			6
2025.09.29	00:54:30.768		0.87343			4
2025.09.29	00:54:31.275		0.87345			4
2025.09.29	00:54:31.773	0.87315	0.87344			6
2025.09.29	00:54:32.425		0.87345			4
2025.09.29	00:54:35.724	0.87314				2
2025.09.29	00:54:39.503		0.87344			4
2025.09.29	00:54:41.290	0.87318	0.87341			6
2025.09.29	00:54:41.638	0.87316	0.87343			6
2025.09.29	00:54:42.291	0.87310	0.87332			6
2025.09.29	00:54:42.639	0.87309				2
2025.09.29	00:54:43.328	0.87308	0.87334			6
2025.09.29	00:54:44.665	0.87307				2
2025.09.29	00:54:46.189	0.87309	0.87333			6
2025.09.29	00:54:46.847	0.87308				2
2025.09.29	00:54:47.151	0.87318	0.87339			6
2025.09.29	00:54:47.528	0.87317	0.87340			6
2025.09.29	00:54:48.849	0.87318	0.87342			6
2025.09.29	00:54:49.158	0.87316				2
2025.09.29	00:54:49.708	0.87317	0.87341			6
2025.09.29	00:54:50.117	0.87316	0.87343			6
2025.09.29	00:54:51.922	0.87315				2
2025.09.29	00:54:52.320	0.87316				2
2025.09.29	00:54:52.630	0.87322	0.87357			6
2025.09.29	00:54:52.962	0.87323	0.87353			6
2025.09.29	00:54:53.725		0.87354			4
2025.09.29	00:54:55.098	0.87322	0.87355			6
2025.09.29	00:54:57.026	0.87323	0.87354			6
2025.09.29	00:54:57.620		0.87357			4
2025.09.29	00:55:01.004	0.87323				2
2025.09.29	00:55:09.681		0.87356			4
2025.09.29	00:55:10.058	0.87327	0.87353			6
2025.09.29	00:55:10.661	0.87329	0.87351			6
2025.09.29	00:55:12.200	0.87330	0.87350			6
2025.09.29	00:55:19.725	0.87329	0.87351			6
2025.09.29	00:55:34.723	0.87327	0.87353			6
2025.09.29	00:55:36.210	0.87328	0.87352			6
2025.09.29	00:55:38.124	0.87329				2
2025.09.29	00:55:39.352	0.87326	0.87355			6
2025.09.29	00:55:39.761	0.87327	0.87354			6
2025.09.29	00:55:40.169	0.87328	0.87353			6
2025.09.29	00:55:42.560	0.87324	0.87357			6
2025.09.29	00:55:42.970	0.87326	0.87355			6
2025.09.29	00:55:43.359	0.87327	0.87354			6
2025.09.29	00:55:43.770	0.87328	0.87353			6
2025.09.29	00:55:45.823	0.87327	0.87354			6
2025.09.29	00:55:46.178	0.87328	0.87353			6
2025.09.29	00:55:47.204		0.87352			4
2025.09.29	00:55:48.324		0.87353			4
2025.09.29	00:55:52.864	0.87329	0.87352			6
2025.09.29	00:55:53.755	0.87328	0.87360			6
2025.09.29	00:55:56.807	0.87327	0.87361			6
2025.09.29	00:55:57.703	0.87328	0.87360			6
2025.09.29	00:56:00.924	0.87329	0.87359			6
2025.09.29	00:56:02.125	0.87328	0.87360			6
2025.09.29	00:56:05.586	0.87329	0.87359			6
2025.09.29	00:56:08.631		0.87357			4
2025.09.29	00:56:15.923	0.87328	0.87358			6
2025.09.29	00:56:17.135	0.87329	0.87357			6
2025.09.29	00:56:18.756	0.87328	0.87358			6
2025.09.29	00:56:21.110	0.87327				2
2025.09.29	00:56:23.230		0.87359			4
2025.09.29	00:56:23.980		0.87358			4
2025.09.29	00:56:24.286		0.87357			4
2025.09.29	00:56:26.100		0.87358			4
2025.09.29	00:56:29.806	0.87326	0.87359			6
2025.09.29	00:56:30.292	0.87327	0.87358			6
2025.09.29	00:56:31.368		0.87360			4
2025.09.29	00:56:31.904	0.87325	0.87363			6
2025.09.29	00:56:32.231	0.87328	0.87360			6
2025.09.29	00:56:32.601	0.87329	0.87359			6
2025.09.29	00:56:33.011	0.87330	0.87358			6
2025.09.29	00:56:36.515	0.87327	0.87361			6
2025.09.29	00:56:36.819		0.87360			4
2025.09.29	00:56:38.567	0.87328				2
2025.09.29	00:56:39.927	0.87327				2
2025.09.29	00:56:43.158		0.87361			4
2025.09.29	00:56:48.328	0.87326				2
2025.09.29	00:56:51.424	0.87327				2
2025.09.29	00:56:52.827		0.87360			4
2025.09.29	00:56:53.479	0.87328	0.87359			6
2025.09.29	00:57:03.025	0.87328	0.87360			6
2025.09.29	00:57:06.885		0.87359			4
2025.09.29	00:57:08.633		0.87357			4
2025.09.29	00:57:47.058	0.87327	0.87358			6
2025.09.29	00:57:53.424	0.87328	0.87357			6
2025.09.29	00:57:56.425		0.87358			4
2025.09.29	00:57:58.502	0.87327				2
2025.09.29	00:58:02.429	0.87327	0.87359			6
2025.09.29	00:58:06.925	0.87328	0.87358			6
2025.09.29	00:58:08.279	0.87327				2
2025.09.29	00:58:08.681		0.87359			4
2025.09.29	00:58:09.625		0.87358			4
2025.09.29	00:58:11.668	0.87328	0.87357			6
2025.09.29	00:58:15.542	0.87329	0.87356			6
2025.09.29	00:58:16.750	0.87328	0.87357			6
2025.09.29	00:58:23.571	0.87329	0.87356			6
2025.09.29	00:58:26.724		0.87357			4
2025.09.29	00:58:38.703	0.87328				2
2025.09.29	00:58:40.223	0.87329				2
2025.09.29	00:58:44.064	0.87328				2
2025.09.29	00:58:52.065	0.87327	0.87358			6
2025.09.29	00:58:53.518		0.87359			4
2025.09.29	00:58:55.522		0.87358			4
2025.09.29	00:59:00.624	0.87327	0.87359			6
2025.09.29	00:59:03.206		0.87358			4
2025.09.29	00:59:04.970		0.87359			4
2025.09.29	00:59:08.729		0.87344			4
2025.09.29	00:59:12.023		0.87345			4
2025.09.29	00:59:13.524		0.87344			4
2025.09.29	00:59:17.142	0.87326	0.87345			6
2025.09.29	00:59:24.582	0.87289	0.87394			6
2025.09.29	00:59:25.716	0.87288	0.87395			6
2025.09.29	00:59:26.217	0.87290	0.87394			6
2025.09.29	00:59:26.938	0.87289				2
2025.09.29	00:59:27.440	0.87291	0.87392			6
2025.09.29	00:59:27.874	0.87290	0.87394			6
2025.09.29	00:59:28.372	0.87292	0.87391			6
2025.09.29	00:59:28.677	0.87301	0.87380			6
2025.09.29	00:59:28.989		0.87379			4
2025.09.29	00:59:29.297	0.87288	0.87372			6
2025.09.29	00:59:29.851	0.87293	0.87367			6
2025.09.29	00:59:30.535	0.87287	0.87387			6
2025.09.29	00:59:30.856	0.87298	0.87377			6
2025.09.29	00:59:31.168	0.87285	0.87373			6
2025.09.29	00:59:31.581	0.87289	0.87370			6
2025.09.29	00:59:32.079	0.87286	0.87372			6
2025.09.29	00:59:32.996	0.87283	0.87375			6
2025.09.29	00:59:33.398	0.87286	0.87372			6
2025.09.29	00:59:33.784	0.87284	0.87374			6
2025.09.29	00:59:34.294	0.87287	0.87371			6
2025.09.29	00:59:34.680	0.87288	0.87370			6
2025.09.29	00:59:35.575	0.87291	0.87367			6
2025.09.29	00:59:35.906	0.87278	0.87365			6
2025.09.29	00:59:36.322		0.87366			4
2025.09.29	00:59:37.712		0.87364			4
2025.09.29	00:59:38.242	0.87279	0.87363			6
2025.09.29	00:59:41.251	0.87280				2
2025.09.29	00:59:41.606	0.87279				2
2025.09.29	00:59:43.038		0.87364			4
2025.09.29	00:59:43.405	0.87282	0.87362			6
2025.09.29	00:59:43.863	0.87283	0.87361			6
2025.09.29	00:59:44.650	0.87284	0.87360			6
2025.09.29	00:59:48.652		0.87359			4
2025.09.29	00:59:52.528	0.87285	0.87358			6
2025.09.29	00:59:57.026		0.87357			4
2025.09.29	01:00:00.308	0.87261	0.87371			6
2025.09.29	01:00:00.618	0.87278	0.87373			6
2025.09.29	01:00:00.927	0.87302	0.87348			6
2025.09.29	01:00:01.240	0.87306	0.87351			6
2025.09.29	01:00:01.542	0.87307				2
2025.09.29	01:00:01.881	0.87304				2
2025.09.29	01:00:02.187	0.87280				2
2025.09.29	01:00:02.491	0.87282				2
2025.09.29	01:00:02.798	0.87281				2
2025.09.29	01:00:03.127	0.87282				2
2025.09.29	01:00:03.441	0.87297	0.87352			6
2025.09.29	01:00:04.106		0.87351			4
2025.09.29	01:00:04.408	0.87292	0.87344			6
2025.09.29	01:00:04.757	0.87289	0.87341			6
2025.09.29	01:00:05.362	0.87288	0.87339			6
2025.09.29	01:00:06.366	0.87291	0.87341			6
2025.09.29	01:00:06.684	0.87293	0.87332			6
2025.09.29	01:00:07.339	0.87296				2
2025.09.29	01:00:08.041	0.87301				2
2025.09.29	01:00:08.707	0.87302				2
2025.09.29	01:00:09.018	0.87301				2
2025.09.29	01:00:09.732	0.87300				2
2025.09.29	01:00:10.691	0.87301				2
2025.09.29	01:00:12.599	0.87302				2
2025.09.29	01:00:12.943	0.87301				2
2025.09.29	01:00:13.580	0.87302				2
2025.09.29	01:00:14.579	0.87301				2
2025.09.29	01:00:15.911	0.87300				2
2025.09.29	01:00:16.219	0.87302				2
2025.09.29	01:00:16.527	0.87304	0.87333			6
2025.09.29	01:00:17.481	0.87301				2
2025.09.29	01:00:17.843	0.87304	0.87332			6
2025.09.29	01:00:18.191	0.87300				2
2025.09.29	01:00:18.501	0.87299	0.87333			6
2025.09.29	01:00:18.823	0.87300				2
2025.09.29	01:00:19.163	0.87299				2
2025.09.29	01:00:19.476	0.87292				2
2025.09.29	01:00:19.783	0.87299				2
2025.09.29	01:00:20.422	0.87300				2
2025.09.29	01:00:20.741	0.87303				2
2025.09.29	01:00:21.047	0.87299				2
2025.09.29	01:00:21.362	0.87300				2
2025.09.29	01:00:21.671	0.87305				2
2025.09.29	01:00:21.979	0.87304	0.87334			6
2025.09.29	01:00:22.283	0.87300	0.87333			6
2025.09.29	01:00:22.616	0.87303				2
2025.09.29	01:00:22.941	0.87294				2
2025.09.29	01:00:23.253	0.87307	0.87335			6
2025.09.29	01:00:23.560		0.87334			4
2025.09.29	01:00:23.873	0.87292	0.87333			6
2025.09.29	01:00:24.181	0.87293				2
2025.09.29	01:00:24.498		0.87332			4
2025.09.29	01:00:24.803	0.87294	0.87333			6
2025.09.29	01:00:25.357		0.87332			4
2025.09.29	01:00:25.728	0.87291	0.87331			6
2025.09.29	01:00:26.127	0.87293	0.87332			6
2025.09.29	01:00:28.813		0.87333			4
2025.09.29	01:00:29.994	0.87295				2
2025.09.29	01:00:30.347	0.87300	0.87339			6
2025.09.29	01:00:32.005	0.87304	0.87338			6
2025.09.29	01:00:32.314	0.87301				2
2025.09.29	01:00:32.757	0.87293	0.87326			6
2025.09.29	01:00:33.073	0.87294				2
2025.09.29	01:00:33.400	0.87297	0.87332			6
2025.09.29	01:00:33.722	0.87301	0.87333			6
2025.09.29	01:00:34.674	0.87303	0.87337			6
2025.09.29	01:00:34.981	0.87304				2
2025.09.29	01:00:36.820	0.87305				2
2025.09.29	01:00:38.487	0.87304				2
2025.09.29	01:00:40.500	0.87308	0.87342			6
2025.09.29	01:00:40.819	0.87315	0.87341			6
2025.09.29	01:00:41.633	0.87317	0.87343			6
2025.09.29	01:00:42.012	0.87315				2
2025.09.29	01:00:42.536	0.87312	0.87342			6
2025.09.29	01:00:44.724		0.87343			4
2025.09.29	01:00:45.097	0.87318	0.87344			6
2025.09.29	01:00:45.399	0.87317				2
2025.09.29	01:00:45.924	0.87318				2
2025.09.29	01:00:46.229	0.87313	0.87340			6
2025.09.29	01:00:46.667	0.87316	0.87341			6
2025.09.29	01:00:47.851	0.87317	0.87340			6
2025.09.29	01:00:48.280		0.87344			4
2025.09.29	01:00:49.678	0.87318	0.87345			6
2025.09.29	01:00:50.928	0.87317				2
2025.09.29	01:00:51.518	0.87313	0.87342			6
2025.09.29	01:00:51.916	0.87319	0.87344			6
2025.09.29	01:00:54.623	0.87318				2
2025.09.29	01:00:55.878	0.87319	0.87346			6
2025.09.29	01:00:56.297	0.87315	0.87347			6
2025.09.29	01:00:56.617	0.87317				2
2025.09.29	01:00:57.023	0.87318	0.87344			6
2025.09.29	01:00:57.370	0.87328	0.87349			6
2025.09.29	01:00:57.697	0.87330	0.87348			6
2025.09.29	01:00:58.363	0.87327	0.87346			6
2025.09.29	01:00:58.755	0.87323	0.87345			6
2025.09.29	01:01:00.309	0.87330	0.87348			6
2025.09.29	01:01:00.679	0.87326	0.87345			6
2025.09.29	01:01:00.994	0.87324	0.87342			6
2025.09.29	01:01:01.302	0.87327	0.87345			6
2025.09.29	01:01:01.688	0.87328	0.87346			6
2025.09.29	01:01:02.919	0.87329	0.87347			6
2025.09.29	01:01:05.448	0.87335	0.87352			6
2025.09.29	01:01:06.257	0.87334	0.87351			6
2025.09.29	01:01:06.581		0.87350			4
2025.09.29	01:01:10.120	0.87332				2
2025.09.29	01:01:13.606	0.87329	0.87344			6
2025.09.29	01:01:14.057	0.87324	0.87341			6
2025.09.29	01:01:14.381	0.87328	0.87343			6
2025.09.29	01:01:15.899	0.87329	0.87345			6
2025.09.29	01:01:18.420	0.87328	0.87344			6
2025.09.29	01:01:18.904	0.87331	0.87347			6
2025.09.29	01:01:20.025	0.87328	0.87344			6
2025.09.29	01:01:26.456		0.87345			4
2025.09.29	01:01:27.208	0.87326				2
2025.09.29	01:01:30.235		0.87342			4
2025.09.29	01:01:33.935	0.87329	0.87345			6
2025.09.29	01:01:36.357	0.87330	0.87347			6
2025.09.29	01:01:37.203	0.87331				2
2025.09.29	01:01:39.524		0.87346			4
2025.09.29	01:01:44.627		0.87347			4
2025.09.29	01:01:48.396		0.87346			4
2025.09.29	01:01:49.517	0.87328	0.87345			6
2025.09.29	01:01:50.170	0.87333	0.87347			6
2025.09.29	01:01:51.170	0.87329	0.87343			6
2025.09.29	01:01:55.386	0.87333	0.87349			6
2025.09.29	01:01:59.917	0.87336	0.87354			6
2025.09.29	01:02:00.408	0.87333	0.87352			6
2025.09.29	01:02:03.553	0.87338	0.87354			6
2025.09.29	01:02:04.000	0.87335	0.87352			6
2025.09.29	01:02:04.522	0.87336				2
2025.09.29	01:02:06.024	0.87335				2
2025.09.29	01:02:13.536	0.87339	0.87354			6
2025.09.29	01:02:14.064	0.87336	0.87352			6
2025.09.29	01:02:14.378	0.87334	0.87351			6
2025.09.29	01:02:19.882	0.87336	0.87355			6
2025.09.29	01:02:24.474	0.87342	0.87356			6
2025.09.29	01:02:24.780	0.87341				2
2025.09.29	01:02:25.650	0.87336	0.87355			6
2025.09.29	01:02:27.601	0.87337				2
2025.09.29	01:02:28.188	0.87339	0.87353			6
2025.09.29	01:02:30.022		0.87352			4
2025.09.29	01:02:31.458	0.87338	0.87355			6
2025.09.29	01:02:32.724		0.87356			4
2025.09.29	01:02:34.212	0.87339	0.87357			6
2025.09.29	01:02:34.573	0.87341				2
2025.09.29	01:02:37.158	0.87339	0.87353			6
2025.09.29	01:02:37.523	0.87340				2
2025.09.29	01:02:38.724	0.87341				2
2025.09.29	01:02:40.523	0.87340				2
2025.09.29	01:02:51.966	0.87339	0.87354			6
2025.09.29	01:02:53.123	0.87340	0.87355			6
2025.09.29	01:02:55.516	0.87339	0.87354			6
2025.09.29	01:02:57.141	0.87340				2
2025.09.29	01:03:01.144	0.87340				2
2025.09.29	01:03:06.466	0.87335	0.87349			6
2025.09.29	01:03:07.265	0.87338	0.87351			6
2025.09.29	01:03:10.392	0.87340				2
2025.09.29	01:03:11.296	0.87339				2
2025.09.29	01:03:12.522	0.87338				2
2025.09.29	01:03:14.344	0.87339				2
2025.09.29	01:03:17.181	0.87338				2
2025.09.29	01:03:19.224	0.87337	0.87352			6
2025.09.29	01:03:20.039	0.87338				2
2025.09.29	01:03:21.326	0.87339	0.87351			6
2025.09.29	01:03:21.745	0.87338				2
2025.09.29	01:03:24.512		0.87349			4
2025.09.29	01:03:25.105	0.87337	0.87350			6
2025.09.29	01:03:26.248	0.87338				2
2025.09.29	01:03:29.423	0.87337				2
2025.09.29	01:03:30.622	0.87338				2
2025.09.29	01:03:31.521	0.87339	0.87351			6
2025.09.29	01:03:38.428	0.87338				2
2025.09.29	01:03:42.599	0.87339				2
2025.09.29	01:03:53.529	0.87340	0.87352			6
2025.09.29	01:03:57.890		0.87353			4
2025.09.29	01:04:01.827	0.87340				2
2025.09.29	01:04:03.334		0.87352			4
2025.09.29	01:04:06.966	0.87339				2
2025.09.29	01:04:08.296		0.87351			4
2025.09.29	01:04:18.324	0.87340	0.87350			6
2025.09.29	01:04:22.523	0.87339				2
2025.09.29	01:04:25.522		0.87351			4
2025.09.29	01:04:29.423		0.87350			4
2025.09.29	01:04:36.924	0.87340				2
2025.09.29	01:04:39.691	0.87339				2
2025.09.29	01:04:41.423	0.87340				2
2025.09.29	01:04:42.623		0.87349			4
2025.09.29	01:04:46.525		0.87350			4
2025.09.29	01:04:48.539		0.87349			4
2025.09.29	01:04:52.758	0.87339	0.87350			6
2025.09.29	01:04:57.474	0.87338	0.87348			6
2025.09.29	01:04:59.424	0.87337				2
2025.09.29	01:05:00.365	0.87337				2
2025.09.29	01:05:00.668		0.87347			4
2025.09.29	01:05:01.489	0.87336				2
2025.09.29	01:05:07.540	0.87335	0.87349			6
2025.09.29	01:05:32.423	0.87336				2
2025.09.29	01:05:37.502	0.87338	0.87350			6
2025.09.29	01:05:39.023		0.87351			4
2025.09.29	01:05:39.521	0.87336	0.87349			6
2025.09.29	01:05:41.581		0.87348			4
2025.09.29	01:05:42.792	0.87337	0.87347			6
2025.09.29	01:05:45.680	0.87336	0.87348			6
2025.09.29	01:05:51.963	0.87335	0.87349			6
2025.09.29	01:05:52.276	0.87336	0.87347			6
2025.09.29	01:05:52.739		0.87346			4
2025.09.29	01:05:53.681	0.87335	0.87347			6
2025.09.29	01:05:56.762	0.87334	0.87346			6
2025.09.29	01:06:01.358	0.87336				2
2025.09.29	01:06:08.239	0.87335				2
2025.09.29	01:06:08.716	0.87336				2
2025.09.29	01:06:09.343	0.87338	0.87348			6
2025.09.29	01:06:12.024	0.87337	0.87349			6
2025.09.29	01:06:12.779	0.87338	0.87348			6
2025.09.29	01:06:14.122	0.87339				2
2025.09.29	01:06:17.248	0.87338				2
2025.09.29	01:06:21.669	0.87337	0.87350			6
2025.09.29	01:06:22.826		0.87349			4
2025.09.29	01:06:24.128		0.87350			4
2025.09.29	01:06:25.682		0.87349			4
2025.09.29	01:06:26.470	0.87338				2
2025.09.29	01:06:27.470	0.87337				2
2025.09.29	01:06:28.412	0.87338				2
2025.09.29	01:06:30.525	0.87333	0.87347			6
2025.09.29	01:06:30.953		0.87345			4
2025.09.29	01:06:31.261	0.87337	0.87349			6
2025.09.29	01:06:32.993	0.87336				2
2025.09.29	01:06:46.342	0.87337	0.87351			6
2025.09.29	01:06:47.124	0.87338				2
2025.09.29	01:06:53.330	0.87337	0.87347			6
2025.09.29	01:06:55.401		0.87348			4
2025.09.29	01:06:58.823		0.87349			4
2025.09.29	01:07:00.009	0.87337				2
2025.09.29	01:07:06.525		0.87348			4
2025.09.29	01:07:07.522	0.87338				2
2025.09.29	01:07:13.562	0.87339				2
2025.09.29	01:07:15.355		0.87349			4
2025.09.29	01:07:17.327	0.87340				2
2025.09.29	01:07:17.635	0.87339				2
2025.09.29	01:07:22.410	0.87340				2
2025.09.29	01:07:24.023	0.87339				2
2025.09.29	01:07:30.247	0.87338				2
2025.09.29	01:07:31.823	0.87339				2
2025.09.29	01:07:33.400	0.87338				2
2025.09.29	01:07:34.595	0.87339				2
2025.09.29	01:07:36.105	0.87338				2
2025.09.29	01:07:47.124		0.87350			4
2025.09.29	01:07:51.323	0.87337	0.87349			6
2025.09.29	01:07:51.637	0.87338				2
2025.09.29	01:07:53.125	0.87339				2
2025.09.29	01:07:55.223	0.87338				2
2025.09.29	01:07:59.429	0.87340	0.87351			6
2025.09.29	01:08:00.241	0.87340				2
2025.09.29	01:08:06.022		0.87350			4
2025.09.29	01:08:07.822	0.87341				2
2025.09.29	01:08:11.154	0.87338				2
2025.09.29	01:08:12.317	0.87339				2
2025.09.29	01:08:14.346		0.87349			4
2025.09.29	01:08:16.170		0.87350			4
2025.09.29	01:08:17.307	0.87338	0.87349			6
2025.09.29	01:08:18.922		0.87348			4
2025.09.29	01:08:21.072	0.87336				2
2025.09.29	01:08:24.023	0.87337	0.87347			6
2025.09.29	01:08:31.910	0.87338	0.87346			6
2025.09.29	01:08:34.719	0.87336				2
2025.09.29	01:08:35.382	0.87335				2
2025.09.29	01:08:36.453	0.87334				2
2025.09.29	01:08:37.524		0.87345			4
2025.09.29	01:08:37.837	0.87338	0.87346			6
2025.09.29	01:08:38.910	0.87337				2
2025.09.29	01:08:39.454	0.87335	0.87345			6
2025.09.29	01:08:42.022	0.87336	0.87344			6
2025.09.29	01:08:43.795		0.87345			4
2025.09.29	01:08:48.023	0.87335	0.87344			6
2025.09.29	01:08:48.381	0.87336				2
2025.09.29	01:08:53.294	0.87337				2
2025.09.29	01:08:54.465	0.87336	0.87345			6
2025.09.29	01:08:55.779	0.87334				2
2025.09.29	01:08:57.334	0.87335	0.87342			6
2025.09.29	01:09:00.923	0.87335				2
2025.09.29	01:09:04.223	0.87334				2
2025.09.29	01:09:06.023	0.87335				2
2025.09.29	01:09:07.851	0.87334				2
2025.09.29	01:09:11.724	0.87335				2
2025.09.29	01:09:18.338	0.87333	0.87341			6
2025.09.29	01:09:19.525	0.87334				2
2025.09.29	01:09:21.120	0.87335	0.87342			6
2025.09.29	01:09:23.125	0.87334				2
2025.09.29	01:09:23.530	0.87331	0.87341			6
2025.09.29	01:09:24.326	0.87332	0.87340			6
2025.09.29	01:09:31.826		0.87339			4
2025.09.29	01:09:34.223		0.87340			4
2025.09.29	01:09:40.974	0.87331	0.87341			6
2025.09.29	01:09:41.279	0.87332				2
2025.09.29	01:09:42.323	0.87334				2
2025.09.29	01:09:44.128		0.87342			4
2025.09.29	01:09:45.499	0.87333				2
2025.09.29	01:09:47.436	0.87332	0.87341			6
2025.09.29	01:09:51.425	0.87329	0.87340			6
2025.09.29	01:09:53.125	0.87330				2
2025.09.29	01:10:00.923	0.87330				2
2025.09.29	01:10:01.979	0.87327	0.87337			6
2025.09.29	01:10:03.527	0.87329	0.87338			6
2025.09.29	01:10:04.679		0.87336			4
2025.09.29	01:10:05.568	0.87330	0.87337			6
2025.09.29	01:10:10.522	0.87329	0.87336			6
2025.09.29	01:10:12.221		0.87337			4
2025.09.29	01:10:13.523		0.87336			4
2025.09.29	01:10:18.002	0.87327	0.87337			6
2025.09.29	01:10:18.754	0.87330	0.87338			6
2025.09.29	01:10:20.423		0.87337			4
2025.09.29	01:10:22.523		0.87338			4
2025.09.29	01:10:26.122		0.87337			4
2025.09.29	01:10:30.046	0.87329	0.87338			6
2025.09.29	01:10:32.122	0.87330				2
2025.09.29	01:10:34.823	0.87329				2
2025.09.29	01:10:37.951	0.87330	0.87337			6
2025.09.29	01:10:38.326	0.87329				2
2025.09.29	01:10:39.924	0.87330	0.87336			6
2025.09.29	01:10:42.023	0.87329	0.87337			6
2025.09.29	01:11:00.432	0.87331	0.87338			6
2025.09.29	01:11:00.740	0.87332	0.87340			6
2025.09.29	01:11:01.450	0.87330	0.87339			6
2025.09.29	01:11:02.351	0.87332	0.87340			6
2025.09.29	01:11:03.418	0.87330				2
2025.09.29	01:11:04.523	0.87331	0.87339			6
2025.09.29	01:11:05.377	0.87330	0.87340			6
2025.09.29	01:11:07.509		0.87339			4
2025.09.29	01:11:10.586	0.87332				2
2025.09.29	01:11:14.725	0.87331				2
2025.09.29	01:11:15.922		0.87338			4
2025.09.29	01:11:18.024		0.87339			4
2025.09.29	01:11:21.475	0.87329	0.87338			6
2025.09.29	01:11:24.421	0.87330				2
2025.09.29	01:11:41.086	0.87329				2
2025.09.29	01:11:43.826	0.87330				2
2025.09.29	01:11:53.253	0.87332				2
2025.09.29	01:12:05.422	0.87332				2
2025.09.29	01:12:08.836		0.87340			4
2025.09.29	01:12:09.324	0.87331				2
2025.09.29	01:12:10.058	0.87330	0.87339			6
2025.09.29	01:12:11.375	0.87329				2
2025.09.29	01:12:14.768		0.87340			4
2025.09.29	01:12:15.340		0.87339			4
2025.09.29	01:12:16.768		0.87340			4
2025.09.29	01:12:20.844		0.87339			4
2025.09.29	01:12:31.726	0.87328	0.87337			6
2025.09.29	01:12:35.311	0.87329				2
2025.09.29	01:12:39.526	0.87328				2
2025.09.29	01:12:42.983		0.87335			4
2025.09.29	01:12:45.788		0.87338			4
2025.09.29	01:12:46.822	0.87329	0.87337			6
2025.09.29	01:12:47.464	0.87328	0.87335			6
2025.09.29	01:12:53.749		0.87336			4
2025.09.29	01:13:00.537	0.87327	0.87334			6
2025.09.29	01:13:01.012	0.87326	0.87333			6
2025.09.29	01:13:03.070	0.87325				2
2025.09.29	01:13:04.178	0.87327				2
2025.09.29	01:13:05.554	0.87326				2
2025.09.29	01:13:06.053	0.87324				2
2025.09.29	01:13:06.462		0.87332			4
2025.09.29	01:13:12.261	0.87323				2
2025.09.29	01:13:13.525	0.87324				2
2025.09.29	01:13:21.721	0.87323	0.87331			6
2025.09.29	01:13:24.322	0.87324				2
2025.09.29	01:13:27.025	0.87323				2
2025.09.29	01:13:30.567	0.87322	0.87332			6
2025.09.29	01:13:32.082	0.87324	0.87331			6
2025.09.29	01:13:34.222		0.87332			4
2025.09.29	01:13:35.412		0.87331			4
2025.09.29	01:13:37.694		0.87332			4
2025.09.29	01:13:40.523		0.87331			4
2025.09.29	01:13:43.391		0.87330			4
2025.09.29	01:13:50.298		0.87331			4
2025.09.29	01:13:51.023	0.87323				2
2025.09.29	01:13:51.446		0.87330			4
2025.09.29	01:13:53.550	0.87324				2
2025.09.29	01:14:00.023	0.87324				2
2025.09.29	01:14:01.329		0.87331			4
2025.09.29	01:14:03.343		0.87330			4
2025.09.29	01:14:04.697		0.87331			4
2025.09.29	01:14:06.324	0.87323				2
2025.09.29	01:14:15.912	0.87324				2
2025.09.29	01:14:19.179	0.87323				2
2025.09.29	01:14:20.737	0.87324	0.87330			6
2025.09.29	01:14:21.275		0.87331			4
2025.09.29	01:14:25.707		0.87330			4
2025.09.29	01:14:26.890		0.87331			4
2025.09.29	01:14:27.871		0.87330			4
2025.09.29	01:14:28.666	0.87323				2
2025.09.29	01:14:29.951	0.87321				2
2025.09.29	01:14:30.259		0.87329			4
2025.09.29	01:14:31.728	0.87324	0.87331			6
2025.09.29	01:14:41.851		0.87330			4
2025.09.29	01:14:51.669	0.87325	0.87332			6
2025.09.29	01:15:00.375	0.87325	0.87330			6
2025.09.29	01:15:01.038	0.87326	0.87333			6
2025.09.29	01:15:01.414		0.87332			4
2025.09.29	01:15:02.445		0.87333			4
2025.09.29	01:15:04.330		0.87332			4
2025.09.29	01:15:05.227		0.87333			4
2025.09.29	01:15:06.507	0.87327	0.87334			6
2025.09.29	01:15:07.620	0.87326				2
2025.09.29	01:15:08.245		0.87335			4
2025.09.29	01:15:08.546		0.87334			4
2025.09.29	01:15:09.146		0.87333			4
2025.09.29	01:15:11.377	0.87327				2
2025.09.29	01:15:12.345		0.87334			4
2025.09.29	01:15:12.681		0.87333			4
2025.09.29	01:15:14.125		0.87332			4
2025.09.29	01:15:15.555		0.87333			4
2025.09.29	01:15:16.909		0.87332			4
2025.09.29	01:15:18.684		0.87333			4
2025.09.29	01:15:20.042		0.87332			4
2025.09.29	01:15:22.859		0.87333			4
2025.09.29	01:15:23.724	0.87326				2
2025.09.29	01:15:24.817	0.87327				2
2025.09.29	01:15:25.907	0.87326				2
2025.09.29	01:15:27.037	0.87327				2
2025.09.29	01:15:33.299	0.87324	0.87331			6
2025.09.29	01:15:33.621	0.87323	0.87329			6
2025.09.29	01:15:36.623	0.87322	0.87330			6
2025.09.29	01:15:40.332	0.87321				2
2025.09.29	01:15:40.692		0.87328			4
2025.09.29	01:15:41.513		0.87329			4
2025.09.29	01:15:41.818		0.87328			4
2025.09.29	01:15:42.991		0.87329			4
2025.09.29	01:15:45.212		0.87330			4
2025.09.29	01:15:45.877		0.87329			4
2025.09.29	01:15:47.838	0.87324				2
2025.09.29	01:15:48.141	0.87325	0.87331			6
2025.09.29	01:15:54.671	0.87322				2
2025.09.29	01:15:56.789		0.87330			4
2025.09.29	01:15:58.884	0.87323	0.87331			6
2025.09.29	01:15:59.479	0.87324	0.87330			6
2025.09.29	01:16:00.352	0.87324				2
2025.09.29	01:16:00.913		0.87331			4
2025.09.29	01:16:03.401	0.87322	0.87330			6
2025.09.29	01:16:04.523	0.87323	0.87331			6
2025.09.29	01:16:04.996	0.87322	0.87330			6
2025.09.29	01:16:06.038		0.87331			4
2025.09.29	01:16:07.050	0.87323	0.87330			6
2025.09.29	01:16:08.069	0.87324	0.87329			6
2025.09.29	01:16:09.336	0.87323	0.87330			6
2025.09.29	01:16:11.163	0.87324	0.87329			6
2025.09.29	01:16:13.280	0.87322	0.87328			6
2025.09.29	01:16:13.849	0.87321	0.87329			6
2025.09.29	01:16:14.347	0.87325	0.87331			6
2025.09.29	01:16:14.690		0.87330			4
2025.09.29	01:16:15.623	0.87323	0.87329			6
2025.09.29	01:16:17.593		0.87330			4
2025.09.29	01:16:18.684		0.87329			4
2025.09.29	01:16:19.801	0.87325	0.87330			6
2025.09.29	01:16:25.880	0.87324	0.87329			6
2025.09.29	01:16:28.974		0.87330			4
2025.09.29	01:16:31.953	0.87323				2
2025.09.29	01:16:34.579	0.87324				2
2025.09.29	01:16:35.535	0.87323				2
2025.09.29	01:16:35.955	0.87325				2
2025.09.29	01:16:36.257	0.87323				2
2025.09.29	01:16:36.625	0.87324				2
2025.09.29	01:16:39.165	0.87325				2
2025.09.29	01:16:41.705	0.87324				2
2025.09.29	01:16:42.929	0.87325				2
2025.09.29	01:16:48.416	0.87324	0.87329			6
2025.09.29	01:16:49.222		0.87330			4
2025.09.29	01:16:50.125		0.87329			4
2025.09.29	01:16:51.023		0.87330			4
2025.09.29	01:16:52.085		0.87329			4
2025.09.29	01:16:52.824	0.87322	0.87330			6
2025.09.29	01:16:55.245	0.87323	0.87329			6
2025.09.29	01:17:01.466	0.87322	0.87330			6
2025.09.29	01:17:04.575	0.87324				2
2025.09.29	01:17:05.584		0.87329			4
2025.09.29	01:17:05.959	0.87321	0.87328			6
2025.09.29	01:17:07.290		0.87327			4
2025.09.29	01:17:07.823	0.87317	0.87323			6
2025.09.29	01:17:14.405	0.87318				2
2025.09.29	01:17:32.546	0.87317	0.87322			6
2025.09.29	01:17:33.547		0.87323			4
2025.09.29	01:17:35.777	0.87318	0.87325			6
2025.09.29	01:17:36.082		0.87326			4
2025.09.29	01:17:36.457		0.87325			4
2025.09.29	01:17:38.794		0.87326			4
2025.09.29	01:17:39.136		0.87325			4
2025.09.29	01:17:40.510	0.87319	0.87326			6
2025.09.29	01:17:42.023	0.87318	0.87325			6
2025.09.29	01:17:43.157		0.87326			4
2025.09.29	01:17:43.823		0.87325			4
2025.09.29	01:17:44.800	0.87319	0.87326			6
2025.09.29	01:17:45.196	0.87318	0.87325			6
2025.09.29	01:17:46.035		0.87326			4
2025.09.29	01:17:46.342		0.87325			4
2025.09.29	01:17:47.481	0.87319	0.87326			6
2025.09.29	01:17:47.824		0.87324			4
2025.09.29	01:17:48.176		0.87326			4
2025.09.29	01:17:48.478		0.87325			4
2025.09.29	01:17:49.084	0.87318				2
2025.09.29	01:17:49.540	0.87319	0.87326			6
2025.09.29	01:17:50.228	0.87318	0.87325			6
2025.09.29	01:17:51.600	0.87319	0.87324			6
2025.09.29	01:17:52.478		0.87326			4
2025.09.29	01:17:52.810		0.87325			4
2025.09.29	01:17:53.571		0.87326			4
2025.09.29	01:17:55.474		0.87325			4
2025.09.29	01:17:58.694		0.87326			4
2025.09.29	01:17:59.730	0.87318				2
2025.09.29	01:18:00.456	0.87319	0.87325			6
2025.09.29	01:18:01.443		0.87324			4
2025.09.29	01:18:03.322		0.87325			4
2025.09.29	01:18:04.913		0.87324			4
2025.09.29	01:18:06.951	0.87318	0.87325			6
2025.09.29	01:18:07.278	0.87319	0.87324			6
2025.09.29	01:18:08.117	0.87318				2
2025.09.29	01:18:08.706	0.87319	0.87326			6
2025.09.29	01:18:09.111	0.87318	0.87324			6
2025.09.29	01:18:10.587	0.87319	0.87325			6
2025.09.29	01:18:12.262		0.87324			4
2025.09.29	01:18:13.740		0.87326			4
2025.09.29	01:18:15.322		0.87325			4
2025.09.29	01:18:27.156		0.87326			4
2025.09.29	01:18:28.256		0.87325			4
2025.09.29	01:18:29.898	0.87320	0.87324			6
2025.09.29	01:18:30.249	0.87319	0.87326			6
2025.09.29	01:18:31.523		0.87325			4
2025.09.29	01:18:34.210		0.87323			4
2025.09.29	01:18:35.443		0.87324			4
2025.09.29	01:18:36.104		0.87325			4
2025.09.29	01:18:36.778		0.87323			4
2025.09.29	01:18:38.297		0.87324			4
2025.09.29	01:18:40.223		0.87323			4
2025.09.29	01:18:46.676		0.87325			4
2025.09.29	01:18:47.214		0.87324			4
2025.09.29	01:18:49.823		0.87323			4
2025.09.29	01:18:52.636		0.87325			4
2025.09.29	01:19:02.612	0.87318				2
2025.09.29	01:19:07.191	0.87317				2
2025.09.29	01:19:08.127	0.87318				2
2025.09.29	01:19:23.091	0.87319	0.87324			6
2025.09.29	01:19:23.409	0.87318				2
2025.09.29	01:19:24.540	0.87316	0.87321			6
2025.09.29	01:19:29.463	0.87315				2
2025.09.29	01:19:29.840	0.87314				2
2025.09.29	01:19:30.285	0.87315				2
2025.09.29	01:19:55.166	0.87316				2
2025.09.29	01:19:55.503	0.87315				2
2025.09.29	01:20:00.128	0.87319	0.87323			6
2025.09.29	01:20:00.439	0.87318				2
2025.09.29	01:20:00.941		0.87322			4
2025.09.29	01:20:01.261		0.87323			4
2025.09.29	01:20:01.591	0.87319				2
2025.09.29	01:20:01.920	0.87318	0.87322			6
2025.09.29	01:20:02.290	0.87317				2
2025.09.29	01:20:02.625		0.87323			4
2025.09.29	01:20:03.437	0.87318	0.87322			6
2025.09.29	01:20:04.724		0.87323			4
2025.09.29	01:20:05.130		0.87321			4
2025.09.29	01:20:05.463		0.87323			4
2025.09.29	01:20:07.321	0.87319				2
2025.09.29	01:20:08.367	0.87317	0.87321			6
2025.09.29	01:20:09.101	0.87318				2
2025.09.29	01:20:09.417	0.87317				2
2025.09.29	01:20:10.350	0.87318				2
2025.09.29	01:20:15.349		0.87323			4
2025.09.29	01:20:17.677		0.87322			4
2025.09.29	01:20:19.468		0.87323			4
2025.09.29	01:20:20.449		0.87322			4
2025.09.29	01:20:20.773		0.87323			4
2025.09.29	01:20:21.698		0.87322			4
2025.09.29	01:20:36.186	0.87317				2
2025.09.29	01:20:41.417	0.87318				2
2025.09.29	01:20:44.122		0.87323			4
2025.09.29	01:20:45.604		0.87322			4
2025.09.29	01:20:47.781	0.87317	0.87321			6
2025.09.29	01:21:00.272	0.87319	0.87323			6
2025.09.29	01:21:01.754	0.87316	0.87321			6
2025.09.29	01:21:02.106	0.87317	0.87320			6
2025.09.29	01:21:03.997	0.87319	0.87322			6
2025.09.29	01:21:12.345		0.87324			4
2025.09.29	01:21:15.024		0.87323			4
2025.09.29	01:21:15.391		0.87324			4
2025.09.29	01:21:19.373		0.87323			4
2025.09.29	01:21:22.066		0.87324			4
2025.09.29	01:21:24.066		0.87323			4
2025.09.29	01:21:28.337		0.87324			4
2025.09.29	01:21:30.432		0.87323			4
2025.09.29	01:21:32.518		0.87324			4
2025.09.29	01:21:32.821		0.87323			4
2025.09.29	01:21:39.127	0.87320	0.87324			6
2025.09.29	01:21:42.768	0.87319				2
2025.09.29	01:21:43.421	0.87320	0.87325			6
2025.09.29	01:21:51.727	0.87321				2
2025.09.29	01:21:52.543	0.87320	0.87324			6
2025.09.29	01:22:00.441	0.87320				2
2025.09.29	01:22:15.101		0.87325			4
2025.09.29	01:22:16.373		0.87324			4
2025.09.29	01:22:17.474	0.87319	0.87323			6
2025.09.29	01:22:27.023		0.87324			4
2025.09.29	01:22:29.597		0.87323			4
2025.09.29	01:22:32.546	0.87318				2
2025.09.29	01:22:32.890	0.87319	0.87324			6
2025.09.29	01:22:35.422	0.87318				2
2025.09.29	01:22:43.826	0.87317				2
2025.09.29	01:22:44.609	0.87318				2
2025.09.29	01:22:46.481	0.87316	0.87322			6
2025.09.29	01:22:47.757		0.87323			4
2025.09.29	01:22:50.632	0.87315				2
2025.09.29	01:22:52.823		0.87324			4
2025.09.29	01:22:55.524		0.87323			4
2025.09.29	01:22:56.808	0.87320	0.87325			6
2025.09.29	01:22:57.115	0.87321				2
2025.09.29	01:22:57.917	0.87319				2
2025.09.29	01:23:00.641	0.87321				2
2025.09.29	01:23:01.321	0.87319				2
2025.09.29	01:23:03.495	0.87321				2
2025.09.29	01:23:04.477	0.87319				2
2025.09.29	01:23:06.557	0.87321				2
2025.09.29	01:23:09.625	0.87320				2
2025.09.29	01:23:19.455	0.87319				2
2025.09.29	01:23:47.123		0.87326			4
2025.09.29	01:23:52.051	0.87320				2
2025.09.29	01:23:58.185	0.87321				2
2025.09.29	01:23:58.711	0.87322				2
2025.09.29	01:23:59.910	0.87323	0.87327			6
2025.09.29	01:24:00.425	0.87323	0.87329			6
2025.09.29	01:24:00.738	0.87324	0.87328			6
2025.09.29	01:24:08.627		0.87331			4
2025.09.29	01:24:08.945		0.87330			4
2025.09.29	01:24:09.910		0.87328			4
2025.09.29	01:24:14.119		0.87330			4
2025.09.29	01:24:15.446		0.87328			4
2025.09.29	01:24:20.055	0.87323				2
2025.09.29	01:24:21.949	0.87324				2
2025.09.29	01:24:26.951		0.87329			4
2025.09.29	01:24:36.565	0.87325	0.87328			6
2025.09.29	01:24:39.024		0.87329			4
2025.09.29	01:24:46.722	0.87324	0.87328			6
2025.09.29	01:24:48.572		0.87329			4
2025.09.29	01:24:51.024	0.87325				2
2025.09.29	01:24:54.025	0.87324				2
2025.09.29	01:24:56.043		0.87328			4
2025.09.29	01:25:00.323	0.87324	0.87329			6
2025.09.29	01:25:01.621	0.87323	0.87328			6
2025.09.29	01:25:02.028	0.87324				2
2025.09.29	01:25:05.089		0.87327			4
2025.09.29	01:25:12.861		0.87329			4
2025.09.29	01:25:20.864		0.87328			4
2025.09.29	01:25:22.824		0.87329			4
2025.09.29	01:25:30.190		0.87331			4
2025.09.29	01:25:31.369		0.87330			4
2025.09.29	01:25:40.622	0.87325	0.87329			6
2025.09.29	01:25:41.556	0.87324				2
2025.09.29	01:26:01.223	0.87324	0.87331			6
2025.09.29	01:26:01.644	0.87325	0.87330			6
2025.09.29	01:26:04.380	0.87324	0.87331			6
2025.09.29	01:26:11.863	0.87325				2
2025.09.29	01:26:12.570		0.87330			4
2025.09.29	01:26:15.324		0.87331			4
2025.09.29	01:26:18.389		0.87329			4
2025.09.29	01:26:33.945	0.87324				2
2025.09.29	01:26:34.582		0.87330			4
2025.09.29	01:26:35.731		0.87329			4
2025.09.29	01:26:39.023		0.87330			4
2025.09.29	01:26:40.031		0.87329			4
2025.09.29	01:26:41.089		0.87331			4
2025.09.29	01:26:42.434		0.87330			4
2025.09.29	01:26:45.381		0.87329			4
2025.09.29	01:26:47.053	0.87325	0.87331			6
2025.09.29	01:26:49.824		0.87330			4
2025.09.29	01:26:56.423		0.87331			4
2025.09.29	01:26:59.770	0.87324	0.87329			6
2025.09.29	01:27:00.072	0.87324				2
2025.09.29	01:27:00.462		0.87330			4
2025.09.29	01:27:02.214		0.87331			4
2025.09.29	01:27:03.308	0.87325	0.87330			6
2025.09.29	01:27:06.623		0.87331			4
2025.09.29	01:27:13.411		0.87330			4
2025.09.29	01:27:15.923		0.87331			4
2025.09.29	01:27:20.368	0.87324	0.87328			6
2025.09.29	01:27:20.777	0.87323	0.87327			6
2025.09.29	01:27:22.822	0.87324	0.87328			6
2025.09.29	01:27:23.405	0.87323	0.87327			6
2025.09.29	01:27:24.081	0.87322				2
2025.09.29	01:27:26.124	0.87324	0.87328			6
2025.09.29	01:27:26.688	0.87323	0.87327			6
2025.09.29	01:27:28.524	0.87324	0.87328			6
2025.09.29	01:27:30.389		0.87329			4
2025.09.29	01:27:31.262	0.87323	0.87327			6
2025.09.29	01:27:35.123	0.87324	0.87328			6
2025.09.29	01:27:46.440	0.87323				2
2025.09.29	01:27:46.752		0.87327			4
2025.09.29	01:27:49.541		0.87326			4
2025.09.29	01:27:51.668		0.87327			4
2025.09.29	01:27:53.754	0.87321	0.87325			6
2025.09.29	01:27:54.056	0.87320				2
2025.09.29	01:27:55.016	0.87321				2
2025.09.29	01:28:00.441	0.87321	0.87324			6
2025.09.29	01:28:00.754		0.87325			4
2025.09.29	01:28:05.723	0.87320	0.87324			6
2025.09.29	01:28:06.208		0.87325			4
2025.09.29	01:28:06.932	0.87319				2
2025.09.29	01:28:07.244	0.87320				2
2025.09.29	01:28:09.875	0.87319				2
2025.09.29	01:28:11.806	0.87320				2
2025.09.29	01:28:13.145		0.87324			4
2025.09.29	01:28:13.974	0.87321				2
2025.09.29	01:28:14.287	0.87320	0.87325			6
2025.09.29	01:28:15.434		0.87324			4
2025.09.29	01:28:16.825		0.87325			4
2025.09.29	01:28:21.185	0.87321	0.87324			6
2025.09.29	01:28:23.005	0.87320	0.87325			6
2025.09.29	01:28:31.597	0.87319	0.87324			6
2025.09.29	01:28:33.842	0.87318	0.87322			6
2025.09.29	01:28:35.472		0.87323			4
2025.09.29	01:28:37.465		0.87322			4
2025.09.29	01:28:45.361		0.87321			4
2025.09.29	01:28:48.623	0.87317				2
2025.09.29	01:29:00.629	0.87318	0.87322			6
2025.09.29	01:29:05.129	0.87319	0.87324			6
2025.09.29	01:29:06.327	0.87318	0.87322			6
2025.09.29	01:29:13.501		0.87323			4
2025.09.29	01:29:14.564	0.87319	0.87324			6
2025.09.29	01:29:15.405	0.87314	0.87321			6
2025.09.29	01:29:15.745		0.87320			4
2025.09.29	01:29:18.367	0.87312	0.87317			6
2025.09.29	01:29:21.626		0.87316			4
2025.09.29	01:30:00.451	0.87315	0.87319			6
2025.09.29	01:30:00.759	0.87316				2
2025.09.29	01:30:01.696		0.87320			4
2025.09.29	01:30:02.722		0.87319			4
2025.09.29	01:30:03.271	0.87317	0.87318			6
2025.09.29	01:30:06.484	0.87316	0.87319			6
2025.09.29	01:30:07.968		0.87320			4
2025.09.29	01:30:09.338	0.87317	0.87321			6
2025.09.29	01:30:20.541	0.87319	0.87323			6
2025.09.29	01:30:22.522		0.87324			4
2025.09.29	01:30:24.391		0.87323			4
2025.09.29	01:30:26.881	0.87317	0.87320			6
2025.09.29	01:30:27.220	0.87316				2
2025.09.29	01:30:30.459	0.87318	0.87321			6
2025.09.29	01:30:40.739		0.87322			4
2025.09.29	01:30:43.522		0.87323			4
2025.09.29	01:30:47.294		0.87322			4
2025.09.29	01:30:51.189	0.87319				2
2025.09.29	01:30:54.541	0.87317	0.87320			6
2025.09.29	01:30:55.980	0.87316				2
2025.09.29	01:31:00.023	0.87316				2
2025.09.29	01:31:04.982		0.87321			4
2025.09.29	01:31:06.229		0.87320			4
2025.09.29	01:31:06.543	0.87315				2
2025.09.29	01:31:07.243	0.87320	0.87323			6
2025.09.29	01:31:08.143	0.87319	0.87322			6
2025.09.29	01:31:09.402	0.87318				2
2025.09.29	01:31:12.623	0.87319				2
2025.09.29	01:31:15.323	0.87318				2
2025.09.29	01:31:18.926	0.87319				2
2025.09.29	01:31:22.822	0.87318				2
2025.09.29	01:31:30.096	0.87319				2
2025.09.29	01:31:33.322	0.87318				2
2025.09.29	01:31:37.824	0.87319				2
2025.09.29	01:31:42.859		0.87324			4
2025.09.29	01:31:45.314		0.87323			4
2025.09.29	01:31:48.125		0.87322			4
2025.09.29	01:31:50.337	0.87315	0.87319			6
2025.09.29	01:31:56.112		0.87318			4
2025.09.29	01:31:57.872	0.87316	0.87319			6
2025.09.29	01:32:00.111	0.87316				2
2025.09.29	01:32:02.771		0.87320			4
2025.09.29	01:32:04.540		0.87319			4
2025.09.29	01:32:08.207	0.87315				2
2025.09.29	01:32:11.722	0.87316				2
2025.09.29	01:32:19.723	0.87317	0.87320			6
2025.09.29	01:32:37.736		0.87319			4
2025.09.29	01:33:00.475	0.87317	0.87318			6
2025.09.29	01:33:02.491		0.87319			4
2025.09.29	01:33:12.692		0.87318			4
2025.09.29	01:33:20.583		0.87319			4
2025.09.29	01:33:42.408		0.87320			4
2025.09.29	01:33:42.726		0.87319			4
2025.09.29	01:33:49.223		0.87320			4
2025.09.29	01:33:49.606		0.87319			4
2025.09.29	01:34:00.004	0.87317				2
2025.09.29	01:34:00.339	0.87316	0.87318			6
2025.09.29	01:34:47.743	0.87318	0.87319			6
2025.09.29	01:34:53.722		0.87320			4
2025.09.29	01:34:54.276		0.87319			4
2025.09.29	01:35:00.348	0.87318				2
2025.09.29	01:35:00.684	0.87317				2
2025.09.29	01:35:16.077		0.87318			4
2025.09.29	01:35:21.764	0.87316				2
2025.09.29	01:35:24.586	0.87317	0.87319			6
2025.09.29	01:36:01.127	0.87317				2
2025.09.29	01:36:18.623	0.87318				2
2025.09.29	01:36:24.121		0.87320			4
2025.09.29	01:36:29.890		0.87321			4
2025.09.29	01:36:44.431		0.87322			4
2025.09.29	01:36:44.801		0.87321			4
2025.09.29	01:37:00.450	0.87318	0.87320			6
2025.09.29	01:37:02.196	0.87319	0.87322			6
2025.09.29	01:37:09.244	0.87320	0.87321			6
2025.09.29	01:37:14.236		0.87322			4
2025.09.29	01:37:56.610		0.87321			4
2025.09.29	01:37:57.657	0.87319	0.87320			6
2025.09.29	01:37:58.717	0.87318				2
2025.09.29	01:37:59.178	0.87319				2
2025.09.29	01:38:00.307	0.87319	0.87321			6
2025.09.29	01:38:00.611	0.87320	0.87322			6
2025.09.29	01:38:04.367		0.87323			4
2025.09.29	01:38:05.100	0.87319	0.87322			6
2025.09.29	01:38:13.088		0.87323			4
2025.09.29	01:38:13.392	0.87320	0.87322			6
2025.09.29	01:38:22.911	0.87319				2
2025.09.29	01:38:26.339	0.87320				2
2025.09.29	01:38:34.869	0.87319				2
2025.09.29	01:38:39.237	0.87320				2
2025.09.29	01:38:45.358	0.87319				2
2025.09.29	01:38:47.717	0.87320				2
2025.09.29	01:38:54.128		0.87323			4
2025.09.29	01:38:54.901	0.87319				2
2025.09.29	01:38:57.704	0.87320	0.87322			6
2025.09.29	01:39:00.436	0.87320				2
2025.09.29	01:39:01.605		0.87323			4
2025.09.29	01:39:03.443		0.87322			4
2025.09.29	01:39:03.750	0.87319				2
2025.09.29	01:39:08.571		0.87323			4
2025.09.29	01:39:11.458	0.87320				2
2025.09.29	01:39:12.322		0.87322			4
2025.09.29	01:39:17.392	0.87319				2
2025.09.29	01:40:00.664	0.87320				2
2025.09.29	01:40:08.802	0.87319	0.87321			6
2025.09.29	01:41:00.431	0.87318				2
2025.09.29	01:41:05.737	0.87319				2
2025.09.29	01:41:09.315		0.87321			4
2025.09.29	01:41:14.641	0.87318	0.87320			6
2025.09.29	01:41:28.855		0.87321			4
2025.09.29	01:41:29.169		0.87320			4
2025.09.29	01:41:45.381	0.87317				2
2025.09.29	01:41:45.892	0.87318				2
2025.09.29	01:41:54.547	0.87314	0.87316			6
2025.09.29	01:42:00.162	0.87314				2
2025.09.29	01:42:00.469	0.87313				2
2025.09.29	01:42:04.263	0.87314	0.87317			6
2025.09.29	01:42:07.287	0.87315				2
2025.09.29	01:42:12.076	0.87314				2
2025.09.29	01:42:24.023	0.87315				2
2025.09.29	01:42:39.851		0.87318			4
2025.09.29	01:43:00.433	0.87314	0.87316			6
2025.09.29	01:43:04.387		0.87317			4
2025.09.29	01:43:33.735	0.87315				2
2025.09.29	01:43:51.454		0.87318			4
2025.09.29	01:43:56.902	0.87316				2
2025.09.29	01:44:00.640	0.87316	0.87317			6
2025.09.29	01:44:23.252		0.87319			4
2025.09.29	01:44:28.296	0.87318				2
2025.09.29	01:44:40.897	0.87317	0.87318			6
2025.09.29	01:44:59.799	0.87318	0.87319			6
2025.09.29	01:45:00.637	0.87318				2
2025.09.29	01:45:03.434	0.87316	0.87318			6
2025.09.29	01:45:03.787		0.87317			4
2025.09.29	01:45:35.955		0.87318			4
2025.09.29	01:45:52.244		0.87317			4
2025.09.29	01:45:53.376	0.87317	0.87318			6
2025.09.29	01:45:58.448		0.87319			4
2025.09.29	01:46:00.356	0.87317	0.87318			6
2025.09.29	01:46:00.896		0.87319			4
2025.09.29	01:46:01.613		0.87318			4
2025.09.29	01:46:18.924		0.87319			4
2025.09.29	01:46:19.255		0.87318			4
2025.09.29	01:46:32.562	0.87319	0.87321			6
2025.09.29	01:46:33.001	0.87318	0.87322			6
2025.09.29	01:46:33.372	0.87319				2
2025.09.29	01:46:40.979	0.87318	0.87320			6
2025.09.29	01:46:43.844		0.87321			4
2025.09.29	01:46:51.578		0.87320			4
2025.09.29	01:47:00.227	0.87318				2
2025.09.29	01:47:01.402		0.87321			4
2025.09.29	01:47:11.485		0.87322			4
2025.09.29	01:47:12.762		0.87321			4
2025.09.29	01:47:18.930		0.87320			4
2025.09.29	01:47:27.082		0.87319			4
2025.09.29	01:47:31.478	0.87316	0.87317			6
2025.09.29	01:47:43.923	0.87317	0.87318			6
2025.09.29	01:47:44.924	0.87316				2
2025.09.29	01:47:45.369	0.87319	0.87320			6
2025.09.29	01:47:52.091	0.87318	0.87319			6
2025.09.29	01:48:00.323	0.87318				2
2025.09.29	01:48:16.824		0.87320			4
2025.09.29	01:48:25.254		0.87319			4
2025.09.29	01:48:34.970	0.87316	0.87317			6
2025.09.29	01:48:42.567		0.87318			4
2025.09.29	01:48:45.136		0.87317			4
2025.09.29	01:48:45.640	0.87317	0.87318			6
2025.09.29	01:48:53.472	0.87316	0.87317			6
2025.09.29	01:49:00.325	0.87316				2
2025.09.29	01:49:09.047		0.87318			4
2025.09.29	01:49:16.462		0.87317			4
2025.09.29	01:49:17.733	0.87314				2
2025.09.29	01:49:18.659	0.87316				2
2025.09.29	01:49:33.002	0.87317	0.87318			6
2025.09.29	01:49:47.330	0.87316	0.87317			6
2025.09.29	01:49:48.256	0.87315				2
2025.09.29	01:49:49.852	0.87314				2
2025.09.29	01:49:51.734	0.87315				2
2025.09.29	01:49:57.008	0.87314	0.87315			6
2025.09.29	01:50:00.584	0.87314				2
2025.09.29	01:50:01.608	0.87315	0.87318			6
2025.09.29	01:50:03.773		0.87317			4
2025.09.29	01:51:00.435	0.87314				2
2025.09.29	01:51:05.618		0.87317			4
2025.09.29	01:51:06.336	0.87315				2
2025.09.29	01:51:21.685	0.87314				2
2025.09.29	01:51:22.048	0.87315				2
2025.09.29	01:52:00.514	0.87315				2
2025.09.29	01:52:06.457		0.87317			4
2025.09.29	01:52:33.467	0.87314	0.87316			6
2025.09.29	01:52:34.697		0.87317			4
2025.09.29	01:52:54.462		0.87316			4
2025.09.29	01:53:00.472	0.87314				2
2025.09.29	01:53:18.243		0.87315			4
2025.09.29	01:53:26.422		0.87316			4
2025.09.29	01:53:45.385		0.87315			4
2025.09.29	01:53:45.857	0.87313				2
2025.09.29	01:53:47.468	0.87314	0.87316			6
2025.09.29	01:54:00.563	0.87314				2
2025.09.29	01:54:47.521		0.87316			4
2025.09.29	01:55:00.978	0.87314				2
2025.09.29	01:55:16.090		0.87315			4
2025.09.29	01:55:24.314		0.87316			4
2025.09.29	01:55:48.315	0.87315				2
2025.09.29	01:56:00.137	0.87315				2
2025.09.29	01:56:13.162	0.87316	0.87317			6
2025.09.29	01:56:22.068	0.87315				2
2025.09.29	01:57:00.987	0.87315				2
2025.09.29	01:57:12.794	0.87317	0.87318			6
2025.09.29	01:57:13.104	0.87316				2
2025.09.29	01:57:15.392	0.87317	0.87319			6
2025.09.29	01:57:16.069	0.87316	0.87318			6
2025.09.29	01:57:17.755	0.87317	0.87319			6
2025.09.29	01:57:18.506	0.87316	0.87318			6
2025.09.29	01:57:22.664	0.87317				2
2025.09.29	01:57:23.409	0.87316				2
2025.09.29	01:57:25.383		0.87317			4
2025.09.29	01:57:26.858		0.87318			4
2025.09.29	01:57:27.174		0.87317			4
2025.09.29	01:57:27.936		0.87318			4
2025.09.29	01:57:32.248	0.87317	0.87319			6
2025.09.29	01:57:40.002	0.87316	0.87318			6
2025.09.29	01:57:51.628	0.87317	0.87319			6
2025.09.29	01:57:51.963	0.87316	0.87318			6
2025.09.29	01:57:52.861	0.87317	0.87319			6
2025.09.29	01:57:54.108	0.87316	0.87318			6
2025.09.29	01:58:00.326	0.87316	0.87317			6
2025.09.29	01:58:06.322	0.87315				2
2025.09.29	01:58:46.163	0.87317	0.87319			6
2025.09.29	01:58:50.812	0.87316	0.87318			6
2025.09.29	01:58:53.400	0.87317	0.87319			6
2025.09.29	01:59:00.368	0.87317				2
2025.09.29	01:59:56.725		0.87319			4
2025.09.29	02:00:00.313	0.87316	0.87317			6
2025.09.29	02:00:02.309		0.87318			4
2025.09.29	02:00:28.133	0.87317				2
2025.09.29	02:00:28.786		0.87319			4
2025.09.29	02:00:39.739	0.87319	0.87320			6
2025.09.29	02:00:41.714		0.87321			4
2025.09.29	02:01:00.234	0.87319				2
2025.09.29	02:01:18.937	0.87320	0.87322			6
2025.09.29	02:01:31.938	0.87322	0.87324			6
2025.09.29	02:01:32.247	0.87320	0.87322			6
2025.09.29	02:01:40.547	0.87321				2
2025.09.29	02:01:43.648		0.87323			4
2025.09.29	02:01:46.523	0.87320				2
2025.09.29	02:01:49.959	0.87321				2
2025.09.29	02:01:51.296	0.87322	0.87324			6
2025.09.29	02:01:52.273		0.87323			4
2025.09.29	02:02:00.860	0.87322				2
2025.09.29	02:02:22.555	0.87323	0.87324			6
2025.09.29	02:02:27.896	0.87321	0.87323			6
2025.09.29	02:02:31.140	0.87323	0.87324			6
2025.09.29	02:02:41.427	0.87322	0.87323			6
2025.09.29	02:02:41.766	0.87323	0.87324			6
2025.09.29	02:02:42.156	0.87322	0.87323			6
2025.09.29	02:02:42.464	0.87323	0.87324			6
2025.09.29	02:02:49.871	0.87321	0.87322			6
2025.09.29	02:03:00.075	0.87321				2
2025.09.29	02:03:00.384	0.87322	0.87323			6
2025.09.29	02:03:00.704	0.87321	0.87322			6
2025.09.29	02:03:45.361	0.87322	0.87323			6
2025.09.29	02:04:00.857	0.87322				2
2025.09.29	02:04:11.776	0.87320	0.87321			6
2025.09.29	02:04:12.325	0.87321	0.87322			6
2025.09.29	02:04:32.243	0.87323	0.87324			6
2025.09.29	02:04:38.967	0.87319	0.87320			6
2025.09.29	02:04:44.704	0.87320	0.87321			6
2025.09.29	02:04:52.494	0.87319	0.87320			6
2025.09.29	02:04:59.118	0.87318	0.87319			6
2025.09.29	02:05:00.432	0.87318				2
2025.09.29	02:05:16.244	0.87324	0.87325			6
2025.09.29	02:05:19.592	0.87323	0.87324			6
2025.09.29	02:05:19.932	0.87322	0.87323			6
2025.09.29	02:05:34.792	0.87321	0.87322			6
2025.09.29	02:05:51.293	0.87319	0.87320			6
2025.09.29	02:05:52.397	0.87317	0.87319			6
2025.09.29	02:05:58.384		0.87318			4
2025.09.29	02:05:59.081	0.87316				2
2025.09.29	02:06:00.166	0.87317	0.87319			6
2025.09.29	02:06:02.370	0.87318				2
2025.09.29	02:06:15.481	0.87317				2
2025.09.29	02:07:00.674	0.87318	0.87319			6
2025.09.29	02:07:18.189	0.87313	0.87316			6
2025.09.29	02:07:18.497	0.87314	0.87315			6
2025.09.29	02:07:33.993	0.87313	0.87314			6
2025.09.29	02:07:37.480	0.87312	0.87313			6
2025.09.29	02:07:59.761	0.87313	0.87314			6
2025.09.29	02:08:00.420	0.87313				2
2025.09.29	02:08:11.169	0.87314	0.87315			6
2025.09.29	02:08:11.578	0.87315	0.87316			6
2025.09.29	02:08:36.600	0.87314	0.87315			6
2025.09.29	02:08:47.899	0.87317	0.87318			6
2025.09.29	02:08:48.211	0.87316				2
2025.09.29	02:08:58.273	0.87317				2
2025.09.29	02:09:00.644	0.87317				2
2025.09.29	02:09:52.216		0.87318			4
2025.09.29	02:10:00.439	0.87317				2
2025.09.29	02:10:01.917	0.87316				2
2025.09.29	02:10:02.542	0.87317				2
2025.09.29	02:10:04.959	0.87316				2
2025.09.29	02:10:11.123		0.87317			4
2025.09.29	02:10:16.761		0.87318			4
2025.09.29	02:10:21.108		0.87317			4
2025.09.29	02:10:42.947	0.87317	0.87318			6
2025.09.29	02:10:44.962	0.87316	0.87317			6
2025.09.29	02:10:57.952	0.87317	0.87318			6
2025.09.29	02:10:59.267	0.87316	0.87317			6
2025.09.29	02:11:02.216	0.87316	0.87318			6
2025.09.29	02:11:14.076	0.87317				2
2025.09.29	02:11:18.277	0.87315				2
2025.09.29	02:11:19.321	0.87316				2
2025.09.29	02:11:19.860	0.87319	0.87321			6
2025.09.29	02:11:20.406	0.87318	0.87320			6
2025.09.29	02:11:21.172	0.87319	0.87321			6
2025.09.29	02:11:35.775		0.87322			4
2025.09.29	02:11:39.214		0.87321			4
2025.09.29	02:11:40.036		0.87320			4
2025.09.29	02:11:55.241		0.87321			4
2025.09.29	02:12:00.303	0.87319				2
2025.09.29	02:12:10.537		0.87320			4
2025.09.29	02:12:10.886		0.87321			4
2025.09.29	02:12:40.542		0.87320			4
2025.09.29	02:13:00.692	0.87319				2
2025.09.29	02:13:09.095		0.87321			4
2025.09.29	02:14:00.372	0.87319				2
2025.09.29	02:14:10.427		0.87321			4
2025.09.29	02:14:50.740	0.87322	0.87325			6
2025.09.29	02:14:56.494	0.87319	0.87321			6
2025.09.29	02:15:00.307	0.87319				2
2025.09.29	02:15:01.582	0.87320				2
2025.09.29	02:15:07.668	0.87321	0.87323			6
2025.09.29	02:15:09.206	0.87320	0.87322			6
2025.09.29	02:15:11.876	0.87319				2
2025.09.29	02:15:16.640	0.87320				2
2025.09.29	02:15:32.349	0.87319				2
2025.09.29	02:15:41.439	0.87320				2
2025.09.29	02:16:00.453	0.87321				2
2025.09.29	02:16:09.590		0.87322			4
2025.09.29	02:16:10.299	0.87320				2
2025.09.29	02:16:19.522	0.87319				2
2025.09.29	02:16:20.806	0.87320				2
2025.09.29	02:16:22.751	0.87319				2
2025.09.29	02:16:26.442		0.87321			4
2025.09.29	02:16:28.302		0.87320			4
2025.09.29	02:16:28.826	0.87318	0.87319			6
2025.09.29	02:16:37.160	0.87314	0.87315			6
2025.09.29	02:16:44.811	0.87313	0.87314			6
2025.09.29	02:16:45.874	0.87315	0.87317			6
2025.09.29	02:16:47.380		0.87316			4
2025.09.29	02:16:48.392	0.87314	0.87315			6
2025.09.29	02:16:49.020	0.87312	0.87314			6
2025.09.29	02:16:49.330	0.87313				2
2025.09.29	02:17:00.440	0.87313				2
2025.09.29	02:17:06.015	0.87312				2
2025.09.29	02:17:10.221	0.87313				2
2025.09.29	02:17:13.309	0.87311				2
2025.09.29	02:17:14.012	0.87312				2
2025.09.29	02:17:15.962	0.87315	0.87316			6
2025.09.29	02:17:28.831	0.87316	0.87318			6
2025.09.29	02:17:30.058	0.87317	0.87319			6
2025.09.29	02:17:38.606	0.87316				2
2025.09.29	02:17:44.016	0.87317				2
2025.09.29	02:17:49.476	0.87316	0.87318			6
2025.09.29	02:17:50.386	0.87317				2
2025.09.29	02:17:54.325	0.87316				2
2025.09.29	02:18:00.235	0.87316				2
2025.09.29	02:18:04.376		0.87317			4
2025.09.29	02:18:17.697		0.87318			4
2025.09.29	02:18:48.196		0.87319			4
2025.09.29	02:18:52.590		0.87318			4
2025.09.29	02:18:54.344		0.87317			4
2025.09.29	02:18:59.203	0.87315	0.87316			6
2025.09.29	02:19:00.724	0.87315				2
2025.09.29	02:19:42.771	0.87314	0.87315			6
2025.09.29	02:19:58.466	0.87316	0.87317			6
2025.09.29	02:19:58.801	0.87314	0.87315			6
2025.09.29	02:20:00.143	0.87314				2
2025.09.29	02:20:00.460	0.87313	0.87314			6
2025.09.29	02:20:13.954	0.87314	0.87315			6
2025.09.29	02:21:00.439	0.87314				2
2025.09.29	02:21:10.772		0.87316			4
2025.09.29	02:21:18.582		0.87315			4
2025.09.29	02:21:29.753		0.87316			4
2025.09.29	02:21:39.323		0.87315			4
2025.09.29	02:21:39.717	0.87315	0.87316			6
2025.09.29	02:21:45.134	0.87317	0.87318			6
2025.09.29	02:21:45.439	0.87315	0.87317			6
2025.09.29	02:21:48.466		0.87316			4
2025.09.29	02:22:00.412	0.87315				2
2025.09.29	02:22:00.719		0.87317			4
2025.09.29	02:22:01.981	0.87316				2
2025.09.29	02:22:02.417	0.87315				2
2025.09.29	02:22:08.086		0.87316			4
2025.09.29	02:22:14.863	0.87316	0.87318			6
2025.09.29	02:22:28.552		0.87317			4
2025.09.29	02:22:32.425		0.87318			4
2025.09.29	02:22:43.784	0.87315	0.87316			6
2025.09.29	02:22:45.204	0.87316	0.87317			6
2025.09.29	02:23:00.428	0.87315	0.87316			6
2025.09.29	02:23:44.801	0.87313	0.87314			6
2025.09.29	02:23:45.105	0.87315	0.87316			6
2025.09.29	02:24:00.237	0.87315				2
2025.09.29	02:24:46.393		0.87316			4
2025.09.29	02:24:48.584	0.87314				2
2025.09.29	02:24:51.589		0.87315			4
2025.09.29	02:24:54.417	0.87313				2
2025.09.29	02:24:54.722	0.87314	0.87316			6
2025.09.29	02:24:56.530	0.87313	0.87314			6
2025.09.29	02:25:00.436	0.87313				2
2025.09.29	02:25:03.614	0.87314	0.87315			6
2025.09.29	02:25:05.733	0.87313				2
2025.09.29	02:25:17.629		0.87314			4
2025.09.29	02:25:18.612		0.87315			4
2025.09.29	02:25:18.920	0.87314				2
2025.09.29	02:25:20.350	0.87315	0.87316			6
2025.09.29	02:25:30.036	0.87314	0.87315			6
2025.09.29	02:25:34.462	0.87315	0.87316			6
2025.09.29	02:25:34.936	0.87314	0.87315			6
2025.09.29	02:25:48.420	0.87315	0.87316			6
2025.09.29	02:25:49.959	0.87313	0.87314			6
2025.09.29	02:25:53.516	0.87314	0.87315			6
2025.09.29	02:25:54.324		0.87316			4
2025.09.29	02:25:54.676		0.87315			4
2025.09.29	02:25:54.984	0.87313	0.87314			6
2025.09.29	02:25:56.322	0.87314	0.87315			6
2025.09.29	02:25:59.968	0.87313	0.87314			6
2025.09.29	02:26:00.887	0.87313	0.87315			6
2025.09.29	02:26:01.410	0.87314				2
2025.09.29	02:26:02.648	0.87313				2
2025.09.29	02:26:04.718	0.87312	0.87313			6
2025.09.29	02:26:07.866	0.87313	0.87314			6
2025.09.29	02:26:11.951	0.87312	0.87313			6
2025.09.29	02:26:19.738		0.87314			4
2025.09.29	02:26:20.108	0.87311	0.87312			6
2025.09.29	02:26:20.420	0.87313	0.87314			6
2025.09.29	02:26:23.256	0.87311	0.87312			6
2025.09.29	02:26:23.611	0.87312	0.87313			6
2025.09.29	02:26:27.069	0.87313	0.87314			6
2025.09.29	02:26:33.889	0.87312	0.87313			6
2025.09.29	02:26:34.211	0.87310	0.87312			6
2025.09.29	02:26:37.822	0.87311				2
2025.09.29	02:26:44.212	0.87314	0.87315			6
2025.09.29	02:26:45.840	0.87313				2
2025.09.29	02:26:48.474		0.87314			4
2025.09.29	02:27:06.554	0.87313				2
2025.09.29	02:27:11.806	0.87311	0.87312			6
2025.09.29	02:27:12.274	0.87310	0.87311			6
2025.09.29	02:27:12.605	0.87311	0.87312			6
2025.09.29	02:27:12.978	0.87310	0.87311			6
2025.09.29	02:27:14.319	0.87308	0.87310			6
2025.09.29	02:27:14.678	0.87309				2
2025.09.29	02:27:20.151	0.87310	0.87311			6
2025.09.29	02:27:24.085	0.87311	0.87312			6
2025.09.29	02:27:25.695	0.87310				2
2025.09.29	02:27:37.371	0.87311	0.87313			6
2025.09.29	02:27:45.424		0.87312			4
2025.09.29	02:27:46.126	0.87308	0.87311			6
2025.09.29	02:27:46.993	0.87309				2
2025.09.29	02:27:49.762	0.87307	0.87310			6
2025.09.29	02:27:50.476	0.87310	0.87311			6
2025.09.29	02:27:52.346	0.87309	0.87310			6
2025.09.29	02:28:00.881	0.87309				2
2025.09.29	02:28:10.112		0.87311			4
2025.09.29	02:28:19.153		0.87312			4
2025.09.29	02:28:21.803	0.87310				2
2025.09.29	02:28:28.425	0.87309				2
2025.09.29	02:28:41.006	0.87310	0.87311			6
2025.09.29	02:28:42.665	0.87309				2
2025.09.29	02:28:52.308		0.87312			4
2025.09.29	02:29:00.704	0.87309				2
2025.09.29	02:29:01.387	0.87310				2
2025.09.29	02:29:01.708	0.87311				2
2025.09.29	02:29:08.745	0.87310				2
2025.09.29	02:29:11.690		0.87311			4
2025.09.29	02:29:12.217		0.87312			4
2025.09.29	02:29:12.651		0.87311			4
2025.09.29	02:29:13.777	0.87309				2
2025.09.29	02:29:15.371	0.87310				2
2025.09.29	02:29:16.026	0.87311	0.87312			6
2025.09.29	02:29:19.563	0.87310				2
2025.09.29	02:29:22.563	0.87311				2
2025.09.29	02:29:25.484	0.87312	0.87313			6
2025.09.29	02:29:37.876	0.87311	0.87312			6
2025.09.29	02:29:46.416	0.87313	0.87314			6
2025.09.29	02:29:47.297	0.87312	0.87313			6
2025.09.29	02:29:52.104	0.87311	0.87312			6
2025.09.29	02:29:55.875	0.87312	0.87313			6
2025.09.29	02:30:00.091	0.87312				2
2025.09.29	02:30:04.273	0.87311	0.87312			6
2025.09.29	02:30:18.890	0.87312	0.87313			6
2025.09.29	02:30:39.503		0.87314			4
2025.09.29	02:30:51.888	0.87308	0.87310			6
2025.09.29	02:30:52.198	0.87310	0.87311			6
2025.09.29	02:31:00.665	0.87310				2
2025.09.29	02:31:01.048	0.87315	0.87316			6
2025.09.29	02:31:02.254	0.87316	0.87317			6
2025.09.29	02:31:02.563	0.87315	0.87316			6
2025.09.29	02:31:04.569	0.87316	0.87317			6
2025.09.29	02:31:36.755		0.87318			4
2025.09.29	02:31:39.018		0.87317			4
2025.09.29	02:31:48.386		0.87318			4
2025.09.29	02:31:48.698		0.87317			4
2025.09.29	02:31:50.296	0.87315	0.87318			6
2025.09.29	02:31:50.637	0.87316				2
2025.09.29	02:31:53.109	0.87317				2
2025.09.29	02:31:54.706	0.87316				2
2025.09.29	02:31:57.411		0.87317			4
2025.09.29	02:32:00.451	0.87316				2
2025.09.29	02:32:03.826	0.87317	0.87318			6
2025.09.29	02:32:52.801	0.87315	0.87316			6
2025.09.29	02:32:53.103	0.87317	0.87318			6
2025.09.29	02:33:00.405	0.87317				2
2025.09.29	02:33:07.362	0.87316	0.87317			6
2025.09.29	02:33:14.178	0.87315	0.87316			6
2025.09.29	02:33:19.898	0.87316	0.87317			6
2025.09.29	02:33:20.221	0.87315	0.87316			6
2025.09.29	02:33:24.095	0.87312	0.87313			6
2025.09.29	02:33:25.735	0.87313	0.87314			6
2025.09.29	02:33:27.474	0.87312	0.87313			6
2025.09.29	02:33:31.470	0.87311	0.87312			6
2025.09.29	02:33:50.916	0.87310	0.87311			6
2025.09.29	02:33:51.501	0.87311	0.87312			6
2025.09.29	02:34:00.574	0.87311				2
2025.09.29	02:34:05.987	0.87313	0.87314			6
2025.09.29	02:34:09.324		0.87315			4
2025.09.29	02:34:13.956	0.87314				2
2025.09.29	02:34:15.045	0.87313	0.87314			6
2025.09.29	02:34:16.103	0.87312				2
2025.09.29	02:34:17.093		0.87313			4
2025.09.29	02:34:33.940	0.87311	0.87312			6
2025.09.29	02:34:59.968	0.87310	0.87311			6
2025.09.29	02:35:00.376	0.87311	0.87312			6
2025.09.29	02:35:00.786	0.87310	0.87311			6
2025.09.29	02:35:01.479	0.87311	0.87312			6
2025.09.29	02:35:01.875	0.87310	0.87311			6
2025.09.29	02:35:02.280	0.87311	0.87312			6
2025.09.29	02:35:12.922	0.87310	0.87311			6
2025.09.29	02:35:13.329	0.87311	0.87312			6
2025.09.29	02:35:13.737	0.87309	0.87310			6
2025.09.29	02:35:14.145	0.87311	0.87312			6
2025.09.29	02:35:14.556	0.87310	0.87311			6
2025.09.29	02:35:14.960	0.87311	0.87312			6
2025.09.29	02:35:17.784		0.87313			4
2025.09.29	02:35:25.331		0.87312			4
2025.09.29	02:35:25.738		0.87313			4
2025.09.29	02:35:26.417	0.87310	0.87311			6
2025.09.29	02:35:26.825	0.87311	0.87313			6
2025.09.29	02:35:27.234		0.87312			4
2025.09.29	02:35:27.645		0.87313			4
2025.09.29	02:35:28.050		0.87312			4
2025.09.29	02:35:28.460		0.87313			4
2025.09.29	02:35:49.306	0.87312	0.87314			6
2025.09.29	02:35:51.335	0.87311	0.87312			6
2025.09.29	02:35:58.723		0.87313			4
2025.09.29	02:36:00.359	0.87311				2
2025.09.29	02:36:05.488	0.87312	0.87314			6
2025.09.29	02:36:08.801		0.87313			4
2025.09.29	02:36:09.715	0.87311				2
2025.09.29	02:36:21.183		0.87312			4
2025.09.29	02:36:46.292	0.87308				2
2025.09.29	02:36:48.800	0.87309				2
2025.09.29	02:37:00.000	0.87309				2
2025.09.29	02:37:00.453	0.87310				2
2025.09.29	02:37:05.542	0.87309				2
2025.09.29	02:37:07.093	0.87310				2
2025.09.29	02:37:10.267	0.87311				2
2025.09.29	02:37:10.805	0.87309	0.87311			6
2025.09.29	02:37:15.699	0.87311	0.87312			6
2025.09.29	02:37:22.952	0.87312	0.87314			6
2025.09.29	02:37:24.977		0.87313			4
2025.09.29	02:37:29.548	0.87310	0.87311			6
2025.09.29	02:37:46.702	0.87311	0.87312			6
2025.09.29	02:37:47.977	0.87310	0.87311			6
2025.09.29	02:37:52.932	0.87311	0.87312			6
2025.09.29	02:38:00.002	0.87310	0.87311			6
