<DATE>	<TIME>	<BID>	<ASK>	<LAST>	<VOLUME>	<FLAGS>
2025.05.29	00:03:31.039	0.83788	0.83941			6
2025.05.29	00:04:10.404	0.83788				2
2025.05.29	00:04:32.987		0.83941			4
2025.05.29	00:05:00.565	0.83788				2
2025.05.29	00:05:13.821	0.83787				2
2025.05.29	00:05:36.096		0.83941			4
2025.05.29	00:06:01.219	0.83787				2
2025.05.29	00:06:48.088		0.83941			4
2025.05.29	00:07:02.843	0.83787				2
2025.05.29	00:07:49.634		0.83941			4
2025.05.29	00:08:00.067	0.83787				2
2025.05.29	00:08:49.777		0.83941			4
2025.05.29	00:09:03.346	0.83787				2
2025.05.29	00:09:18.776		0.83940			4
2025.05.29	00:09:20.443	0.83790				2
2025.05.29	00:09:31.566	0.83791	0.83923			6
2025.05.29	00:10:00.338	0.83809	0.83920			6
2025.05.29	00:10:01.450		0.83928			4
2025.05.29	00:10:06.607		0.83929			4
2025.05.29	00:10:07.859	0.83810	0.83927			6
2025.05.29	00:10:08.800	0.83809	0.83928			6
2025.05.29	00:10:12.606	0.83802	0.83895			6
2025.05.29	00:10:27.741	0.83801	0.83893			6
2025.05.29	00:10:53.456	0.83797	0.83901			6
2025.05.29	00:10:55.174	0.83809	0.83928			6
2025.05.29	00:10:58.677	0.83801	0.83893			6
2025.05.29	00:10:59.307	0.83809	0.83928			6
2025.05.29	00:11:01.126	0.83809				2
2025.05.29	00:11:05.466	0.83801	0.83893			6
2025.05.29	00:11:06.412	0.83809	0.83928			6
2025.05.29	00:11:12.546	0.83801	0.83893			6
2025.05.29	00:11:13.173	0.83809	0.83928			6
2025.05.29	00:11:17.549	0.83810				2
2025.05.29	00:11:18.676		0.83927			4
2025.05.29	00:11:19.678	0.83801	0.83893			6
2025.05.29	00:11:20.581	0.83810	0.83928			6
2025.05.29	00:11:26.540	0.83802	0.83893			6
2025.05.29	00:11:27.188	0.83810	0.83928			6
2025.05.29	00:11:29.251	0.83809				2
2025.05.29	00:11:32.848	0.83810				2
2025.05.29	00:11:36.449	0.83811	0.83926			6
2025.05.29	00:11:39.452	0.83810	0.83927			6
2025.05.29	00:11:50.247	0.83812	0.83928			6
2025.05.29	00:11:56.848	0.83813				2
2025.05.29	00:11:58.031	0.83816	0.83927			6
2025.05.29	00:12:00.719	0.83817	0.83922			6
2025.05.29	00:12:03.966	0.83818				2
2025.05.29	00:12:09.628	0.83819				2
2025.05.29	00:12:58.886		0.83915			4
2025.05.29	00:13:02.364	0.83819				2
2025.05.29	00:13:41.549		0.83916			4
2025.05.29	00:13:46.455	0.83818				2
2025.05.29	00:14:01.950	0.83818				2
2025.05.29	00:14:03.449		0.83922			4
2025.05.29	00:15:00.448	0.83818				2
2025.05.29	00:15:03.748		0.83922			4
2025.05.29	00:17:00.781	0.83819	0.83924			6
2025.05.29	00:18:03.826	0.83819	0.83924			6
2025.05.29	00:18:37.823	0.83814	0.83923			6
2025.05.29	00:18:48.164	0.83813	0.83924			6
2025.05.29	00:18:59.844	0.83812				2
2025.05.29	00:19:00.847	0.83812				2
2025.05.29	00:19:03.751	0.83813				2
2025.05.29	00:19:20.549	0.83812				2
2025.05.29	00:19:43.922	0.83811				2
2025.05.29	00:19:46.655	0.83812				2
2025.05.29	00:19:51.654		0.83924			4
2025.05.29	00:20:01.351	0.83812				2
2025.05.29	00:20:09.961	0.83811				2
2025.05.29	00:20:10.352	0.83812				2
2025.05.29	00:20:20.400	0.83811				2
2025.05.29	00:20:21.147	0.83812				2
2025.05.29	00:20:26.400	0.83810				2
2025.05.29	00:20:48.825	0.83809				2
2025.05.29	00:20:51.748	0.83810	0.83924			6
2025.05.29	00:20:58.841	0.83809				2
2025.05.29	00:20:59.849	0.83810				2
2025.05.29	00:21:03.640	0.83810				2
2025.05.29	00:21:24.048	0.83809				2
2025.05.29	00:21:25.515	0.83810				2
2025.05.29	00:21:52.347		0.83924			4
2025.05.29	00:21:58.950	0.83809				2
2025.05.29	00:22:00.883	0.83809				2
2025.05.29	00:22:02.642	0.83808				2
2025.05.29	00:22:24.046	0.83809				2
2025.05.29	00:22:27.445	0.83808				2
2025.05.29	00:22:54.148		0.83924			4
2025.05.29	00:23:08.847	0.83808				2
2025.05.29	00:23:58.358		0.83924			4
2025.05.29	00:24:01.319	0.83808				2
2025.05.29	00:24:05.849	0.83809				2
2025.05.29	00:24:56.468	0.83808				2
2025.05.29	00:25:00.309	0.83808	0.83924			6
2025.05.29	00:25:59.517		0.83925			4
2025.05.29	00:26:01.947	0.83808				2
2025.05.29	00:26:03.386	0.83810	0.83924			6
2025.05.29	00:26:05.250	0.83809				2
2025.05.29	00:26:15.789	0.83808	0.83925			6
2025.05.29	00:26:17.353	0.83809	0.83924			6
2025.05.29	00:26:32.422	0.83807	0.83925			6
2025.05.29	00:26:42.462		0.83919			4
2025.05.29	00:27:00.678	0.83807				2
2025.05.29	00:27:10.846	0.83809	0.83924			6
2025.05.29	00:27:23.616	0.83812	0.83923			6
2025.05.29	00:27:24.108	0.83814				2
2025.05.29	00:27:33.450		0.83917			4
2025.05.29	00:27:46.299	0.83812				2
2025.05.29	00:27:46.743	0.83813				2
2025.05.29	00:27:47.726	0.83814				2
2025.05.29	00:27:48.733	0.83815				2
2025.05.29	00:28:00.158	0.83815				2
2025.05.29	00:28:08.459	0.83814	0.83916			6
2025.05.29	00:28:09.152	0.83816	0.83914			6
2025.05.29	00:28:09.920	0.83814	0.83911			6
2025.05.29	00:28:10.425	0.83813				2
2025.05.29	00:28:10.875	0.83814	0.83910			6
2025.05.29	00:28:11.283		0.83911			4
2025.05.29	00:28:11.736	0.83813	0.83912			6
2025.05.29	00:28:12.104	0.83814	0.83911			6
2025.05.29	00:28:12.587	0.83813	0.83912			6
2025.05.29	00:28:12.955	0.83814	0.83910			6
2025.05.29	00:28:13.276	0.83815				2
2025.05.29	00:28:13.876	0.83814	0.83911			6
2025.05.29	00:28:15.149	0.83813	0.83912			6
2025.05.29	00:28:15.628		0.83911			4
2025.05.29	00:28:16.874	0.83814				2
2025.05.29	00:28:18.383	0.83812	0.83913			6
2025.05.29	00:28:19.370	0.83811	0.83914			6
2025.05.29	00:28:22.351		0.83913			4
2025.05.29	00:28:34.390		0.83914			4
2025.05.29	00:28:36.377		0.83913			4
2025.05.29	00:28:50.791	0.83810	0.83897			6
2025.05.29	00:28:53.370	0.83812	0.83899			6
2025.05.29	00:29:00.146	0.83812				2
2025.05.29	00:29:13.347		0.83898			4
2025.05.29	00:30:00.309	0.83812				2
2025.05.29	00:30:13.396		0.83898			4
2025.05.29	00:30:14.348	0.83813				2
2025.05.29	00:31:01.473	0.83813				2
2025.05.29	00:31:07.979	0.83815	0.83903			6
2025.05.29	00:31:14.807	0.83813	0.83904			6
2025.05.29	00:31:19.517	0.83811	0.83906			6
2025.05.29	00:31:19.950	0.83813	0.83905			6
2025.05.29	00:31:20.383	0.83811	0.83906			6
2025.05.29	00:31:22.049	0.83812	0.83905			6
2025.05.29	00:31:24.383	0.83811	0.83906			6
2025.05.29	00:31:25.382	0.83812	0.83905			6
2025.05.29	00:31:26.549	0.83811	0.83906			6
2025.05.29	00:31:29.884	0.83812	0.83905			6
2025.05.29	00:31:30.356	0.83811	0.83906			6
2025.05.29	00:31:31.332	0.83812	0.83905			6
2025.05.29	00:31:35.396	0.83811	0.83906			6
2025.05.29	00:31:37.348	0.83812	0.83905			6
2025.05.29	00:31:39.744	0.83811	0.83906			6
2025.05.29	00:31:44.386	0.83812	0.83905			6
2025.05.29	00:31:45.386	0.83811	0.83906			6
2025.05.29	00:31:46.175	0.83812	0.83905			6
2025.05.29	00:31:47.384	0.83811	0.83906			6
2025.05.29	00:31:48.882	0.83812	0.83905			6
2025.05.29	00:31:50.852	0.83811	0.83906			6
2025.05.29	00:31:53.886	0.83812	0.83905			6
2025.05.29	00:31:56.348	0.83811	0.83906			6
2025.05.29	00:31:57.151	0.83812	0.83905			6
2025.05.29	00:31:58.386	0.83811	0.83906			6
2025.05.29	00:32:00.382	0.83811				2
2025.05.29	00:32:01.948	0.83812				2
2025.05.29	00:32:03.749	0.83811				2
2025.05.29	00:32:04.899	0.83812	0.83905			6
2025.05.29	00:32:05.395	0.83811	0.83906			6
2025.05.29	00:32:07.048	0.83812				2
2025.05.29	00:32:09.884		0.83905			4
2025.05.29	00:32:10.649	0.83811	0.83906			6
2025.05.29	00:32:13.357	0.83812				2
2025.05.29	00:32:14.383	0.83811				2
2025.05.29	00:32:21.783	0.83812	0.83904			6
2025.05.29	00:32:23.844	0.83811				2
2025.05.29	00:32:25.945	0.83812				2
2025.05.29	00:32:28.387	0.83811				2
2025.05.29	00:32:29.885	0.83812				2
2025.05.29	00:32:31.383	0.83811				2
2025.05.29	00:32:33.869	0.83812				2
2025.05.29	00:32:35.549	0.83811				2
2025.05.29	00:32:37.349	0.83812				2
2025.05.29	00:32:39.391	0.83811				2
2025.05.29	00:32:40.886	0.83812				2
2025.05.29	00:32:42.449	0.83811				2
2025.05.29	00:32:44.248	0.83812				2
2025.05.29	00:32:46.422	0.83811				2
2025.05.29	00:32:48.149	0.83812				2
2025.05.29	00:32:50.383	0.83811				2
2025.05.29	00:32:51.881	0.83812				2
2025.05.29	00:32:53.548	0.83811				2
2025.05.29	00:32:55.354	0.83812				2
2025.05.29	00:32:59.380	0.83811				2
2025.05.29	00:33:01.048	0.83812				2
2025.05.29	00:33:03.393	0.83811				2
2025.05.29	00:33:05.251	0.83812				2
2025.05.29	00:33:05.763	0.83813	0.83905			6
2025.05.29	00:33:10.351	0.83812	0.83906			6
2025.05.29	00:34:39.266	0.83814	0.83898			6
2025.05.29	00:34:45.140	0.83815	0.83897			6
2025.05.29	00:34:53.848	0.83814	0.83898			6
2025.05.29	00:35:00.400	0.83814				2
2025.05.29	00:35:38.921	0.83813	0.83899			6
2025.05.29	00:35:46.943	0.83814	0.83898			6
2025.05.29	00:36:00.357	0.83814				2
2025.05.29	00:36:04.648		0.83897			4
2025.05.29	00:36:05.779	0.83811	0.83900			6
2025.05.29	00:36:08.658	0.83812				2
2025.05.29	00:36:08.992	0.83813				2
2025.05.29	00:36:09.298		0.83899			4
2025.05.29	00:36:09.795	0.83814	0.83898			6
2025.05.29	00:36:10.386		0.83897			4
2025.05.29	00:36:13.666	0.83808	0.83891			6
2025.05.29	00:36:19.949	0.83814	0.83897			6
2025.05.29	00:36:56.651	0.83811	0.83899			6
2025.05.29	00:36:58.386	0.83813	0.83898			6
2025.05.29	00:37:00.361	0.83813	0.83897			6
2025.05.29	00:37:00.965	0.83814	0.83896			6
2025.05.29	00:37:42.244	0.83813	0.83897			6
2025.05.29	00:37:43.669		0.83898			4
2025.05.29	00:37:47.086	0.83812				2
2025.05.29	00:37:50.354	0.83813				2
2025.05.29	00:37:51.757	0.83814	0.83897			6
2025.05.29	00:37:52.433		0.83896			4
2025.05.29	00:38:07.944	0.83814				2
2025.05.29	00:38:23.848		0.83897			4
2025.05.29	00:38:38.850		0.83896			4
2025.05.29	00:38:47.968	0.83811	0.83894			6
2025.05.29	00:38:52.426		0.83893			4
2025.05.29	00:38:52.874	0.83813	0.83895			6
2025.05.29	00:39:02.295	0.83813				2
2025.05.29	00:39:54.228		0.83895			4
2025.05.29	00:39:58.070	0.83812	0.83896			6
2025.05.29	00:40:00.615	0.83812				2
2025.05.29	00:40:06.455	0.83813	0.83895			6
2025.05.29	00:40:10.947	0.83812	0.83896			6
2025.05.29	00:40:27.447	0.83813				2
2025.05.29	00:40:29.548	0.83812				2
2025.05.29	00:40:33.962	0.83809	0.83890			6
2025.05.29	00:40:38.176	0.83811	0.83892			6
2025.05.29	00:40:39.046	0.83810	0.83890			6
2025.05.29	00:40:46.049		0.83889			4
2025.05.29	00:40:57.084	0.83811	0.83890			6
2025.05.29	00:41:05.199	0.83811	0.83889			6
2025.05.29	00:41:08.904	0.83808	0.83897			6
2025.05.29	00:41:09.465		0.83893			4
2025.05.29	00:41:15.816	0.83812	0.83890			6
2025.05.29	00:41:27.448		0.83889			4
2025.05.29	00:42:05.852	0.83813	0.83888			6
2025.05.29	00:43:01.315	0.83813				2
2025.05.29	00:43:01.956	0.83814				2
2025.05.29	00:43:07.525		0.83888			4
2025.05.29	00:43:08.735		0.83887			4
2025.05.29	00:43:48.196	0.83815	0.83888			6
2025.05.29	00:44:05.205	0.83815				2
2025.05.29	00:44:05.897	0.83810	0.83882			6
2025.05.29	00:44:07.001	0.83811	0.83883			6
2025.05.29	00:44:08.737	0.83810	0.83882			6
2025.05.29	00:44:10.406	0.83813	0.83885			6
2025.05.29	00:44:23.987	0.83807	0.83879			6
2025.05.29	00:44:25.054	0.83808				2
2025.05.29	00:44:27.147	0.83807				2
2025.05.29	00:44:38.851		0.83878			4
2025.05.29	00:44:53.550	0.83808				2
2025.05.29	00:44:59.534	0.83811	0.83881			6
2025.05.29	00:45:00.370	0.83811				2
2025.05.29	00:45:00.698	0.83816	0.83898			6
2025.05.29	00:45:02.213	0.83811	0.83881			6
2025.05.29	00:45:04.655	0.83816	0.83898			6
2025.05.29	00:45:08.811	0.83828	0.83886			6
2025.05.29	00:46:00.464	0.83828	0.83873			6
2025.05.29	00:46:02.278		0.83886			4
2025.05.29	00:46:12.300	0.83829				2
2025.05.29	00:46:30.750		0.83885			4
2025.05.29	00:46:41.434	0.83828	0.83873			6
2025.05.29	00:47:01.280	0.83828				2
2025.05.29	00:47:02.248		0.83869			4
2025.05.29	00:47:04.754		0.83873			4
2025.05.29	00:48:02.384	0.83828				2
2025.05.29	00:48:05.114		0.83873			4
2025.05.29	00:49:04.717	0.83828				2
2025.05.29	00:49:09.750		0.83873			4
2025.05.29	00:50:03.177	0.83828				2
2025.05.29	00:50:13.395		0.83873			4
2025.05.29	00:50:19.343	0.83800	0.83897			6
2025.05.29	00:50:33.958		0.83888			4
2025.05.29	00:50:35.267	0.83812				2
2025.05.29	00:50:41.181	0.83823	0.83868			6
2025.05.29	00:51:01.437	0.83823				2
2025.05.29	00:51:41.323		0.83868			4
2025.05.29	00:51:51.994	0.83824	0.83870			6
2025.05.29	00:52:01.489	0.83824				2
2025.05.29	00:52:54.396		0.83870			4
2025.05.29	00:53:00.154	0.83824				2
2025.05.29	00:53:03.569	0.83828	0.83878			6
2025.05.29	00:54:00.357	0.83828				2
2025.05.29	00:54:06.826		0.83878			4
2025.05.29	00:54:49.963	0.83830	0.83876			6
2025.05.29	00:54:50.535	0.83824	0.83871			6
2025.05.29	00:54:52.156	0.83825				2
2025.05.29	00:55:00.462	0.83825				2
2025.05.29	00:55:17.548	0.83824				2
2025.05.29	00:55:32.125	0.83821	0.83877			6
2025.05.29	00:55:32.552		0.83870			4
2025.05.29	00:55:39.456	0.83822				2
2025.05.29	00:55:47.165	0.83820	0.83871			6
2025.05.29	00:55:55.559		0.83868			4
2025.05.29	00:56:01.924	0.83820				2
2025.05.29	00:56:14.110		0.83869			4
2025.05.29	00:56:19.710	0.83824	0.83899			6
2025.05.29	00:56:20.051		0.83890			4
2025.05.29	00:56:22.125		0.83901			4
2025.05.29	00:57:00.749	0.83824				2
2025.05.29	00:57:04.651		0.83900			4
2025.05.29	00:57:06.753		0.83901			4
2025.05.29	00:57:17.662		0.83900			4
2025.05.29	00:57:18.752		0.83901			4
2025.05.29	00:57:20.803	0.83825	0.83900			6
2025.05.29	00:57:50.556	0.83824				2
2025.05.29	00:58:00.674	0.83824				2
2025.05.29	00:58:01.493	0.83825				2
2025.05.29	00:58:20.963		0.83900			4
2025.05.29	00:58:39.453	0.83826	0.83899			6
2025.05.29	00:58:59.251	0.83825	0.83900			6
2025.05.29	00:59:00.386	0.83825				2
2025.05.29	00:59:04.211		0.83923			4
2025.05.29	00:59:04.887		0.83911			4
2025.05.29	00:59:15.450		0.83912			4
2025.05.29	00:59:20.809	0.83826	0.83907			6
2025.05.29	00:59:22.050	0.83825				2
2025.05.29	01:00:00.309	0.83824	0.83918			6
2025.05.29	01:00:00.620	0.83827	0.83914			6
2025.05.29	01:00:00.991	0.83826	0.83921			6
2025.05.29	01:00:01.351	0.83824	0.83917			6
2025.05.29	01:00:01.722	0.83830	0.83913			6
2025.05.29	01:00:02.040		0.83911			4
2025.05.29	01:00:02.396	0.83820	0.83889			6
2025.05.29	01:00:03.032		0.83888			4
2025.05.29	01:00:03.939		0.83889			4
2025.05.29	01:00:04.243	0.83822	0.83890			6
2025.05.29	01:00:04.847	0.83838	0.83883			6
2025.05.29	01:00:15.248	0.83843	0.83876			6
2025.05.29	01:00:15.757		0.83873			4
2025.05.29	01:00:16.086	0.83844				2
2025.05.29	01:00:16.399	0.83847	0.83880			6
2025.05.29	01:00:16.719	0.83844	0.83876			6
2025.05.29	01:00:17.848		0.83875			4
2025.05.29	01:00:19.770	0.83851	0.83873			6
2025.05.29	01:00:21.887	0.83848				2
2025.05.29	01:00:23.745	0.83846	0.83868			6
2025.05.29	01:00:25.976	0.83840				2
2025.05.29	01:00:27.194	0.83839				2
2025.05.29	01:00:33.460		0.83866			4
2025.05.29	01:00:34.367		0.83868			4
2025.05.29	01:00:43.321	0.83838	0.83869			6
2025.05.29	01:00:43.787	0.83843	0.83871			6
2025.05.29	01:00:44.115		0.83869			4
2025.05.29	01:00:44.682	0.83841	0.83871			6
2025.05.29	01:00:45.376		0.83868			4
2025.05.29	01:00:47.443	0.83843	0.83869			6
2025.05.29	01:00:50.430	0.83844	0.83872			6
2025.05.29	01:00:50.849	0.83846				2
2025.05.29	01:00:51.188	0.83851				2
2025.05.29	01:00:52.003		0.83873			4
2025.05.29	01:00:57.982	0.83844				2
2025.05.29	01:01:00.032	0.83851	0.83868			6
2025.05.29	01:01:00.377	0.83850	0.83867			6
2025.05.29	01:01:01.169	0.83846	0.83865			6
2025.05.29	01:01:01.560	0.83848	0.83867			6
2025.05.29	01:01:02.036	0.83846	0.83865			6
2025.05.29	01:01:02.653	0.83848	0.83867			6
2025.05.29	01:01:03.129	0.83845	0.83864			6
2025.05.29	01:01:03.457	0.83844	0.83861			6
2025.05.29	01:01:03.780		0.83863			4
2025.05.29	01:01:04.095	0.83845	0.83864			6
2025.05.29	01:01:04.949	0.83844	0.83863			6
2025.05.29	01:01:05.307	0.83845	0.83862			6
2025.05.29	01:01:05.610	0.83844	0.83863			6
2025.05.29	01:01:06.030		0.83861			4
2025.05.29	01:01:06.403	0.83846	0.83864			6
2025.05.29	01:01:08.157	0.83844	0.83873			6
2025.05.29	01:01:08.457		0.83861			4
2025.05.29	01:01:09.149	0.83845	0.83862			6
2025.05.29	01:01:09.464	0.83844	0.83860			6
2025.05.29	01:01:09.957		0.83862			4
2025.05.29	01:01:10.627	0.83847	0.83864			6
2025.05.29	01:01:10.939	0.83844	0.83861			6
2025.05.29	01:01:11.620		0.83863			4
2025.05.29	01:01:12.347		0.83861			4
2025.05.29	01:01:12.674		0.83862			4
2025.05.29	01:01:13.981		0.83861			4
2025.05.29	01:01:14.702	0.83846	0.83864			6
2025.05.29	01:01:15.003	0.83844	0.83863			6
2025.05.29	01:01:15.403		0.83862			4
2025.05.29	01:01:15.732	0.83847	0.83864			6
2025.05.29	01:01:16.041	0.83844	0.83862			6
2025.05.29	01:01:16.342	0.83846	0.83864			6
2025.05.29	01:01:16.659	0.83845	0.83863			6
2025.05.29	01:01:18.682	0.83846	0.83864			6
2025.05.29	01:01:19.055	0.83844	0.83861			6
2025.05.29	01:01:19.961	0.83845	0.83863			6
2025.05.29	01:01:20.978	0.83849	0.83862			6
2025.05.29	01:01:21.308		0.83864			4
2025.05.29	01:01:22.084		0.83862			4
2025.05.29	01:01:22.712		0.83864			4
2025.05.29	01:01:23.021		0.83861			4
2025.05.29	01:01:25.212		0.83862			4
2025.05.29	01:01:25.524		0.83864			4
2025.05.29	01:01:25.835		0.83873			4
2025.05.29	01:01:26.140		0.83863			4
2025.05.29	01:01:27.225		0.83864			4
2025.05.29	01:01:27.648	0.83845	0.83863			6
2025.05.29	01:01:27.963	0.83846				2
2025.05.29	01:01:28.305	0.83848	0.83864			6
2025.05.29	01:01:28.619		0.83863			4
2025.05.29	01:01:29.438		0.83865			4
2025.05.29	01:01:29.743		0.83874			4
2025.05.29	01:01:32.364		0.83860			4
2025.05.29	01:01:32.739		0.83874			4
2025.05.29	01:01:33.756	0.83849	0.83873			6
2025.05.29	01:01:34.233		0.83862			4
2025.05.29	01:01:34.536		0.83863			4
2025.05.29	01:01:34.886		0.83873			4
2025.05.29	01:01:37.286	0.83847	0.83875			6
2025.05.29	01:01:40.429	0.83848	0.83864			6
2025.05.29	01:01:41.251		0.83860			4
2025.05.29	01:01:42.239		0.83873			4
2025.05.29	01:01:43.342		0.83862			4
2025.05.29	01:01:43.683		0.83865			4
2025.05.29	01:01:44.355	0.83847				2
2025.05.29	01:01:45.077		0.83864			4
2025.05.29	01:01:45.444		0.83862			4
2025.05.29	01:01:46.598	0.83846	0.83863			6
2025.05.29	01:01:47.245	0.83848				2
2025.05.29	01:01:48.045		0.83862			4
2025.05.29	01:01:48.813		0.83861			4
2025.05.29	01:01:50.426	0.83845				2
2025.05.29	01:01:50.737	0.83846	0.83863			6
2025.05.29	01:01:51.057	0.83853				2
2025.05.29	01:01:51.376		0.83873			4
2025.05.29	01:01:51.679		0.83863			4
2025.05.29	01:01:52.627		0.83862			4
2025.05.29	01:01:52.954		0.83860			4
2025.05.29	01:01:53.851		0.83862			4
2025.05.29	01:01:54.476		0.83863			4
2025.05.29	01:01:55.252	0.83851				2
2025.05.29	01:01:55.590		0.83861			4
2025.05.29	01:01:55.903		0.83863			4
2025.05.29	01:01:56.209	0.83852	0.83864			6
2025.05.29	01:01:56.849		0.83862			4
2025.05.29	01:01:57.781	0.83848	0.83861			6
2025.05.29	01:01:58.289		0.83862			4
2025.05.29	01:01:58.598		0.83861			4
2025.05.29	01:01:58.900		0.83862			4
2025.05.29	01:01:59.209		0.83874			4
2025.05.29	01:01:59.518		0.83862			4
2025.05.29	01:01:59.839		0.83874			4
2025.05.29	01:02:00.310	0.83848	0.83861			6
2025.05.29	01:02:00.639		0.83863			4
2025.05.29	01:02:01.018		0.83861			4
2025.05.29	01:02:03.037		0.83859			4
2025.05.29	01:02:03.345		0.83861			4
2025.05.29	01:02:05.662		0.83865			4
2025.05.29	01:02:06.083		0.83864			4
2025.05.29	01:02:06.395		0.83867			4
2025.05.29	01:02:07.250	0.83847				2
2025.05.29	01:02:08.403	0.83850	0.83870			6
2025.05.29	01:02:08.828	0.83849	0.83868			6
2025.05.29	01:02:09.531		0.83869			4
2025.05.29	01:02:09.860	0.83850	0.83870			6
2025.05.29	01:02:10.314	0.83849	0.83869			6
2025.05.29	01:02:10.870	0.83845	0.83866			6
2025.05.29	01:02:11.320	0.83849	0.83869			6
2025.05.29	01:02:13.645	0.83848	0.83867			6
2025.05.29	01:02:13.978		0.83866			4
2025.05.29	01:02:15.801		0.83868			4
2025.05.29	01:02:16.332	0.83851	0.83870			6
2025.05.29	01:02:18.191	0.83852				2
2025.05.29	01:02:20.039	0.83860	0.83879			6
2025.05.29	01:02:20.355	0.83859				2
2025.05.29	01:02:20.839		0.83878			4
2025.05.29	01:02:21.318	0.83860				2
2025.05.29	01:02:22.882	0.83857	0.83874			6
2025.05.29	01:02:25.116		0.83873			4
2025.05.29	01:02:26.267	0.83856	0.83872			6
2025.05.29	01:02:30.355		0.83871			4
2025.05.29	01:02:33.967	0.83857				2
2025.05.29	01:02:34.274		0.83873			4
2025.05.29	01:02:34.601		0.83874			4
2025.05.29	01:02:35.739		0.83875			4
2025.05.29	01:02:40.167		0.83876			4
2025.05.29	01:02:45.148		0.83875			4
2025.05.29	01:02:46.351		0.83874			4
2025.05.29	01:02:50.177		0.83875			4
2025.05.29	01:02:53.480		0.83874			4
2025.05.29	01:02:55.048		0.83873			4
2025.05.29	01:02:56.353		0.83872			4
2025.05.29	01:02:58.220		0.83873			4
2025.05.29	01:03:00.427	0.83852	0.83867			6
2025.05.29	01:03:00.750		0.83865			4
2025.05.29	01:03:02.354		0.83869			4
2025.05.29	01:03:05.972	0.83851	0.83865			6
2025.05.29	01:03:08.976	0.83847	0.83864			6
2025.05.29	01:03:10.848		0.83863			4
2025.05.29	01:03:12.205	0.83848				2
2025.05.29	01:03:14.144	0.83847				2
2025.05.29	01:03:15.066	0.83848				2
2025.05.29	01:03:17.951		0.83862			4
2025.05.29	01:03:19.303	0.83847				2
2025.05.29	01:03:20.206	0.83848	0.83861			6
2025.05.29	01:03:24.361		0.83860			4
2025.05.29	01:03:25.206		0.83861			4
2025.05.29	01:03:25.949		0.83860			4
2025.05.29	01:03:26.265		0.83861			4
2025.05.29	01:03:27.448	0.83846				2
2025.05.29	01:03:28.501	0.83847	0.83860			6
2025.05.29	01:03:29.362	0.83846				2
2025.05.29	01:03:30.284	0.83847				2
2025.05.29	01:03:31.950	0.83845				2
2025.05.29	01:03:32.355		0.83859			4
2025.05.29	01:03:41.430	0.83846				2
2025.05.29	01:03:42.503	0.83845	0.83860			6
2025.05.29	01:03:50.021		0.83859			4
2025.05.29	01:04:00.748	0.83845				2
2025.05.29	01:04:07.305	0.83844				2
2025.05.29	01:04:09.609	0.83845				2
2025.05.29	01:04:13.183		0.83860			4
2025.05.29	01:04:14.534		0.83859			4
2025.05.29	01:04:43.613	0.83846				2
2025.05.29	01:04:43.985		0.83858			4
2025.05.29	01:04:46.489	0.83851	0.83864			6
2025.05.29	01:04:48.354		0.83865			4
2025.05.29	01:04:58.365		0.83863			4
2025.05.29	01:05:00.405	0.83849				2
2025.05.29	01:05:02.357		0.83865			4
2025.05.29	01:05:03.450	0.83848	0.83863			6
2025.05.29	01:05:04.616		0.83862			4
2025.05.29	01:05:05.616		0.83863			4
2025.05.29	01:05:07.397		0.83859			4
2025.05.29	01:05:33.149	0.83849				2
2025.05.29	01:05:42.748	0.83848				2
2025.05.29	01:05:44.488	0.83855	0.83862			6
2025.05.29	01:05:44.868	0.83854				2
2025.05.29	01:05:52.712	0.83853				2
2025.05.29	01:05:53.250	0.83855				2
2025.05.29	01:05:59.213	0.83854	0.83861			6
2025.05.29	01:06:00.149	0.83854				2
2025.05.29	01:06:01.047	0.83853				2
2025.05.29	01:06:21.377	0.83852	0.83859			6
2025.05.29	01:06:26.991		0.83857			4
2025.05.29	01:06:31.189	0.83853				2
2025.05.29	01:06:37.464	0.83852				2
2025.05.29	01:06:38.552	0.83853				2
2025.05.29	01:06:41.492	0.83852	0.83861			6
2025.05.29	01:06:41.849	0.83853				2
2025.05.29	01:06:46.052	0.83854				2
2025.05.29	01:06:49.656	0.83853				2
2025.05.29	01:06:58.650	0.83854				2
2025.05.29	01:07:02.005	0.83854				2
2025.05.29	01:07:06.151	0.83853				2
2025.05.29	01:07:11.247	0.83854				2
2025.05.29	01:07:19.350		0.83859			4
2025.05.29	01:07:19.819	0.83849	0.83860			6
2025.05.29	01:07:20.318		0.83861			4
2025.05.29	01:07:21.450	0.83848				2
2025.05.29	01:07:22.951		0.83860			4
2025.05.29	01:07:31.649	0.83847	0.83859			6
2025.05.29	01:07:33.492	0.83852	0.83861			6
2025.05.29	01:07:35.456	0.83851				2
2025.05.29	01:07:37.050	0.83852				2
2025.05.29	01:07:42.450	0.83851				2
2025.05.29	01:07:43.582		0.83857			4
2025.05.29	01:07:43.888	0.83850				2
2025.05.29	01:08:00.426	0.83850				2
2025.05.29	01:08:01.886	0.83851				2
2025.05.29	01:08:13.493	0.83852				2
2025.05.29	01:08:39.751	0.83853				2
2025.05.29	01:08:43.648		0.83857			4
2025.05.29	01:08:51.750	0.83852				2
2025.05.29	01:08:55.951	0.83853				2
2025.05.29	01:09:00.512	0.83853				2
2025.05.29	01:09:11.549	0.83852				2
2025.05.29	01:09:13.352	0.83853				2
2025.05.29	01:09:43.940		0.83862			4
2025.05.29	01:10:00.317	0.83853				2
2025.05.29	01:10:03.456		0.83856			4
2025.05.29	01:10:08.253		0.83860			4
2025.05.29	01:10:08.559	0.83854	0.83859			6
2025.05.29	01:10:09.557	0.83853				2
2025.05.29	01:10:55.735	0.83851	0.83857			6
2025.05.29	01:11:00.382	0.83851	0.83861			6
2025.05.29	01:11:01.809		0.83854			4
2025.05.29	01:11:02.968	0.83848	0.83852			6
2025.05.29	01:11:03.374	0.83849	0.83851			6
2025.05.29	01:11:05.831	0.83848				2
2025.05.29	01:11:09.748	0.83847				2
2025.05.29	01:11:11.549	0.83846				2
2025.05.29	01:11:15.452	0.83847				2
2025.05.29	01:11:19.001		0.83855			4
2025.05.29	01:11:23.442		0.83856			4
2025.05.29	01:11:29.480	0.83845	0.83853			6
2025.05.29	01:11:30.152	0.83843				2
2025.05.29	01:11:49.732	0.83844				2
2025.05.29	01:12:02.417	0.83844				2
2025.05.29	01:12:16.351		0.83852			4
2025.05.29	01:12:20.227	0.83845	0.83854			6
2025.05.29	01:12:38.975	0.83846				2
2025.05.29	01:12:52.350	0.83845				2
2025.05.29	01:12:54.452	0.83846				2
2025.05.29	01:13:00.448	0.83846				2
2025.05.29	01:13:10.647	0.83845				2
2025.05.29	01:13:11.339		0.83853			4
2025.05.29	01:13:21.141		0.83854			4
2025.05.29	01:13:24.440	0.83846	0.83852			6
2025.05.29	01:13:25.347	0.83845				2
2025.05.29	01:13:32.519		0.83853			4
2025.05.29	01:14:00.849	0.83845				2
2025.05.29	01:14:02.934		0.83852			4
2025.05.29	01:14:05.274		0.83854			4
2025.05.29	01:14:25.949		0.83853			4
2025.05.29	01:14:48.448	0.83846	0.83854			6
2025.05.29	01:15:00.396	0.83846				2
2025.05.29	01:15:06.148	0.83847	0.83855			6
2025.05.29	01:15:08.662	0.83848	0.83856			6
2025.05.29	01:15:09.077	0.83849	0.83857			6
2025.05.29	01:15:11.102		0.83858			4
2025.05.29	01:15:12.089		0.83857			4
2025.05.29	01:15:13.269		0.83858			4
2025.05.29	01:15:15.358		0.83857			4
2025.05.29	01:15:18.452	0.83850	0.83858			6
2025.05.29	01:15:18.910	0.83851				2
2025.05.29	01:15:23.847	0.83850				2
2025.05.29	01:16:02.072	0.83850				2
2025.05.29	01:16:22.591		0.83858			4
2025.05.29	01:16:25.517	0.83851	0.83859			6
2025.05.29	01:16:28.374	0.83852				2
2025.05.29	01:16:40.350	0.83851	0.83860			6
2025.05.29	01:16:44.848	0.83852				2
2025.05.29	01:16:47.325		0.83859			4
2025.05.29	01:16:51.909	0.83851				2
2025.05.29	01:17:00.752	0.83851				2
2025.05.29	01:17:07.269	0.83854	0.83863			6
2025.05.29	01:17:16.375	0.83855				2
2025.05.29	01:17:20.851	0.83854				2
2025.05.29	01:17:22.945		0.83864			4
2025.05.29	01:17:32.310	0.83855	0.83863			6
2025.05.29	01:17:35.548		0.83864			4
2025.05.29	01:17:40.355	0.83856				2
2025.05.29	01:17:41.727		0.83865			4
2025.05.29	01:17:45.150	0.83857				2
2025.05.29	01:17:51.623	0.83855				2
2025.05.29	01:17:54.757	0.83856				2
2025.05.29	01:17:56.531	0.83855	0.83864			6
2025.05.29	01:17:57.749		0.83865			4
2025.05.29	01:17:59.778	0.83856	0.83864			6
2025.05.29	01:18:00.081	0.83856				2
2025.05.29	01:18:01.700	0.83855	0.83865			6
2025.05.29	01:18:03.109	0.83856	0.83864			6
2025.05.29	01:18:05.548	0.83855	0.83865			6
2025.05.29	01:18:07.648	0.83856				2
2025.05.29	01:18:11.850	0.83855				2
2025.05.29	01:18:13.420	0.83856				2
2025.05.29	01:18:14.886	0.83855	0.83864			6
2025.05.29	01:18:16.721	0.83858	0.83866			6
2025.05.29	01:18:17.395	0.83857				2
2025.05.29	01:18:17.851	0.83858				2
2025.05.29	01:18:20.522	0.83857				2
2025.05.29	01:18:20.840	0.83858				2
2025.05.29	01:18:22.092	0.83857				2
2025.05.29	01:18:22.422	0.83859	0.83867			6
2025.05.29	01:18:23.705	0.83857	0.83866			6
2025.05.29	01:18:36.715	0.83858	0.83867			6
2025.05.29	01:18:43.955		0.83866			4
2025.05.29	01:18:53.249		0.83867			4
2025.05.29	01:18:55.313		0.83866			4
2025.05.29	01:18:58.951	0.83859				2
2025.05.29	01:19:01.355	0.83858				2
2025.05.29	01:19:02.105	0.83857	0.83867			6
2025.05.29	01:19:02.414	0.83858	0.83866			6
2025.05.29	01:19:17.515		0.83865			4
2025.05.29	01:19:18.585	0.83857	0.83867			6
2025.05.29	01:19:19.348	0.83858				2
2025.05.29	01:19:20.688		0.83866			4
2025.05.29	01:19:20.998	0.83859				2
2025.05.29	01:19:22.947	0.83860	0.83867			6
2025.05.29	01:19:29.101		0.83866			4
2025.05.29	01:19:31.060	0.83861	0.83867			6
2025.05.29	01:19:34.787	0.83863	0.83870			6
2025.05.29	01:20:00.848	0.83863				2
2025.05.29	01:20:07.474		0.83869			4
2025.05.29	01:20:08.549	0.83862				2
2025.05.29	01:20:29.050	0.83863	0.83868			6
2025.05.29	01:21:00.435	0.83864				2
2025.05.29	01:21:00.814	0.83863				2
2025.05.29	01:21:13.209	0.83864				2
2025.05.29	01:21:18.316		0.83869			4
2025.05.29	01:21:25.423	0.83865				2
2025.05.29	01:21:29.250	0.83864				2
2025.05.29	01:21:33.967	0.83865				2
2025.05.29	01:21:34.972	0.83862	0.83867			6
2025.05.29	01:21:35.287	0.83864				2
2025.05.29	01:21:44.486	0.83865				2
2025.05.29	01:21:47.847	0.83864				2
2025.05.29	01:21:53.792	0.83865				2
2025.05.29	01:21:56.940	0.83864				2
2025.05.29	01:22:02.326	0.83864				2
2025.05.29	01:22:07.472	0.83866				2
2025.05.29	01:22:07.872		0.83868			4
2025.05.29	01:22:11.553	0.83865				2
2025.05.29	01:22:13.856		0.83869			4
2025.05.29	01:22:14.273	0.83866	0.83868			6
2025.05.29	01:22:19.347	0.83865				2
2025.05.29	01:22:21.794	0.83866				2
2025.05.29	01:22:24.673		0.83867			4
2025.05.29	01:22:24.981		0.83868			4
2025.05.29	01:22:30.058	0.83865	0.83869			6
2025.05.29	01:22:30.466	0.83867				2
2025.05.29	01:22:36.075		0.83870			4
2025.05.29	01:22:36.391	0.83866	0.83869			6
2025.05.29	01:22:41.990	0.83867				2
2025.05.29	01:22:42.418		0.83870			4
2025.05.29	01:22:50.726		0.83869			4
2025.05.29	01:23:00.950	0.83867				2
2025.05.29	01:23:01.380	0.83866				2
2025.05.29	01:23:01.722		0.83868			4
2025.05.29	01:23:02.097	0.83867	0.83869			6
2025.05.29	01:23:03.188	0.83864	0.83868			6
2025.05.29	01:23:04.390	0.83865				2
2025.05.29	01:23:15.888	0.83866				2
2025.05.29	01:23:18.233	0.83865	0.83867			6
2025.05.29	01:23:49.348	0.83866				2
2025.05.29	01:24:00.913	0.83865				2
2025.05.29	01:24:06.069	0.83864				2
2025.05.29	01:24:18.254		0.83867			4
2025.05.29	01:24:22.211	0.83865				2
2025.05.29	01:24:23.250	0.83864				2
2025.05.29	01:24:34.058		0.83866			4
2025.05.29	01:24:35.389	0.83863				2
2025.05.29	01:24:38.551	0.83864				2
2025.05.29	01:24:43.782		0.83867			4
2025.05.29	01:24:45.479	0.83865				2
2025.05.29	01:24:48.372	0.83864				2
2025.05.29	01:24:49.814	0.83863				2
2025.05.29	01:24:56.550	0.83865				2
2025.05.29	01:25:00.597	0.83865	0.83868			6
2025.05.29	01:25:02.379	0.83864	0.83867			6
2025.05.29	01:25:04.051	0.83865				2
2025.05.29	01:25:30.796		0.83868			4
2025.05.29	01:25:31.417		0.83867			4
2025.05.29	01:25:35.065	0.83867	0.83868			6
2025.05.29	01:25:40.527	0.83866	0.83867			6
2025.05.29	01:26:03.242	0.83866				2
2025.05.29	01:26:11.877	0.83865				2
2025.05.29	01:26:29.835	0.83866				2
2025.05.29	01:26:34.387		0.83868			4
2025.05.29	01:26:43.433	0.83865				2
2025.05.29	01:26:43.767	0.83866				2
2025.05.29	01:26:45.378	0.83865				2
2025.05.29	01:26:53.612	0.83866				2
2025.05.29	01:26:54.700	0.83865				2
2025.05.29	01:26:55.470		0.83870			4
2025.05.29	01:27:00.541	0.83865				2
2025.05.29	01:27:03.253	0.83866				2
2025.05.29	01:27:05.011	0.83865				2
2025.05.29	01:27:07.048	0.83866				2
2025.05.29	01:27:22.517		0.83869			4
2025.05.29	01:27:36.274		0.83868			4
2025.05.29	01:28:04.410	0.83866				2
2025.05.29	01:28:37.015		0.83868			4
2025.05.29	01:28:51.141	0.83865				2
2025.05.29	01:28:52.649	0.83866				2
2025.05.29	01:29:00.475	0.83866				2
2025.05.29	01:29:03.567	0.83865				2
2025.05.29	01:29:04.542		0.83867			4
2025.05.29	01:30:00.307	0.83865				2
2025.05.29	01:30:02.228		0.83866			4
2025.05.29	01:30:02.528	0.83861	0.83862			6
2025.05.29	01:30:04.649	0.83860	0.83864			6
2025.05.29	01:30:13.768	0.83862	0.83865			6
2025.05.29	01:30:18.750	0.83861				2
2025.05.29	01:30:21.241	0.83862				2
2025.05.29	01:30:28.730	0.83863	0.83866			6
2025.05.29	01:30:29.689		0.83865			4
2025.05.29	01:30:30.004	0.83864	0.83866			6
2025.05.29	01:30:49.320		0.83867			4
2025.05.29	01:30:54.447	0.83863				2
2025.05.29	01:30:54.764	0.83864	0.83868			6
2025.05.29	01:31:00.031	0.83864				2
2025.05.29	01:31:03.183		0.83866			4
2025.05.29	01:31:06.831	0.83861	0.83865			6
2025.05.29	01:31:13.372		0.83864			4
2025.05.29	01:31:16.349	0.83860				2
2025.05.29	01:31:36.703		0.83863			4
2025.05.29	01:31:58.911	0.83859				2
2025.05.29	01:32:01.158	0.83859				2
2025.05.29	01:32:06.051		0.83862			4
2025.05.29	01:32:17.248	0.83860				2
2025.05.29	01:32:46.441	0.83859				2
2025.05.29	01:33:01.077	0.83859				2
2025.05.29	01:33:10.568	0.83860	0.83862			6
2025.05.29	01:33:48.446	0.83858	0.83861			6
2025.05.29	01:33:50.649	0.83859				2
2025.05.29	01:34:00.486	0.83859				2
2025.05.29	01:34:57.834		0.83861			4
2025.05.29	01:35:03.454	0.83859				2
2025.05.29	01:35:29.223	0.83858				2
2025.05.29	01:35:29.529	0.83857	0.83860			6
2025.05.29	01:35:44.862	0.83858	0.83861			6
2025.05.29	01:35:45.926		0.83860			4
2025.05.29	01:35:48.750	0.83857				2
2025.05.29	01:35:56.425		0.83859			4
2025.05.29	01:36:00.526	0.83857				2
2025.05.29	01:36:01.403	0.83856				2
2025.05.29	01:36:10.491	0.83857				2
2025.05.29	01:36:15.409	0.83856				2
2025.05.29	01:36:18.818	0.83857				2
2025.05.29	01:36:23.249	0.83856				2
2025.05.29	01:36:52.477		0.83858			4
2025.05.29	01:36:56.353	0.83855				2
2025.05.29	01:37:00.528	0.83855				2
2025.05.29	01:37:01.576	0.83854	0.83856			6
2025.05.29	01:37:14.816	0.83855				2
2025.05.29	01:37:24.448	0.83854				2
2025.05.29	01:38:03.385	0.83854	0.83856			6
2025.05.29	01:38:05.550	0.83855				2
2025.05.29	01:38:07.877	0.83854				2
2025.05.29	01:38:32.561	0.83853	0.83855			6
2025.05.29	01:38:57.923		0.83856			4
2025.05.29	01:38:59.377	0.83854				2
2025.05.29	01:39:00.463	0.83854				2
2025.05.29	01:39:00.886	0.83853				2
2025.05.29	01:39:08.071		0.83855			4
2025.05.29	01:39:19.570	0.83852				2
2025.05.29	01:39:36.127	0.83853				2
2025.05.29	01:39:41.849	0.83852				2
2025.05.29	01:39:48.697		0.83854			4
2025.05.29	01:40:01.053	0.83852				2
2025.05.29	01:40:04.099	0.83850	0.83853			6
2025.05.29	01:40:25.336	0.83851				2
2025.05.29	01:40:29.610	0.83850				2
2025.05.29	01:40:33.451	0.83851				2
2025.05.29	01:40:35.625	0.83850	0.83852			6
2025.05.29	01:40:39.449	0.83851				2
2025.05.29	01:41:00.511	0.83851				2
2025.05.29	01:41:04.196	0.83849	0.83851			6
2025.05.29	01:41:04.564	0.83850				2
2025.05.29	01:41:05.254	0.83849				2
2025.05.29	01:41:07.486	0.83848				2
2025.05.29	01:41:21.425		0.83850			4
2025.05.29	01:41:28.477		0.83851			4
2025.05.29	01:41:31.647	0.83849				2
2025.05.29	01:41:51.715		0.83850			4
2025.05.29	01:41:58.467	0.83848				2
2025.05.29	01:42:00.271	0.83848				2
2025.05.29	01:42:04.334	0.83846	0.83848			6
2025.05.29	01:42:05.458	0.83847				2
2025.05.29	01:42:05.787		0.83849			4
2025.05.29	01:42:06.366	0.83846				2
2025.05.29	01:42:06.720	0.83847				2
2025.05.29	01:42:10.314	0.83845	0.83847			6
2025.05.29	01:42:23.329	0.83842	0.83844			6
2025.05.29	01:42:23.763		0.83845			4
2025.05.29	01:42:25.541	0.83843	0.83848			6
2025.05.29	01:42:28.603	0.83842	0.83847			6
2025.05.29	01:42:33.604	0.83843	0.83848			6
2025.05.29	01:42:34.657		0.83847			4
2025.05.29	01:42:36.008		0.83848			4
2025.05.29	01:42:36.312		0.83849			4
2025.05.29	01:42:36.952		0.83847			4
2025.05.29	01:42:40.124	0.83844				2
2025.05.29	01:42:41.163		0.83845			4
2025.05.29	01:42:46.353	0.83843				2
2025.05.29	01:42:49.732		0.83846			4
2025.05.29	01:42:50.465	0.83842	0.83845			6
2025.05.29	01:42:54.194	0.83843				2
2025.05.29	01:42:54.516	0.83842				2
2025.05.29	01:43:00.582	0.83842				2
2025.05.29	01:43:03.147	0.83841	0.83844			6
2025.05.29	01:43:03.458	0.83839	0.83841			6
2025.05.29	01:43:03.938	0.83836	0.83839			6
2025.05.29	01:43:04.348	0.83838				2
2025.05.29	01:43:05.240	0.83835	0.83838			6
2025.05.29	01:43:07.023	0.83836				2
2025.05.29	01:43:07.362	0.83835				2
2025.05.29	01:43:16.980	0.83836				2
2025.05.29	01:43:19.253	0.83837	0.83839			6
2025.05.29	01:43:20.248	0.83838				2
2025.05.29	01:43:23.490		0.83840			4
2025.05.29	01:43:23.938		0.83841			4
2025.05.29	01:43:24.666	0.83839				2
2025.05.29	01:43:40.653	0.83838				2
2025.05.29	01:43:42.278	0.83839				2
2025.05.29	01:43:43.026	0.83838	0.83843			6
2025.05.29	01:43:43.344		0.83842			4
2025.05.29	01:43:45.150		0.83841			4
2025.05.29	01:43:47.709	0.83839				2
2025.05.29	01:43:48.020	0.83838				2
2025.05.29	01:43:57.940	0.83839				2
2025.05.29	01:43:58.259	0.83838	0.83840			6
2025.05.29	01:44:00.848	0.83838				2
2025.05.29	01:44:01.486	0.83839	0.83841			6
2025.05.29	01:44:01.793	0.83838	0.83840			6
2025.05.29	01:44:12.226	0.83839	0.83841			6
2025.05.29	01:44:16.038	0.83838	0.83840			6
2025.05.29	01:44:53.355	0.83837	0.83839			6
2025.05.29	01:45:00.396	0.83837				2
2025.05.29	01:45:06.960	0.83840	0.83842			6
2025.05.29	01:45:11.622	0.83839	0.83843			6
2025.05.29	01:45:20.558	0.83840				2
2025.05.29	01:45:30.502	0.83839	0.83842			6
2025.05.29	01:45:36.896	0.83840				2
2025.05.29	01:45:55.743	0.83839				2
2025.05.29	01:46:00.444	0.83840	0.83844			6
2025.05.29	01:46:01.404		0.83843			4
2025.05.29	01:46:03.123		0.83842			4
2025.05.29	01:46:13.144	0.83839	0.83843			6
2025.05.29	01:46:16.344	0.83841				2
2025.05.29	01:46:16.694		0.83844			4
2025.05.29	01:46:17.486	0.83842	0.83846			6
2025.05.29	01:46:19.317		0.83844			4
2025.05.29	01:46:25.647	0.83841				2
2025.05.29	01:46:28.451	0.83842				2
2025.05.29	01:46:38.511	0.83841				2
2025.05.29	01:46:38.891	0.83842				2
2025.05.29	01:46:50.387		0.83843			4
2025.05.29	01:46:51.021		0.83844			4
2025.05.29	01:47:00.577	0.83842				2
2025.05.29	01:47:06.443		0.83845			4
2025.05.29	01:47:14.410	0.83844				2
2025.05.29	01:47:14.935	0.83842				2
2025.05.29	01:47:29.426	0.83841	0.83844			6
2025.05.29	01:47:29.849		0.83845			4
2025.05.29	01:47:30.155	0.83842	0.83844			6
2025.05.29	01:47:47.794		0.83843			4
2025.05.29	01:47:48.956		0.83844			4
2025.05.29	01:47:50.052		0.83843			4
2025.05.29	01:47:51.035		0.83844			4
2025.05.29	01:47:51.698		0.83843			4
2025.05.29	01:47:52.102	0.83841				2
2025.05.29	01:47:56.271	0.83840	0.83842			6
2025.05.29	01:48:03.499	0.83840				2
2025.05.29	01:48:04.841	0.83841				2
2025.05.29	01:48:06.500	0.83840				2
2025.05.29	01:48:26.215	0.83841	0.83843			6
2025.05.29	01:48:28.229		0.83844			4
2025.05.29	01:48:30.574	0.83839	0.83845			6
2025.05.29	01:48:30.880	0.83840	0.83842			6
2025.05.29	01:48:31.238	0.83839				2
2025.05.29	01:48:37.589		0.83841			4
2025.05.29	01:48:44.817	0.83838	0.83840			6
2025.05.29	01:48:52.965		0.83841			4
2025.05.29	01:48:57.505	0.83839				2
2025.05.29	01:49:00.315	0.83839				2
2025.05.29	01:49:00.635	0.83838				2
2025.05.29	01:49:11.221	0.83839	0.83840			6
2025.05.29	01:49:26.499	0.83838				2
2025.05.29	01:49:33.563	0.83839				2
2025.05.29	01:49:39.775	0.83838				2
2025.05.29	01:49:41.760	0.83839				2
2025.05.29	01:49:46.915	0.83838				2
2025.05.29	01:49:53.370		0.83839			4
2025.05.29	01:49:53.679	0.83837	0.83840			6
2025.05.29	01:49:54.126	0.83839				2
2025.05.29	01:49:54.446	0.83840	0.83841			6
2025.05.29	01:49:59.133	0.83837	0.83839			6
2025.05.29	01:49:59.566	0.83836				2
2025.05.29	01:50:00.242	0.83836				2
2025.05.29	01:50:00.817	0.83837				2
2025.05.29	01:50:02.353		0.83840			4
2025.05.29	01:50:02.686		0.83839			4
2025.05.29	01:50:04.355	0.83838	0.83840			6
2025.05.29	01:50:15.745	0.83837	0.83839			6
2025.05.29	01:50:20.522	0.83839	0.83841			6
2025.05.29	01:50:40.567		0.83842			4
2025.05.29	01:50:50.338		0.83841			4
2025.05.29	01:50:55.452		0.83842			4
2025.05.29	01:50:56.276	0.83840	0.83845			6
2025.05.29	01:50:57.224	0.83841				2
2025.05.29	01:50:58.351		0.83846			4
2025.05.29	01:50:58.731	0.83843				2
2025.05.29	01:51:01.585	0.83843	0.83845			6
2025.05.29	01:51:02.218		0.83846			4
2025.05.29	01:51:02.901	0.83844				2
2025.05.29	01:51:04.501		0.83847			4
2025.05.29	01:51:04.956	0.83846	0.83849			6
2025.05.29	01:51:08.000		0.83848			4
2025.05.29	01:51:09.376	0.83847	0.83849			6
2025.05.29	01:51:22.551	0.83848	0.83850			6
2025.05.29	01:51:26.211	0.83844	0.83846			6
2025.05.29	01:51:28.098	0.83843				2
2025.05.29	01:51:35.426	0.83846	0.83847			6
2025.05.29	01:51:35.952	0.83845				2
2025.05.29	01:51:43.564	0.83844				2
2025.05.29	01:51:54.876	0.83846				2
2025.05.29	01:52:00.849	0.83845				2
2025.05.29	01:52:23.189		0.83848			4
2025.05.29	01:52:31.392	0.83846				2
2025.05.29	01:52:33.805		0.83849			4
2025.05.29	01:53:00.314	0.83846				2
2025.05.29	01:53:02.970	0.83843	0.83846			6
2025.05.29	01:53:03.282		0.83845			4
2025.05.29	01:53:05.192		0.83844			4
2025.05.29	01:53:19.000	0.83844	0.83845			6
2025.05.29	01:53:21.841	0.83843	0.83844			6
2025.05.29	01:53:38.916	0.83844	0.83845			6
2025.05.29	01:53:45.101		0.83846			4
2025.05.29	01:54:00.283	0.83844				2
2025.05.29	01:54:03.444	0.83843	0.83844			6
2025.05.29	01:54:06.281	0.83844	0.83845			6
2025.05.29	01:54:10.100	0.83846	0.83848			6
2025.05.29	01:54:10.934		0.83849			4
2025.05.29	01:54:11.378		0.83848			4
2025.05.29	01:54:14.010	0.83847	0.83849			6
2025.05.29	01:54:20.357		0.83848			4
2025.05.29	01:54:45.083	0.83846				2
2025.05.29	01:55:02.001	0.83846				2
2025.05.29	01:55:05.883	0.83845				2
2025.05.29	01:55:09.300	0.83846	0.83847			6
2025.05.29	01:55:09.600	0.83845	0.83848			6
2025.05.29	01:55:15.033	0.83846				2
2025.05.29	01:55:31.654	0.83845	0.83847			6
2025.05.29	01:55:32.890		0.83849			4
2025.05.29	01:55:33.232		0.83847			4
2025.05.29	01:55:38.289		0.83848			4
2025.05.29	01:55:40.684	0.83846				2
2025.05.29	01:55:48.449	0.83844	0.83849			6
2025.05.29	01:55:52.770	0.83842	0.83845			6
2025.05.29	01:55:53.093	0.83843				2
2025.05.29	01:56:01.348	0.83843				2
2025.05.29	01:56:04.632	0.83845	0.83847			6
2025.05.29	01:56:11.597	0.83846	0.83849			6
2025.05.29	01:56:11.977	0.83845	0.83848			6
2025.05.29	01:56:12.452	0.83846				2
2025.05.29	01:56:13.045		0.83849			4
2025.05.29	01:56:13.747	0.83847				2
2025.05.29	01:56:18.657	0.83848	0.83850			6
2025.05.29	01:56:21.880		0.83851			4
2025.05.29	01:56:22.396	0.83849				2
2025.05.29	01:56:24.735		0.83850			4
2025.05.29	01:56:25.156	0.83848				2
2025.05.29	01:56:27.123	0.83849				2
2025.05.29	01:56:35.957	0.83848				2
2025.05.29	01:56:37.968	0.83847				2
2025.05.29	01:56:40.560		0.83849			4
2025.05.29	01:56:40.878	0.83846	0.83848			6
2025.05.29	01:56:44.703	0.83848	0.83850			6
2025.05.29	01:56:56.914	0.83846	0.83849			6
2025.05.29	01:57:00.382	0.83846				2
2025.05.29	01:57:04.404	0.83848	0.83850			6
2025.05.29	01:57:07.566	0.83847				2
2025.05.29	01:57:12.188	0.83848				2
2025.05.29	01:57:20.392	0.83847				2
2025.05.29	01:57:21.380		0.83849			4
2025.05.29	01:57:23.457		0.83850			4
2025.05.29	01:57:30.553	0.83848				2
2025.05.29	01:57:35.421		0.83851			4
2025.05.29	01:57:36.058		0.83850			4
2025.05.29	01:57:48.375	0.83847				2
2025.05.29	01:58:00.947	0.83847				2
2025.05.29	01:58:03.691	0.83848				2
2025.05.29	01:58:06.071	0.83847	0.83849			6
2025.05.29	01:58:17.898		0.83850			4
2025.05.29	01:58:30.505	0.83849	0.83851			6
2025.05.29	01:58:31.454		0.83852			4
2025.05.29	01:58:31.896	0.83850				2
2025.05.29	01:58:33.014	0.83849				2
2025.05.29	01:58:33.734	0.83850				2
2025.05.29	01:58:43.879	0.83849				2
2025.05.29	01:58:45.611	0.83847	0.83851			6
2025.05.29	01:58:45.921	0.83849				2
2025.05.29	01:58:47.963	0.83848				2
2025.05.29	01:58:52.407	0.83849				2
2025.05.29	01:58:59.355	0.83850	0.83852			6
2025.05.29	01:58:59.695	0.83849				2
2025.05.29	01:59:00.046	0.83850				2
2025.05.29	01:59:01.572	0.83849				2
2025.05.29	01:59:04.200	0.83850				2
2025.05.29	01:59:13.022	0.83849	0.83851			6
2025.05.29	01:59:13.589		0.83852			4
2025.05.29	01:59:18.793		0.83851			4
2025.05.29	01:59:40.028		0.83852			4
2025.05.29	01:59:43.992		0.83851			4
2025.05.29	01:59:47.227	0.83850	0.83852			6
2025.05.29	01:59:47.633		0.83853			4
2025.05.29	01:59:50.087	0.83851				2
2025.05.29	01:59:53.919		0.83854			4
2025.05.29	01:59:54.288		0.83853			4
2025.05.29	01:59:58.877	0.83849	0.83851			6
2025.05.29	02:00:00.312	0.83849	0.83850			6
2025.05.29	02:00:00.648	0.83848	0.83851			6
2025.05.29	02:00:03.289		0.83850			4
2025.05.29	02:00:05.077		0.83851			4
2025.05.29	02:00:06.222		0.83850			4
2025.05.29	02:00:06.582	0.83845	0.83847			6
2025.05.29	02:00:11.005	0.83848	0.83850			6
2025.05.29	02:00:11.963	0.83849	0.83851			6
2025.05.29	02:00:15.197	0.83848	0.83850			6
2025.05.29	02:00:16.012		0.83851			4
2025.05.29	02:00:16.325	0.83849				2
2025.05.29	02:00:16.988		0.83850			4
2025.05.29	02:00:21.448	0.83850	0.83851			6
2025.05.29	02:00:22.140	0.83849	0.83852			6
2025.05.29	02:00:27.448	0.83850				2
2025.05.29	02:00:35.102	0.83848	0.83850			6
2025.05.29	02:00:37.420	0.83846	0.83849			6
2025.05.29	02:00:37.722		0.83848			4
2025.05.29	02:00:42.015	0.83845				2
2025.05.29	02:00:42.317		0.83847			4
2025.05.29	02:00:46.479	0.83844	0.83848			6
2025.05.29	02:00:47.151	0.83845	0.83847			6
2025.05.29	02:00:47.522		0.83848			4
2025.05.29	02:00:48.356	0.83846				2
2025.05.29	02:00:50.289	0.83847	0.83849			6
2025.05.29	02:00:52.182	0.83846				2
2025.05.29	02:00:54.774	0.83845	0.83846			6
2025.05.29	02:00:58.663	0.83844				2
2025.05.29	02:00:58.987		0.83847			4
2025.05.29	02:01:00.228	0.83844	0.83846			6
2025.05.29	02:01:00.537	0.83845	0.83847			6
2025.05.29	02:01:00.986	0.83844	0.83846			6
2025.05.29	02:01:01.299	0.83843	0.83844			6
2025.05.29	02:01:01.893	0.83842	0.83843			6
2025.05.29	02:01:02.646	0.83841	0.83842			6
2025.05.29	02:01:03.050	0.83842	0.83843			6
2025.05.29	02:01:03.361	0.83843	0.83844			6
2025.05.29	02:01:03.680	0.83842				2
2025.05.29	02:01:04.998	0.83841				2
2025.05.29	02:01:05.705	0.83842				2
2025.05.29	02:01:06.391	0.83841	0.83843			6
2025.05.29	02:01:06.700		0.83844			4
2025.05.29	02:01:09.933	0.83842				2
2025.05.29	02:01:16.388		0.83843			4
2025.05.29	02:01:18.896	0.83841				2
2025.05.29	02:01:19.681	0.83842				2
2025.05.29	02:01:24.411	0.83843	0.83845			6
2025.05.29	02:01:27.611	0.83842	0.83844			6
2025.05.29	02:01:30.511	0.83841	0.83843			6
2025.05.29	02:01:32.157		0.83844			4
2025.05.29	02:01:36.393		0.83843			4
2025.05.29	02:01:36.835	0.83839	0.83841			6
2025.05.29	02:01:37.246		0.83842			4
2025.05.29	02:01:37.550	0.83840				2
2025.05.29	02:01:40.411	0.83839	0.83840			6
2025.05.29	02:01:42.928		0.83842			4
2025.05.29	02:01:45.009		0.83841			4
2025.05.29	02:01:46.683		0.83842			4
2025.05.29	02:01:52.548		0.83841			4
2025.05.29	02:01:53.529		0.83842			4
2025.05.29	02:01:54.386	0.83840				2
2025.05.29	02:01:57.564	0.83838	0.83840			6
2025.05.29	02:01:58.349	0.83837	0.83839			6
2025.05.29	02:02:00.927	0.83837				2
2025.05.29	02:02:03.262	0.83838	0.83840			6
2025.05.29	02:02:06.570		0.83841			4
2025.05.29	02:02:08.618	0.83837	0.83839			6
2025.05.29	02:02:10.526		0.83840			4
2025.05.29	02:02:11.165	0.83838				2
2025.05.29	02:02:11.510	0.83837	0.83839			6
2025.05.29	02:02:11.883	0.83838	0.83840			6
2025.05.29	02:02:12.783	0.83837				2
2025.05.29	02:02:14.235		0.83839			4
2025.05.29	02:02:19.105		0.83840			4
2025.05.29	02:02:19.877	0.83838				2
2025.05.29	02:02:28.020	0.83837				2
2025.05.29	02:02:30.482	0.83838				2
2025.05.29	02:02:33.448	0.83837				2
2025.05.29	02:02:36.201		0.83839			4
2025.05.29	02:02:43.803	0.83836				2
2025.05.29	02:02:46.855	0.83837				2
2025.05.29	02:02:58.028	0.83834	0.83836			6
2025.05.29	02:02:58.378	0.83833				2
2025.05.29	02:03:00.316	0.83833				2
2025.05.29	02:03:01.132		0.83835			4
2025.05.29	02:03:01.442	0.83832	0.83834			6
2025.05.29	02:03:01.808	0.83831	0.83833			6
2025.05.29	02:03:07.852	0.83830	0.83832			6
2025.05.29	02:03:12.970		0.83831			4
2025.05.29	02:03:13.279		0.83832			4
2025.05.29	02:03:13.621	0.83829	0.83831			6
2025.05.29	02:03:16.314	0.83828	0.83830			6
2025.05.29	02:03:18.850		0.83831			4
2025.05.29	02:03:20.056		0.83830			4
2025.05.29	02:03:22.620	0.83827				2
2025.05.29	02:03:22.987	0.83828				2
2025.05.29	02:03:24.752		0.83831			4
2025.05.29	02:03:27.376	0.83829	0.83832			6
2025.05.29	02:03:30.250	0.83830	0.83833			6
2025.05.29	02:03:33.939	0.83831				2
2025.05.29	02:03:34.742	0.83832	0.83834			6
2025.05.29	02:03:36.368	0.83833	0.83835			6
2025.05.29	02:03:49.513	0.83834	0.83836			6
2025.05.29	02:03:49.819	0.83833				2
2025.05.29	02:03:50.829	0.83834				2
2025.05.29	02:03:51.696		0.83837			4
2025.05.29	02:03:52.702	0.83835				2
2025.05.29	02:03:53.009		0.83838			4
2025.05.29	02:03:54.193	0.83836				2
2025.05.29	02:03:54.597	0.83835				2
2025.05.29	02:03:55.820	0.83836				2
2025.05.29	02:03:57.509	0.83834	0.83836			6
2025.05.29	02:04:00.520	0.83834				2
2025.05.29	02:04:01.723	0.83833				2
2025.05.29	02:04:04.508	0.83834				2
2025.05.29	02:04:04.862	0.83835	0.83837			6
2025.05.29	02:04:13.886	0.83836	0.83838			6
2025.05.29	02:04:15.668		0.83839			4
2025.05.29	02:04:21.247		0.83838			4
2025.05.29	02:04:26.457	0.83834	0.83837			6
2025.05.29	02:04:28.910	0.83836	0.83838			6
2025.05.29	02:04:42.062	0.83835				2
2025.05.29	02:04:46.939		0.83837			4
2025.05.29	02:04:47.283		0.83838			4
2025.05.29	02:04:49.806	0.83836				2
2025.05.29	02:04:59.052	0.83835	0.83837			6
2025.05.29	02:04:59.358	0.83834				2
2025.05.29	02:05:00.315	0.83835				2
2025.05.29	02:05:05.025	0.83834				2
2025.05.29	02:05:05.821		0.83836			4
2025.05.29	02:05:13.882		0.83837			4
2025.05.29	02:05:21.611		0.83836			4
2025.05.29	02:05:27.056	0.83833	0.83835			6
2025.05.29	02:05:27.614	0.83831	0.83833			6
2025.05.29	02:05:28.678	0.83830	0.83832			6
2025.05.29	02:05:29.076	0.83829	0.83831			6
2025.05.29	02:05:35.591	0.83828				2
2025.05.29	02:05:43.729		0.83830			4
2025.05.29	02:05:52.303		0.83831			4
2025.05.29	02:05:52.886		0.83830			4
2025.05.29	02:05:54.194	0.83829	0.83831			6
2025.05.29	02:05:55.800		0.83832			4
2025.05.29	02:05:58.369	0.83831	0.83833			6
2025.05.29	02:06:00.456	0.83831				2
2025.05.29	02:06:00.780	0.83830	0.83832			6
2025.05.29	02:06:01.109	0.83829	0.83831			6
2025.05.29	02:06:02.843	0.83826	0.83829			6
2025.05.29	02:06:03.163	0.83825	0.83827			6
2025.05.29	02:06:03.467	0.83827	0.83829			6
2025.05.29	02:06:04.409	0.83828	0.83830			6
2025.05.29	02:06:09.376	0.83827				2
2025.05.29	02:06:11.039	0.83828				2
2025.05.29	02:06:19.299	0.83829				2
2025.05.29	02:06:22.405	0.83826	0.83828			6
2025.05.29	02:06:23.138	0.83825	0.83827			6
2025.05.29	02:06:23.442	0.83829	0.83830			6
2025.05.29	02:06:25.837		0.83831			4
2025.05.29	02:06:26.995	0.83828	0.83830			6
2025.05.29	02:06:27.299	0.83829	0.83831			6
2025.05.29	02:06:27.765		0.83832			4
2025.05.29	02:06:29.464	0.83830				2
2025.05.29	02:06:30.892	0.83831	0.83833			6
2025.05.29	02:06:38.487	0.83830	0.83832			6
2025.05.29	02:06:43.028		0.83833			4
2025.05.29	02:06:44.059	0.83831				2
2025.05.29	02:06:47.034	0.83830				2
2025.05.29	02:06:48.695	0.83831				2
2025.05.29	02:06:49.290	0.83830				2
2025.05.29	02:06:51.647		0.83832			4
2025.05.29	02:06:52.251		0.83833			4
2025.05.29	02:06:53.404	0.83834	0.83836			6
2025.05.29	02:06:53.719	0.83835				2
2025.05.29	02:06:55.648	0.83836	0.83837			6
2025.05.29	02:06:58.486	0.83835	0.83836			6
2025.05.29	02:07:00.132	0.83835				2
2025.05.29	02:07:01.350	0.83836	0.83837			6
2025.05.29	02:07:02.909	0.83835				2
2025.05.29	02:07:16.965	0.83836	0.83838			6
2025.05.29	02:07:21.165	0.83835	0.83836			6
2025.05.29	02:07:21.479	0.83834				2
2025.05.29	02:07:22.380	0.83835				2
2025.05.29	02:07:34.557		0.83837			4
2025.05.29	02:07:35.676		0.83836			4
2025.05.29	02:07:41.701	0.83833	0.83835			6
2025.05.29	02:07:42.804	0.83834				2
2025.05.29	02:07:43.191		0.83836			4
2025.05.29	02:07:45.769		0.83835			4
2025.05.29	02:07:46.081		0.83836			4
2025.05.29	02:07:47.624	0.83833	0.83835			6
2025.05.29	02:07:48.354	0.83834				2
2025.05.29	02:07:49.828	0.83833				2
2025.05.29	02:07:52.635	0.83834	0.83836			6
2025.05.29	02:07:52.989	0.83835	0.83840			6
2025.05.29	02:07:53.300	0.83834	0.83836			6
2025.05.29	02:07:54.278	0.83833	0.83835			6
2025.05.29	02:07:55.297	0.83832	0.83833			6
2025.05.29	02:07:55.600		0.83834			4
2025.05.29	02:07:56.685	0.83833				2
2025.05.29	02:07:56.999	0.83836	0.83837			6
2025.05.29	02:07:57.322	0.83835	0.83836			6
2025.05.29	02:07:57.998	0.83834				2
2025.05.29	02:07:58.661	0.83833	0.83834			6
2025.05.29	02:07:59.396		0.83835			4
2025.05.29	02:07:59.710		0.83836			4
2025.05.29	02:08:00.103	0.83833				2
2025.05.29	02:08:00.446		0.83835			4
2025.05.29	02:08:01.156		0.83836			4
2025.05.29	02:08:02.489	0.83834				2
2025.05.29	02:08:06.746	0.83837	0.83839			6
2025.05.29	02:08:07.685	0.83839	0.83840			6
2025.05.29	02:08:09.019	0.83838				2
2025.05.29	02:08:09.897	0.83839				2
2025.05.29	02:08:10.633	0.83838				2
2025.05.29	02:08:11.397	0.83839				2
2025.05.29	02:08:13.063	0.83838				2
2025.05.29	02:08:15.831		0.83839			4
2025.05.29	02:08:17.883	0.83837				2
2025.05.29	02:08:19.214	0.83836				2
2025.05.29	02:08:20.406	0.83837				2
2025.05.29	02:08:28.385	0.83838				2
2025.05.29	02:08:29.337	0.83837				2
2025.05.29	02:08:38.370		0.83838			4
2025.05.29	02:08:39.610	0.83835	0.83837			6
2025.05.29	02:08:42.660	0.83836	0.83838			6
2025.05.29	02:08:42.963	0.83839	0.83840			6
2025.05.29	02:08:43.269	0.83838				2
2025.05.29	02:08:44.106	0.83839				2
2025.05.29	02:08:44.432	0.83840	0.83841			6
2025.05.29	02:08:47.832		0.83842			4
2025.05.29	02:08:48.271	0.83841				2
2025.05.29	02:08:52.237	0.83840				2
2025.05.29	02:08:57.402		0.83841			4
2025.05.29	02:08:59.349		0.83842			4
2025.05.29	02:09:00.503	0.83840				2
2025.05.29	02:09:02.431	0.83839				2
2025.05.29	02:09:02.804		0.83841			4
2025.05.29	02:09:05.415	0.83838				2
2025.05.29	02:09:05.970		0.83839			4
2025.05.29	02:09:06.687	0.83839	0.83840			6
2025.05.29	02:09:08.193	0.83840	0.83841			6
2025.05.29	02:09:11.438	0.83839	0.83840			6
2025.05.29	02:09:11.799	0.83840	0.83841			6
2025.05.29	02:09:13.484		0.83842			4
2025.05.29	02:09:15.310		0.83841			4
2025.05.29	02:09:16.095		0.83842			4
2025.05.29	02:09:17.945	0.83841				2
2025.05.29	02:09:18.747	0.83840	0.83841			6
2025.05.29	02:09:24.501		0.83842			4
2025.05.29	02:09:25.261	0.83839	0.83841			6
2025.05.29	02:09:25.625	0.83838	0.83840			6
2025.05.29	02:09:26.078	0.83837				2
2025.05.29	02:09:28.470	0.83839	0.83842			6
2025.05.29	02:09:28.816	0.83840	0.83841			6
2025.05.29	02:09:29.159		0.83842			4
2025.05.29	02:09:31.645	0.83843	0.83845			6
2025.05.29	02:09:31.958	0.83842	0.83844			6
2025.05.29	02:09:37.577	0.83841	0.83843			6
2025.05.29	02:09:45.370		0.83844			4
2025.05.29	02:09:45.681	0.83844	0.83845			6
2025.05.29	02:09:47.808	0.83842	0.83844			6
2025.05.29	02:09:48.667	0.83843	0.83846			6
2025.05.29	02:09:48.980	0.83845				2
2025.05.29	02:09:49.283	0.83842	0.83845			6
2025.05.29	02:09:49.781	0.83841	0.83844			6
2025.05.29	02:09:51.603	0.83842				2
2025.05.29	02:09:52.669	0.83841				2
2025.05.29	02:09:55.634	0.83837	0.83839			6
2025.05.29	02:09:55.939		0.83840			4
2025.05.29	02:09:56.984	0.83836	0.83839			6
2025.05.29	02:09:57.448	0.83834	0.83838			6
2025.05.29	02:09:57.759	0.83835	0.83837			6
2025.05.29	02:09:58.684	0.83834	0.83836			6
2025.05.29	02:09:59.016	0.83833				2
2025.05.29	02:09:59.774	0.83834				2
2025.05.29	02:10:00.226	0.83834				2
2025.05.29	02:10:01.030	0.83833				2
2025.05.29	02:10:01.333		0.83835			4
2025.05.29	02:10:02.005	0.83835	0.83838			6
2025.05.29	02:10:02.724	0.83837	0.83841			6
2025.05.29	02:10:03.043		0.83839			4
2025.05.29	02:10:03.980	0.83836				2
2025.05.29	02:10:04.295	0.83837				2
2025.05.29	02:10:04.641	0.83838	0.83840			6
2025.05.29	02:10:04.946		0.83841			4
2025.05.29	02:10:05.799	0.83839	0.83842			6
2025.05.29	02:10:07.006	0.83840	0.83843			6
2025.05.29	02:10:07.331	0.83839	0.83841			6
2025.05.29	02:10:08.049		0.83842			4
2025.05.29	02:10:08.371	0.83840				2
2025.05.29	02:10:09.062	0.83841				2
2025.05.29	02:10:09.381	0.83840	0.83841			6
2025.05.29	02:10:09.818		0.83842			4
2025.05.29	02:10:10.541	0.83839				2
2025.05.29	02:10:10.857	0.83840				2
2025.05.29	02:10:11.342	0.83839	0.83840			6
2025.05.29	02:10:11.646	0.83838				2
2025.05.29	02:10:20.121	0.83837	0.83838			6
2025.05.29	02:10:21.032	0.83838	0.83840			6
2025.05.29	02:10:23.194	0.83837	0.83839			6
2025.05.29	02:10:24.268	0.83836	0.83838			6
2025.05.29	02:10:25.065		0.83839			4
2025.05.29	02:10:25.639	0.83835	0.83837			6
2025.05.29	02:10:26.254	0.83836	0.83838			6
2025.05.29	02:10:26.559	0.83837	0.83840			6
2025.05.29	02:10:28.748		0.83839			4
2025.05.29	02:10:29.072	0.83835	0.83837			6
2025.05.29	02:10:29.397		0.83836			4
2025.05.29	02:10:29.716		0.83837			4
2025.05.29	02:10:31.139	0.83836	0.83838			6
2025.05.29	02:10:31.444		0.83837			4
2025.05.29	02:10:32.046		0.83838			4
2025.05.29	02:10:33.329		0.83837			4
2025.05.29	02:10:33.687		0.83838			4
2025.05.29	02:10:35.184		0.83837			4
2025.05.29	02:10:35.832	0.83837	0.83839			6
2025.05.29	02:10:36.168		0.83838			4
2025.05.29	02:10:36.483	0.83838	0.83839			6
2025.05.29	02:10:40.159	0.83834	0.83836			6
2025.05.29	02:10:40.468	0.83833	0.83835			6
2025.05.29	02:10:41.581	0.83832				2
2025.05.29	02:10:43.402	0.83833				2
2025.05.29	02:10:44.111	0.83832	0.83834			6
2025.05.29	02:10:44.419	0.83833	0.83835			6
2025.05.29	02:10:44.723	0.83831	0.83834			6
2025.05.29	02:10:45.496		0.83833			4
2025.05.29	02:10:45.849		0.83832			4
2025.05.29	02:10:46.492	0.83829	0.83831			6
2025.05.29	02:10:46.803	0.83831	0.83832			6
2025.05.29	02:10:47.114	0.83832	0.83833			6
2025.05.29	02:10:47.628	0.83834	0.83835			6
2025.05.29	02:10:48.047	0.83832	0.83833			6
2025.05.29	02:10:48.362	0.83836	0.83837			6
2025.05.29	02:10:48.680	0.83834				2
2025.05.29	02:10:48.999	0.83835				2
2025.05.29	02:10:49.321	0.83837	0.83838			6
2025.05.29	02:10:50.288	0.83835	0.83836			6
2025.05.29	02:10:50.624	0.83838	0.83839			6
2025.05.29	02:10:50.940	0.83836	0.83837			6
2025.05.29	02:10:51.580	0.83837	0.83838			6
2025.05.29	02:10:51.900	0.83835	0.83837			6
2025.05.29	02:10:52.204	0.83836	0.83839			6
2025.05.29	02:10:52.826	0.83838				2
2025.05.29	02:10:53.140	0.83837	0.83838			6
2025.05.29	02:10:53.440	0.83836	0.83837			6
2025.05.29	02:10:53.755	0.83837	0.83838			6
2025.05.29	02:10:54.457	0.83836	0.83837			6
2025.05.29	02:10:55.213		0.83838			4
2025.05.29	02:10:55.517		0.83839			4
2025.05.29	02:10:55.913		0.83838			4
2025.05.29	02:10:56.285	0.83839	0.83846			6
2025.05.29	02:10:56.601	0.83843	0.83844			6
2025.05.29	02:10:56.908	0.83836	0.83837			6
2025.05.29	02:10:57.223	0.83835	0.83836			6
2025.05.29	02:10:57.523	0.83834				2
2025.05.29	02:10:57.841	0.83836	0.83837			6
2025.05.29	02:10:58.143	0.83833	0.83834			6
2025.05.29	02:10:58.767	0.83834	0.83835			6
2025.05.29	02:10:59.191	0.83833	0.83834			6
2025.05.29	02:10:59.499	0.83832	0.83835			6
2025.05.29	02:10:59.803	0.83833	0.83834			6
2025.05.29	02:11:00.122	0.83834	0.83836			6
2025.05.29	02:11:00.423	0.83835	0.83837			6
2025.05.29	02:11:00.739		0.83836			4
2025.05.29	02:11:01.360	0.83832	0.83833			6
2025.05.29	02:11:02.483	0.83831	0.83832			6
2025.05.29	02:11:04.331	0.83830	0.83833			6
2025.05.29	02:11:04.642		0.83831			4
2025.05.29	02:11:04.958	0.83831	0.83832			6
2025.05.29	02:11:05.975	0.83827	0.83829			6
2025.05.29	02:11:06.811		0.83828			4
2025.05.29	02:11:08.293	0.83828	0.83829			6
2025.05.29	02:11:08.605		0.83830			4
2025.05.29	02:11:08.967		0.83829			4
2025.05.29	02:11:09.348	0.83829	0.83830			6
2025.05.29	02:11:11.659	0.83831	0.83832			6
2025.05.29	02:11:11.997	0.83830				2
2025.05.29	02:11:12.389		0.83833			4
2025.05.29	02:11:13.216		0.83831			4
2025.05.29	02:11:15.268	0.83832	0.83833			6
2025.05.29	02:11:15.926		0.83834			4
2025.05.29	02:11:16.583	0.83830	0.83832			6
2025.05.29	02:11:16.891	0.83831				2
2025.05.29	02:11:18.895	0.83830	0.83833			6
2025.05.29	02:11:20.685	0.83831	0.83832			6
2025.05.29	02:11:21.367		0.83834			4
2025.05.29	02:11:21.706		0.83832			4
2025.05.29	02:11:23.261	0.83829	0.83831			6
2025.05.29	02:11:24.868	0.83830				2
2025.05.29	02:11:25.214	0.83828	0.83830			6
2025.05.29	02:11:25.592		0.83829			4
2025.05.29	02:11:26.177	0.83830	0.83831			6
2025.05.29	02:11:28.108	0.83829				2
2025.05.29	02:11:29.285		0.83830			4
2025.05.29	02:11:30.236	0.83830	0.83831			6
2025.05.29	02:11:31.540	0.83829				2
2025.05.29	02:11:31.853	0.83828	0.83829			6
2025.05.29	02:11:32.784	0.83826	0.83827			6
2025.05.29	02:11:33.971	0.83827	0.83828			6
2025.05.29	02:11:34.277		0.83829			4
2025.05.29	02:11:35.021	0.83823	0.83825			6
2025.05.29	02:11:35.352	0.83825	0.83826			6
2025.05.29	02:11:35.720	0.83824				2
2025.05.29	02:11:37.270	0.83823	0.83825			6
2025.05.29	02:11:37.578	0.83821	0.83823			6
2025.05.29	02:11:38.222		0.83824			4
2025.05.29	02:11:40.540		0.83823			4
2025.05.29	02:11:41.232		0.83822			4
2025.05.29	02:11:41.674	0.83819				2
2025.05.29	02:11:41.978	0.83821				2
2025.05.29	02:11:42.706	0.83822	0.83823			6
2025.05.29	02:11:44.539	0.83823	0.83825			6
2025.05.29	02:11:44.844		0.83824			4
2025.05.29	02:11:46.490	0.83822	0.83823			6
2025.05.29	02:11:47.437		0.83824			4
2025.05.29	02:11:47.741		0.83823			4
2025.05.29	02:11:48.097		0.83825			4
2025.05.29	02:11:48.413	0.83816	0.83818			6
2025.05.29	02:11:48.719	0.83815				2
2025.05.29	02:11:49.058	0.83814	0.83816			6
2025.05.29	02:11:49.389	0.83815				2
2025.05.29	02:11:49.699	0.83813	0.83815			6
2025.05.29	02:11:50.053	0.83815	0.83816			6
2025.05.29	02:11:51.554	0.83816	0.83817			6
2025.05.29	02:11:52.331	0.83817	0.83818			6
2025.05.29	02:11:52.641		0.83820			4
2025.05.29	02:11:52.946	0.83818				2
2025.05.29	02:11:53.739	0.83817	0.83819			6
2025.05.29	02:11:54.578		0.83818			4
2025.05.29	02:11:54.932	0.83818	0.83819			6
2025.05.29	02:11:57.997	0.83816				2
2025.05.29	02:11:58.302		0.83818			4
2025.05.29	02:11:58.619	0.83818	0.83819			6
2025.05.29	02:11:58.922	0.83819	0.83820			6
2025.05.29	02:11:59.574	0.83823	0.83824			6
2025.05.29	02:11:59.879	0.83826	0.83827			6
2025.05.29	02:12:00.195	0.83825	0.83826			6
2025.05.29	02:12:00.532	0.83831	0.83832			6
2025.05.29	02:12:00.836	0.83832	0.83833			6
2025.05.29	02:12:01.147	0.83833	0.83835			6
2025.05.29	02:12:01.617	0.83834				2
2025.05.29	02:12:01.920	0.83833	0.83834			6
2025.05.29	02:12:02.225	0.83830	0.83831			6
2025.05.29	02:12:02.848	0.83829	0.83830			6
2025.05.29	02:12:03.714	0.83830	0.83831			6
2025.05.29	02:12:04.558	0.83832	0.83833			6
2025.05.29	02:12:05.739	0.83831	0.83832			6
2025.05.29	02:12:06.063	0.83830	0.83831			6
2025.05.29	02:12:06.749	0.83833	0.83834			6
2025.05.29	02:12:07.060	0.83832	0.83833			6
2025.05.29	02:12:07.361	0.83833	0.83834			6
2025.05.29	02:12:07.701	0.83835	0.83836			6
2025.05.29	02:12:08.021	0.83836	0.83837			6
2025.05.29	02:12:08.985	0.83837	0.83838			6
2025.05.29	02:12:09.308	0.83839	0.83840			6
2025.05.29	02:12:09.620	0.83838				2
2025.05.29	02:12:09.938		0.83842			4
2025.05.29	02:12:10.261	0.83844	0.83845			6
2025.05.29	02:12:11.280	0.83841	0.83842			6
2025.05.29	02:12:11.924	0.83842	0.83843			6
2025.05.29	02:12:12.249	0.83840	0.83841			6
2025.05.29	02:12:12.560	0.83841	0.83844			6
2025.05.29	02:12:12.867	0.83843	0.83845			6
2025.05.29	02:12:13.503	0.83844				2
2025.05.29	02:12:13.805		0.83846			4
2025.05.29	02:12:14.128	0.83845				2
2025.05.29	02:12:14.437	0.83846	0.83848			6
2025.05.29	02:12:15.094		0.83849			4
2025.05.29	02:12:15.479	0.83844	0.83846			6
2025.05.29	02:12:16.109		0.83845			4
2025.05.29	02:12:21.214	0.83843	0.83844			6
2025.05.29	02:12:21.832	0.83842				2
2025.05.29	02:12:22.566	0.83841	0.83843			6
2025.05.29	02:12:23.579	0.83842				2
2025.05.29	02:12:30.772	0.83841				2
2025.05.29	02:12:32.069		0.83842			4
2025.05.29	02:12:32.625	0.83843	0.83844			6
2025.05.29	02:12:34.782	0.83839	0.83840			6
2025.05.29	02:12:39.094	0.83837	0.83839			6
2025.05.29	02:12:40.318	0.83839	0.83841			6
2025.05.29	02:12:42.444	0.83838				2
2025.05.29	02:12:43.135	0.83839				2
2025.05.29	02:12:45.435		0.83842			4
2025.05.29	02:12:45.948	0.83841	0.83844			6
2025.05.29	02:12:46.967		0.83842			4
2025.05.29	02:12:49.652	0.83842	0.83843			6
2025.05.29	02:12:50.467	0.83841	0.83842			6
2025.05.29	02:12:51.669	0.83842	0.83843			6
2025.05.29	02:12:52.357	0.83841	0.83842			6
2025.05.29	02:12:53.813	0.83842	0.83845			6
2025.05.29	02:12:54.123	0.83843	0.83844			6
2025.05.29	02:12:57.326	0.83842				2
2025.05.29	02:12:58.302		0.83843			4
2025.05.29	02:12:58.623		0.83844			4
2025.05.29	02:12:59.653	0.83843	0.83846			6
2025.05.29	02:13:00.355	0.83844				2
2025.05.29	02:13:01.045	0.83843				2
2025.05.29	02:13:01.663		0.83845			4
2025.05.29	02:13:02.461	0.83841	0.83843			6
2025.05.29	02:13:02.781	0.83840	0.83842			6
2025.05.29	02:13:03.441	0.83843	0.83845			6
2025.05.29	02:13:03.755	0.83842				2
2025.05.29	02:13:04.117		0.83844			4
2025.05.29	02:13:05.562	0.83841				2
2025.05.29	02:13:06.083		0.83843			4
2025.05.29	02:13:06.749	0.83840	0.83842			6
2025.05.29	02:13:07.060	0.83838	0.83840			6
2025.05.29	02:13:08.031		0.83839			4
2025.05.29	02:13:08.648	0.83836	0.83837			6
2025.05.29	02:13:09.665	0.83832	0.83834			6
2025.05.29	02:13:10.318	0.83833	0.83835			6
2025.05.29	02:13:11.097	0.83834	0.83836			6
2025.05.29	02:13:11.399	0.83835				2
2025.05.29	02:13:13.491	0.83836	0.83837			6
2025.05.29	02:13:19.237	0.83837	0.83838			6
2025.05.29	02:13:20.299	0.83839	0.83840			6
2025.05.29	02:13:20.603	0.83837	0.83838			6
2025.05.29	02:13:21.321		0.83840			4
2025.05.29	02:13:21.690	0.83839				2
2025.05.29	02:13:22.000	0.83838				2
2025.05.29	02:13:22.353		0.83839			4
2025.05.29	02:13:23.088		0.83840			4
2025.05.29	02:13:23.477		0.83839			4
2025.05.29	02:13:26.346	0.83840	0.83841			6
2025.05.29	02:13:26.667	0.83843	0.83844			6
2025.05.29	02:13:28.285	0.83844	0.83845			6
2025.05.29	02:13:29.472	0.83843	0.83844			6
2025.05.29	02:13:30.463	0.83845	0.83846			6
2025.05.29	02:13:32.676	0.83846	0.83847			6
2025.05.29	02:13:33.085	0.83845				2
2025.05.29	02:13:33.400		0.83846			4
2025.05.29	02:13:33.703	0.83844	0.83845			6
2025.05.29	02:13:34.654	0.83845	0.83846			6
2025.05.29	02:13:34.966	0.83844	0.83845			6
2025.05.29	02:13:35.291	0.83845	0.83846			6
2025.05.29	02:13:36.373	0.83844	0.83845			6
2025.05.29	02:13:37.618	0.83843	0.83844			6
2025.05.29	02:13:38.955	0.83844	0.83845			6
2025.05.29	02:13:40.349	0.83843				2
2025.05.29	02:13:44.191	0.83844				2
2025.05.29	02:13:45.376	0.83845	0.83846			6
2025.05.29	02:13:46.507	0.83841	0.83842			6
2025.05.29	02:13:46.820	0.83839	0.83840			6
2025.05.29	02:13:47.139	0.83838	0.83839			6
2025.05.29	02:13:48.566	0.83835	0.83836			6
2025.05.29	02:13:49.184	0.83836	0.83837			6
2025.05.29	02:13:49.562	0.83835				2
2025.05.29	02:13:50.165	0.83836				2
2025.05.29	02:13:51.517	0.83837	0.83840			6
2025.05.29	02:13:51.818		0.83838			4
2025.05.29	02:13:53.750	0.83835	0.83836			6
2025.05.29	02:13:54.739	0.83834	0.83835			6
2025.05.29	02:13:55.410	0.83836	0.83837			6
2025.05.29	02:13:59.433	0.83837	0.83838			6
2025.05.29	02:14:00.316	0.83837				2
2025.05.29	02:14:01.236	0.83836	0.83837			6
2025.05.29	02:14:01.575	0.83838	0.83839			6
2025.05.29	02:14:02.610	0.83836	0.83837			6
2025.05.29	02:14:03.668	0.83837	0.83838			6
2025.05.29	02:14:04.701	0.83838	0.83839			6
2025.05.29	02:14:06.389	0.83835	0.83837			6
2025.05.29	02:14:07.002	0.83834				2
2025.05.29	02:14:07.303	0.83835				2
2025.05.29	02:14:08.323	0.83837	0.83838			6
2025.05.29	02:14:14.498	0.83836	0.83837			6
2025.05.29	02:14:15.974	0.83838	0.83839			6
2025.05.29	02:14:17.448	0.83836	0.83837			6
2025.05.29	02:14:18.623	0.83837	0.83838			6
2025.05.29	02:14:19.781	0.83836	0.83837			6
2025.05.29	02:14:22.208	0.83835	0.83836			6
2025.05.29	02:14:23.378	0.83836	0.83837			6
2025.05.29	02:14:28.651	0.83835	0.83836			6
2025.05.29	02:14:29.598	0.83831	0.83832			6
2025.05.29	02:14:30.355	0.83832	0.83833			6
2025.05.29	02:14:32.350	0.83833	0.83834			6
2025.05.29	02:14:33.050	0.83832	0.83833			6
2025.05.29	02:14:34.132	0.83833	0.83834			6
2025.05.29	02:14:34.439	0.83832	0.83833			6
2025.05.29	02:14:35.192	0.83831	0.83832			6
2025.05.29	02:14:35.876	0.83830	0.83831			6
2025.05.29	02:14:36.411	0.83831	0.83832			6
2025.05.29	02:14:48.315		0.83834			4
2025.05.29	02:14:49.434		0.83833			4
2025.05.29	02:14:50.562		0.83832			4
2025.05.29	02:14:52.125	0.83830	0.83831			6
2025.05.29	02:14:53.603	0.83832	0.83833			6
2025.05.29	02:14:54.913		0.83834			4
2025.05.29	02:14:56.785		0.83833			4
2025.05.29	02:14:57.100	0.83829	0.83830			6
2025.05.29	02:15:00.098	0.83828				2
2025.05.29	02:15:00.433		0.83829			4
2025.05.29	02:15:00.742	0.83827				2
2025.05.29	02:15:01.052	0.83828				2
2025.05.29	02:15:01.714	0.83827	0.83828			6
2025.05.29	02:15:02.018	0.83825	0.83827			6
2025.05.29	02:15:02.321		0.83826			4
2025.05.29	02:15:02.785	0.83824				2
2025.05.29	02:15:04.583	0.83827	0.83829			6
2025.05.29	02:15:04.912		0.83828			4
2025.05.29	02:15:06.039	0.83826				2
2025.05.29	02:15:06.742	0.83827	0.83829			6
2025.05.29	02:15:07.688	0.83824	0.83826			6
2025.05.29	02:15:08.002		0.83825			4
2025.05.29	02:15:08.344	0.83826	0.83827			6
2025.05.29	02:15:11.331		0.83828			4
2025.05.29	02:15:12.566		0.83827			4
2025.05.29	02:15:14.082		0.83828			4
2025.05.29	02:15:14.819		0.83827			4
2025.05.29	02:15:16.143	0.83827	0.83828			6
2025.05.29	02:15:17.061	0.83828	0.83831			6
2025.05.29	02:15:17.851	0.83829				2
2025.05.29	02:15:18.348	0.83828	0.83830			6
2025.05.29	02:15:19.461	0.83824	0.83826			6
2025.05.29	02:15:20.353	0.83825				2
2025.05.29	02:15:20.661	0.83824	0.83825			6
2025.05.29	02:15:21.600	0.83823				2
2025.05.29	02:15:21.911	0.83824				2
2025.05.29	02:15:22.220	0.83825	0.83826			6
2025.05.29	02:15:26.983	0.83827	0.83828			6
2025.05.29	02:15:27.740	0.83828	0.83829			6
2025.05.29	02:15:28.729		0.83830			4
2025.05.29	02:15:30.020	0.83827				2
2025.05.29	02:15:32.350	0.83828				2
2025.05.29	02:15:32.951	0.83826	0.83828			6
2025.05.29	02:15:33.271	0.83825	0.83827			6
2025.05.29	02:15:33.576		0.83826			4
2025.05.29	02:15:34.351	0.83824				2
2025.05.29	02:15:40.577	0.83823	0.83825			6
2025.05.29	02:15:41.141	0.83822	0.83824			6
2025.05.29	02:15:42.034	0.83821				2
2025.05.29	02:15:43.030		0.83823			4
2025.05.29	02:15:45.720	0.83816	0.83819			6
2025.05.29	02:15:46.037		0.83818			4
2025.05.29	02:15:48.661		0.83817			4
2025.05.29	02:15:51.742	0.83815	0.83816			6
2025.05.29	02:15:53.136		0.83817			4
2025.05.29	02:15:54.209	0.83816				2
2025.05.29	02:15:54.856	0.83814	0.83815			6
2025.05.29	02:15:55.491	0.83812	0.83814			6
2025.05.29	02:15:55.799	0.83810	0.83812			6
2025.05.29	02:15:56.112	0.83809	0.83811			6
2025.05.29	02:15:56.418	0.83806	0.83809			6
2025.05.29	02:15:57.595		0.83807			4
2025.05.29	02:15:57.914	0.83805				2
2025.05.29	02:15:58.228	0.83806				2
2025.05.29	02:15:58.858	0.83808	0.83811			6
2025.05.29	02:15:59.392	0.83809				2
2025.05.29	02:16:00.142	0.83805	0.83806			6
2025.05.29	02:16:00.446	0.83806	0.83807			6
2025.05.29	02:16:01.071	0.83805	0.83806			6
2025.05.29	02:16:02.307		0.83808			4
2025.05.29	02:16:02.620	0.83807	0.83809			6
2025.05.29	02:16:04.451	0.83806				2
2025.05.29	02:16:04.987		0.83808			4
2025.05.29	02:16:06.586	0.83807	0.83809			6
2025.05.29	02:16:06.896	0.83808				2
2025.05.29	02:16:07.984		0.83810			4
2025.05.29	02:16:08.296	0.83807	0.83809			6
2025.05.29	02:16:08.600	0.83806	0.83808			6
2025.05.29	02:16:09.945	0.83804	0.83806			6
2025.05.29	02:16:10.879	0.83807	0.83808			6
2025.05.29	02:16:11.501	0.83805	0.83806			6
2025.05.29	02:16:12.556	0.83804	0.83805			6
2025.05.29	02:16:12.877		0.83808			4
2025.05.29	02:16:14.390		0.83806			4
2025.05.29	02:16:14.778		0.83807			4
2025.05.29	02:16:15.849	0.83805	0.83806			6
2025.05.29	02:16:16.164		0.83807			4
2025.05.29	02:16:17.252	0.83797	0.83803			6
2025.05.29	02:16:17.559	0.83796	0.83802			6
2025.05.29	02:16:17.877	0.83798				2
2025.05.29	02:16:18.701	0.83800	0.83803			6
2025.05.29	02:16:19.321	0.83801	0.83802			6
2025.05.29	02:16:19.717	0.83800	0.83803			6
2025.05.29	02:16:20.085	0.83796	0.83800			6
2025.05.29	02:16:20.399	0.83791	0.83794			6
2025.05.29	02:16:21.321		0.83792			4
2025.05.29	02:16:22.093	0.83795	0.83798			6
2025.05.29	02:16:22.413	0.83792	0.83794			6
2025.05.29	02:16:23.145	0.83791	0.83793			6
2025.05.29	02:16:23.459	0.83793	0.83794			6
2025.05.29	02:16:23.761	0.83791				2
2025.05.29	02:16:24.079	0.83792				2
2025.05.29	02:16:24.399	0.83791	0.83793			6
2025.05.29	02:16:25.049		0.83794			4
2025.05.29	02:16:25.375	0.83793	0.83795			6
2025.05.29	02:16:25.982	0.83794				2
2025.05.29	02:16:26.680	0.83795	0.83796			6
2025.05.29	02:16:27.152	0.83792	0.83793			6
2025.05.29	02:16:27.466	0.83793	0.83794			6
2025.05.29	02:16:27.785	0.83794	0.83797			6
2025.05.29	02:16:28.099	0.83795				2
2025.05.29	02:16:28.403	0.83794				2
2025.05.29	02:16:28.728	0.83795				2
2025.05.29	02:16:29.073	0.83796	0.83798			6
2025.05.29	02:16:29.383	0.83795				2
2025.05.29	02:16:29.699		0.83797			4
2025.05.29	02:16:30.065	0.83796	0.83798			6
2025.05.29	02:16:30.375	0.83797				2
2025.05.29	02:16:30.681	0.83794	0.83796			6
2025.05.29	02:16:30.985	0.83793	0.83795			6
2025.05.29	02:16:32.287	0.83797	0.83798			6
2025.05.29	02:16:32.592	0.83796				2
2025.05.29	02:16:32.923	0.83797	0.83799			6
2025.05.29	02:16:33.283		0.83800			4
2025.05.29	02:16:34.281		0.83799			4
2025.05.29	02:16:34.605		0.83800			4
2025.05.29	02:16:34.912	0.83795	0.83798			6
2025.05.29	02:16:35.218		0.83797			4
2025.05.29	02:16:35.532	0.83797	0.83799			6
2025.05.29	02:16:35.841	0.83796				2
2025.05.29	02:16:36.150	0.83797				2
2025.05.29	02:16:36.505	0.83796				2
2025.05.29	02:16:36.823		0.83797			4
2025.05.29	02:16:37.256		0.83798			4
2025.05.29	02:16:37.559	0.83797	0.83800			6
2025.05.29	02:16:37.897	0.83796	0.83798			6
2025.05.29	02:16:38.273	0.83797	0.83799			6
2025.05.29	02:16:38.693	0.83796	0.83797			6
2025.05.29	02:16:40.993	0.83797	0.83799			6
2025.05.29	02:16:41.300	0.83795	0.83797			6
2025.05.29	02:16:42.043	0.83796	0.83798			6
2025.05.29	02:16:42.358	0.83797	0.83799			6
2025.05.29	02:16:44.459	0.83798				2
2025.05.29	02:16:46.002	0.83796	0.83797			6
2025.05.29	02:16:47.286	0.83797	0.83798			6
2025.05.29	02:16:47.770	0.83795	0.83796			6
2025.05.29	02:16:48.077		0.83797			4
2025.05.29	02:16:48.596		0.83796			4
2025.05.29	02:16:48.961	0.83793				2
2025.05.29	02:16:50.367	0.83794				2
2025.05.29	02:16:50.692	0.83793				2
2025.05.29	02:16:51.228		0.83795			4
2025.05.29	02:16:53.550	0.83792				2
2025.05.29	02:16:55.718	0.83794	0.83797			6
2025.05.29	02:16:56.805	0.83796				2
2025.05.29	02:16:57.766		0.83798			4
2025.05.29	02:16:58.192	0.83797				2
2025.05.29	02:16:58.547		0.83799			4
2025.05.29	02:17:00.057	0.83797				2
2025.05.29	02:17:01.599	0.83794	0.83796			6
2025.05.29	02:17:01.905	0.83795				2
2025.05.29	02:17:02.233	0.83796	0.83798			6
2025.05.29	02:17:04.326	0.83795	0.83796			6
2025.05.29	02:17:05.702		0.83797			4
2025.05.29	02:17:08.015	0.83794	0.83796			6
2025.05.29	02:17:08.319	0.83793	0.83795			6
2025.05.29	02:17:09.404	0.83794				2
2025.05.29	02:17:10.452	0.83795	0.83796			6
2025.05.29	02:17:11.210		0.83797			4
2025.05.29	02:17:11.577		0.83796			4
2025.05.29	02:17:13.836	0.83796	0.83797			6
2025.05.29	02:17:15.173	0.83795				2
2025.05.29	02:17:15.922	0.83796				2
2025.05.29	02:17:16.781	0.83795	0.83796			6
2025.05.29	02:17:17.130	0.83796	0.83797			6
2025.05.29	02:17:18.672	0.83797	0.83798			6
2025.05.29	02:17:18.980	0.83794	0.83797			6
2025.05.29	02:17:19.299	0.83795	0.83796			6
2025.05.29	02:17:19.602		0.83797			4
2025.05.29	02:17:20.796	0.83796				2
2025.05.29	02:17:22.346		0.83798			4
2025.05.29	02:17:22.987		0.83799			4
2025.05.29	02:17:23.394		0.83797			4
2025.05.29	02:17:23.705	0.83797	0.83799			6
2025.05.29	02:17:26.867	0.83796				2
2025.05.29	02:17:28.029		0.83798			4
2025.05.29	02:17:29.028	0.83795	0.83797			6
2025.05.29	02:17:30.877	0.83796				2
2025.05.29	02:17:31.218		0.83798			4
2025.05.29	02:17:32.388	0.83797				2
2025.05.29	02:17:32.736		0.83799			4
2025.05.29	02:17:33.053	0.83798	0.83801			6
2025.05.29	02:17:33.370		0.83800			4
2025.05.29	02:17:34.166		0.83801			4
2025.05.29	02:17:34.725		0.83800			4
2025.05.29	02:17:35.036	0.83799	0.83801			6
2025.05.29	02:17:35.693		0.83802			4
2025.05.29	02:17:37.952	0.83798	0.83800			6
2025.05.29	02:17:38.323		0.83801			4
2025.05.29	02:17:39.138	0.83797	0.83799			6
2025.05.29	02:17:40.018		0.83800			4
2025.05.29	02:17:42.347	0.83799	0.83802			6
2025.05.29	02:17:42.748	0.83800				2
2025.05.29	02:17:43.092		0.83803			4
2025.05.29	02:17:43.911		0.83802			4
2025.05.29	02:17:45.166	0.83799	0.83801			6
2025.05.29	02:17:45.962	0.83798				2
2025.05.29	02:17:48.098		0.83800			4
2025.05.29	02:17:51.448	0.83800	0.83802			6
2025.05.29	02:17:52.343	0.83804	0.83806			6
2025.05.29	02:17:55.036	0.83803				2
2025.05.29	02:17:55.408		0.83805			4
2025.05.29	02:17:56.644	0.83804	0.83807			6
2025.05.29	02:17:58.345	0.83807	0.83809			6
2025.05.29	02:18:00.193	0.83806				2
2025.05.29	02:18:00.505		0.83808			4
2025.05.29	02:18:05.767	0.83809	0.83811			6
2025.05.29	02:18:07.051	0.83808	0.83810			6
2025.05.29	02:18:09.439	0.83807				2
2025.05.29	02:18:09.878	0.83806	0.83809			6
2025.05.29	02:18:10.231	0.83805	0.83806			6
2025.05.29	02:18:10.540	0.83804				2
2025.05.29	02:18:15.198	0.83802	0.83805			6
2025.05.29	02:18:15.502		0.83803			4
2025.05.29	02:18:15.945	0.83799	0.83802			6
2025.05.29	02:18:16.265	0.83800				2
2025.05.29	02:18:16.621	0.83801	0.83803			6
2025.05.29	02:18:17.251	0.83802				2
2025.05.29	02:18:18.089	0.83801				2
2025.05.29	02:18:18.399	0.83802				2
2025.05.29	02:18:20.862	0.83801				2
2025.05.29	02:18:21.165	0.83802	0.83804			6
2025.05.29	02:18:21.481		0.83803			4
2025.05.29	02:18:22.022	0.83801				2
2025.05.29	02:18:23.436	0.83802	0.83804			6
2025.05.29	02:18:24.061	0.83803				2
2025.05.29	02:18:26.154	0.83800	0.83802			6
2025.05.29	02:18:26.461		0.83803			4
2025.05.29	02:18:26.819		0.83802			4
2025.05.29	02:18:27.223	0.83799	0.83800			6
2025.05.29	02:18:27.541	0.83798				2
2025.05.29	02:18:28.159	0.83800	0.83802			6
2025.05.29	02:18:29.704	0.83801	0.83803			6
2025.05.29	02:18:30.019	0.83799	0.83801			6
2025.05.29	02:18:30.758	0.83800	0.83803			6
2025.05.29	02:18:31.061	0.83801				2
2025.05.29	02:18:32.048	0.83802	0.83804			6
2025.05.29	02:18:32.679	0.83801				2
2025.05.29	02:18:32.982		0.83803			4
2025.05.29	02:18:33.287	0.83800				2
2025.05.29	02:18:33.913	0.83801				2
2025.05.29	02:18:37.328	0.83802	0.83804			6
2025.05.29	02:18:38.345	0.83803	0.83806			6
2025.05.29	02:18:38.660	0.83805	0.83807			6
2025.05.29	02:18:40.016	0.83804	0.83806			6
2025.05.29	02:18:40.456		0.83807			4
2025.05.29	02:18:41.607		0.83806			4
2025.05.29	02:18:43.058		0.83807			4
2025.05.29	02:18:43.988		0.83806			4
2025.05.29	02:18:50.810		0.83805			4
2025.05.29	02:18:52.660	0.83803	0.83806			6
2025.05.29	02:18:53.042	0.83804				2
2025.05.29	02:18:55.756		0.83807			4
2025.05.29	02:18:58.177	0.83805	0.83806			6
2025.05.29	02:18:58.480	0.83804				2
2025.05.29	02:18:58.782	0.83803				2
2025.05.29	02:18:59.090		0.83805			4
2025.05.29	02:19:00.351	0.83803				2
2025.05.29	02:19:00.831	0.83804	0.83806			6
2025.05.29	02:19:06.338	0.83803	0.83805			6
2025.05.29	02:19:06.695	0.83802	0.83804			6
2025.05.29	02:19:07.048	0.83803	0.83805			6
2025.05.29	02:19:07.829	0.83804	0.83806			6
2025.05.29	02:19:12.837		0.83805			4
2025.05.29	02:19:13.165	0.83807	0.83808			6
2025.05.29	02:19:13.472		0.83809			4
2025.05.29	02:19:16.040		0.83810			4
2025.05.29	02:19:17.041	0.83808	0.83809			6
2025.05.29	02:19:17.984	0.83807				2
2025.05.29	02:19:19.975	0.83806				2
2025.05.29	02:19:20.343		0.83808			4
2025.05.29	02:19:20.754	0.83805				2
2025.05.29	02:19:21.472		0.83807			4
2025.05.29	02:19:22.418	0.83806	0.83808			6
2025.05.29	02:19:25.371	0.83808	0.83809			6
2025.05.29	02:19:27.078	0.83807				2
2025.05.29	02:19:27.972	0.83808	0.83810			6
2025.05.29	02:19:29.043	0.83809	0.83811			6
2025.05.29	02:19:29.698	0.83808	0.83810			6
2025.05.29	02:19:30.403	0.83809	0.83811			6
2025.05.29	02:19:32.661	0.83808				2
2025.05.29	02:19:33.362		0.83810			4
2025.05.29	02:19:34.350	0.83807	0.83809			6
2025.05.29	02:19:37.483	0.83806				2
2025.05.29	02:19:40.590		0.83808			4
2025.05.29	02:19:41.290	0.83805	0.83807			6
2025.05.29	02:19:44.294	0.83806	0.83808			6
2025.05.29	02:19:45.863	0.83805	0.83807			6
2025.05.29	02:19:50.700		0.83808			4
2025.05.29	02:19:51.677	0.83801	0.83803			6
2025.05.29	02:19:52.042	0.83800				2
2025.05.29	02:19:52.980	0.83801				2
2025.05.29	02:19:53.306	0.83800				2
2025.05.29	02:19:53.766		0.83802			4
2025.05.29	02:19:54.382	0.83798	0.83801			6
2025.05.29	02:19:54.738		0.83800			4
2025.05.29	02:19:55.091		0.83801			4
2025.05.29	02:19:56.530	0.83799				2
2025.05.29	02:19:58.587	0.83801	0.83804			6
2025.05.29	02:19:58.893		0.83803			4
2025.05.29	02:19:59.981	0.83798	0.83800			6
2025.05.29	02:20:00.359	0.83798				2
2025.05.29	02:20:01.006	0.83797	0.83799			6
2025.05.29	02:20:03.597	0.83795	0.83797			6
2025.05.29	02:20:06.183	0.83792	0.83795			6
2025.05.29	02:20:06.501	0.83789	0.83791			6
2025.05.29	02:20:06.819		0.83792			4
2025.05.29	02:20:07.181	0.83787	0.83789			6
2025.05.29	02:20:09.400	0.83786	0.83788			6
2025.05.29	02:20:09.720	0.83785	0.83786			6
2025.05.29	02:20:10.384	0.83783	0.83785			6
2025.05.29	02:20:13.212	0.83781				2
2025.05.29	02:20:14.636	0.83782				2
2025.05.29	02:20:15.911	0.83783				2
2025.05.29	02:20:16.211	0.83782				2
2025.05.29	02:20:17.905	0.83784				2
2025.05.29	02:20:20.007		0.83786			4
2025.05.29	02:20:20.752		0.83785			4
2025.05.29	02:20:21.475	0.83783				2
2025.05.29	02:20:23.011	0.83784				2
2025.05.29	02:20:23.320	0.83781	0.83782			6
2025.05.29	02:20:26.377	0.83780				2
2025.05.29	02:20:26.925	0.83779	0.83781			6
2025.05.29	02:20:30.997	0.83780				2
2025.05.29	02:20:31.314		0.83782			4
2025.05.29	02:20:31.680		0.83781			4
2025.05.29	02:20:34.260		0.83782			4
2025.05.29	02:20:35.717	0.83781				2
2025.05.29	02:20:36.771	0.83780				2
2025.05.29	02:20:37.729	0.83781	0.83783			6
2025.05.29	02:20:38.623	0.83782	0.83784			6
2025.05.29	02:20:40.327		0.83783			4
2025.05.29	02:20:40.641		0.83784			4
2025.05.29	02:20:42.604		0.83783			4
2025.05.29	02:20:42.930		0.83784			4
2025.05.29	02:20:43.279	0.83780	0.83782			6
2025.05.29	02:20:43.633		0.83781			4
2025.05.29	02:20:43.941		0.83782			4
2025.05.29	02:20:44.558		0.83781			4
2025.05.29	02:20:44.879		0.83782			4
2025.05.29	02:20:49.057		0.83781			4
2025.05.29	02:20:50.056	0.83778				2
2025.05.29	02:20:50.359	0.83779				2
2025.05.29	02:20:51.198	0.83778				2
2025.05.29	02:20:51.932		0.83780			4
2025.05.29	02:20:52.578	0.83777	0.83779			6
2025.05.29	02:20:57.886	0.83778				2
2025.05.29	02:20:58.200		0.83780			4
2025.05.29	02:20:59.792	0.83779	0.83781			6
2025.05.29	02:21:00.395	0.83779				2
2025.05.29	02:21:01.365	0.83780	0.83782			6
2025.05.29	02:21:02.115	0.83781	0.83783			6
2025.05.29	02:21:04.298		0.83782			4
2025.05.29	02:21:05.600	0.83780				2
2025.05.29	02:21:08.020	0.83781	0.83783			6
2025.05.29	02:21:08.689		0.83782			4
2025.05.29	02:21:09.042		0.83783			4
2025.05.29	02:21:09.686	0.83782	0.83784			6
2025.05.29	02:21:12.554	0.83783	0.83785			6
2025.05.29	02:21:16.063	0.83782				2
2025.05.29	02:21:16.374		0.83784			4
2025.05.29	02:21:17.359		0.83785			4
2025.05.29	02:21:17.693	0.83783	0.83786			6
2025.05.29	02:21:18.021		0.83785			4
2025.05.29	02:21:19.333	0.83788	0.83789			6
2025.05.29	02:21:19.639	0.83791	0.83793			6
2025.05.29	02:21:19.967		0.83794			4
2025.05.29	02:21:20.669	0.83792	0.83793			6
2025.05.29	02:21:21.375	0.83791				2
2025.05.29	02:21:22.071	0.83794	0.83796			6
2025.05.29	02:21:22.453	0.83797	0.83799			6
2025.05.29	02:21:23.120		0.83800			4
2025.05.29	02:21:23.549	0.83796	0.83798			6
2025.05.29	02:21:24.683	0.83795	0.83797			6
2025.05.29	02:21:24.986	0.83794	0.83796			6
2025.05.29	02:21:25.863	0.83796	0.83797			6
2025.05.29	02:21:26.167	0.83798	0.83800			6
2025.05.29	02:21:27.406	0.83795	0.83797			6
2025.05.29	02:21:28.209	0.83796	0.83798			6
2025.05.29	02:21:28.518	0.83798	0.83799			6
2025.05.29	02:21:30.135	0.83797				2
2025.05.29	02:21:31.048		0.83800			4
2025.05.29	02:21:31.397	0.83798				2
2025.05.29	02:21:32.035		0.83799			4
2025.05.29	02:21:32.369		0.83800			4
2025.05.29	02:21:32.699	0.83797	0.83799			6
2025.05.29	02:21:33.709	0.83801	0.83804			6
2025.05.29	02:21:34.018	0.83805	0.83806			6
2025.05.29	02:21:34.824	0.83802	0.83804			6
2025.05.29	02:21:36.196	0.83803				2
2025.05.29	02:21:36.520	0.83802	0.83803			6
2025.05.29	02:21:37.100		0.83804			4
2025.05.29	02:21:38.384		0.83803			4
2025.05.29	02:21:39.197	0.83800	0.83802			6
2025.05.29	02:21:39.817	0.83799	0.83801			6
2025.05.29	02:21:40.440	0.83798	0.83800			6
2025.05.29	02:21:41.589	0.83797				2
2025.05.29	02:21:41.899		0.83799			4
2025.05.29	02:21:42.357		0.83800			4
2025.05.29	02:21:43.141		0.83799			4
2025.05.29	02:21:43.666		0.83800			4
2025.05.29	02:21:44.342		0.83799			4
2025.05.29	02:21:45.762	0.83798				2
2025.05.29	02:21:46.097		0.83801			4
2025.05.29	02:21:47.715	0.83799	0.83800			6
2025.05.29	02:21:48.223		0.83801			4
2025.05.29	02:21:48.577		0.83800			4
2025.05.29	02:21:48.915		0.83801			4
2025.05.29	02:21:49.781		0.83800			4
2025.05.29	02:21:50.132	0.83798				2
2025.05.29	02:21:51.891	0.83797	0.83798			6
2025.05.29	02:21:52.630	0.83796				2
2025.05.29	02:21:55.301		0.83799			4
2025.05.29	02:21:55.619		0.83798			4
2025.05.29	02:21:56.805		0.83799			4
2025.05.29	02:21:57.357	0.83797				2
2025.05.29	02:21:58.167	0.83798	0.83801			6
2025.05.29	02:21:59.385		0.83799			4
2025.05.29	02:22:00.036	0.83796	0.83798			6
2025.05.29	02:22:00.874		0.83799			4
2025.05.29	02:22:03.355		0.83798			4
2025.05.29	02:22:05.291	0.83795				2
2025.05.29	02:22:05.602	0.83794	0.83797			6
2025.05.29	02:22:05.904		0.83796			4
2025.05.29	02:22:07.425		0.83797			4
2025.05.29	02:22:07.863	0.83795				2
2025.05.29	02:22:08.869	0.83794				2
2025.05.29	02:22:12.072	0.83796	0.83798			6
2025.05.29	02:22:14.258	0.83794	0.83796			6
2025.05.29	02:22:15.046	0.83793				2
2025.05.29	02:22:15.388	0.83794				2
2025.05.29	02:22:15.788	0.83793				2
2025.05.29	02:22:16.298	0.83789	0.83791			6
2025.05.29	02:22:16.989	0.83788	0.83790			6
2025.05.29	02:22:17.793	0.83789				2
2025.05.29	02:22:18.098	0.83788				2
2025.05.29	02:22:19.195		0.83789			4
2025.05.29	02:22:19.527		0.83790			4
2025.05.29	02:22:19.860		0.83789			4
2025.05.29	02:22:20.991	0.83787				2
2025.05.29	02:22:22.156	0.83785	0.83787			6
2025.05.29	02:22:24.275	0.83786	0.83788			6
2025.05.29	02:22:26.893	0.83785				2
2025.05.29	02:22:28.629		0.83787			4
2025.05.29	02:22:33.821	0.83783	0.83785			6
2025.05.29	02:22:34.519		0.83786			4
2025.05.29	02:22:34.919	0.83785	0.83787			6
2025.05.29	02:22:35.222	0.83784	0.83786			6
2025.05.29	02:22:36.600		0.83787			4
2025.05.29	02:22:41.980	0.83787	0.83790			6
2025.05.29	02:22:42.301	0.83788				2
2025.05.29	02:22:42.656	0.83787	0.83789			6
2025.05.29	02:22:46.893		0.83790			4
2025.05.29	02:22:47.568	0.83788				2
2025.05.29	02:22:48.873	0.83787	0.83789			6
2025.05.29	02:22:52.039	0.83788	0.83790			6
2025.05.29	02:22:52.358	0.83789				2
2025.05.29	02:22:53.131	0.83787	0.83789			6
2025.05.29	02:22:53.829	0.83788				2
2025.05.29	02:22:54.141	0.83794	0.83795			6
2025.05.29	02:22:54.448	0.83800	0.83801			6
2025.05.29	02:22:55.547	0.83795	0.83796			6
2025.05.29	02:22:56.965	0.83796	0.83798			6
2025.05.29	02:23:00.316	0.83796				2
2025.05.29	02:23:02.205	0.83797	0.83799			6
2025.05.29	02:23:02.520		0.83800			4
2025.05.29	02:23:05.090		0.83799			4
2025.05.29	02:23:05.397		0.83800			4
2025.05.29	02:23:05.762	0.83796	0.83797			6
2025.05.29	02:23:10.298	0.83795				2
2025.05.29	02:23:11.656	0.83796				2
2025.05.29	02:23:11.966	0.83795				2
2025.05.29	02:23:13.138	0.83791	0.83793			6
2025.05.29	02:23:14.371	0.83790				2
2025.05.29	02:23:16.025	0.83791				2
2025.05.29	02:23:18.476		0.83794			4
2025.05.29	02:23:18.830	0.83792				2
2025.05.29	02:23:20.281	0.83793	0.83795			6
2025.05.29	02:23:20.899		0.83796			4
2025.05.29	02:23:24.711	0.83794				2
2025.05.29	02:23:26.169		0.83797			4
2025.05.29	02:23:26.822		0.83796			4
2025.05.29	02:23:27.140	0.83792	0.83794			6
2025.05.29	02:23:27.453	0.83791	0.83793			6
2025.05.29	02:23:27.762	0.83792	0.83794			6
2025.05.29	02:23:28.496	0.83791				2
2025.05.29	02:23:29.328	0.83790	0.83793			6
2025.05.29	02:23:29.635		0.83792			4
2025.05.29	02:23:30.262		0.83793			4
2025.05.29	02:23:33.962		0.83792			4
2025.05.29	02:23:34.288	0.83788	0.83791			6
2025.05.29	02:23:36.781	0.83789				2
2025.05.29	02:23:37.700	0.83790	0.83792			6
2025.05.29	02:23:39.168		0.83791			4
2025.05.29	02:23:39.480	0.83789				2
2025.05.29	02:23:42.185	0.83788				2
2025.05.29	02:23:42.838	0.83789				2
2025.05.29	02:23:44.218	0.83790	0.83792			6
2025.05.29	02:23:45.847	0.83789	0.83791			6
2025.05.29	02:23:46.160		0.83792			4
2025.05.29	02:23:48.373		0.83791			4
2025.05.29	02:23:48.700	0.83790	0.83792			6
2025.05.29	02:23:49.407	0.83789	0.83791			6
2025.05.29	02:23:51.405		0.83790			4
2025.05.29	02:23:52.160		0.83791			4
2025.05.29	02:23:52.826		0.83790			4
2025.05.29	02:23:53.301	0.83788				2
2025.05.29	02:23:55.810	0.83789	0.83791			6
2025.05.29	02:23:59.823	0.83790	0.83792			6
2025.05.29	02:24:00.145	0.83790	0.83793			6
2025.05.29	02:24:00.541		0.83792			4
2025.05.29	02:24:00.901	0.83789				2
2025.05.29	02:24:02.015	0.83790				2
2025.05.29	02:24:04.526	0.83792	0.83794			6
2025.05.29	02:24:10.653	0.83791	0.83793			6
2025.05.29	02:24:11.243	0.83790	0.83792			6
2025.05.29	02:24:12.676	0.83791	0.83793			6
2025.05.29	02:24:12.979	0.83792				2
2025.05.29	02:24:14.032	0.83790	0.83792			6
2025.05.29	02:24:17.420		0.83793			4
2025.05.29	02:24:19.996		0.83792			4
2025.05.29	02:24:20.654	0.83791	0.83793			6
2025.05.29	02:24:25.227	0.83789	0.83791			6
2025.05.29	02:24:26.035	0.83790	0.83792			6
2025.05.29	02:24:28.164	0.83789	0.83791			6
2025.05.29	02:24:31.833		0.83792			4
2025.05.29	02:24:35.627		0.83791			4
2025.05.29	02:24:38.432	0.83790				2
2025.05.29	02:24:39.511	0.83789				2
2025.05.29	02:24:40.091	0.83790				2
2025.05.29	02:24:43.066		0.83793			4
2025.05.29	02:24:44.890	0.83791	0.83792			6
2025.05.29	02:24:45.281		0.83793			4
2025.05.29	02:24:48.472	0.83792				2
2025.05.29	02:24:48.779	0.83789	0.83791			6
2025.05.29	02:24:50.378	0.83790	0.83792			6
2025.05.29	02:24:50.777		0.83793			4
2025.05.29	02:24:51.092	0.83789	0.83792			6
2025.05.29	02:24:51.833	0.83790	0.83791			6
2025.05.29	02:24:52.168		0.83792			4
2025.05.29	02:24:56.921		0.83791			4
2025.05.29	02:25:00.127	0.83789				2
2025.05.29	02:25:05.096		0.83792			4
2025.05.29	02:25:05.403	0.83790				2
2025.05.29	02:25:06.469	0.83789				2
2025.05.29	02:25:06.841	0.83790	0.83793			6
2025.05.29	02:25:07.167		0.83792			4
2025.05.29	02:25:10.434	0.83791	0.83793			6
2025.05.29	02:25:10.917		0.83794			4
2025.05.29	02:25:11.226		0.83792			4
2025.05.29	02:25:13.460		0.83794			4
2025.05.29	02:25:16.747	0.83792				2
2025.05.29	02:25:27.892	0.83793	0.83795			6
2025.05.29	02:25:28.883	0.83792				2
2025.05.29	02:25:30.725	0.83789	0.83791			6
2025.05.29	02:25:31.163	0.83790	0.83792			6
2025.05.29	02:25:34.197	0.83789				2
2025.05.29	02:25:35.256		0.83791			4
2025.05.29	02:25:35.574		0.83792			4
2025.05.29	02:25:36.648	0.83788	0.83790			6
2025.05.29	02:25:36.951		0.83789			4
2025.05.29	02:25:40.144		0.83790			4
2025.05.29	02:25:41.821		0.83791			4
2025.05.29	02:25:42.126	0.83789				2
2025.05.29	02:25:43.097	0.83788				2
2025.05.29	02:25:45.167	0.83789				2
2025.05.29	02:25:47.686	0.83788				2
2025.05.29	02:25:52.346	0.83789				2
2025.05.29	02:25:58.349	0.83786	0.83788			6
2025.05.29	02:26:00.683	0.83786	0.83789			6
2025.05.29	02:26:12.439	0.83787				2
2025.05.29	02:26:17.393		0.83790			4
2025.05.29	02:26:21.306		0.83789			4
2025.05.29	02:26:21.611	0.83786	0.83788			6
2025.05.29	02:26:21.930	0.83784	0.83786			6
2025.05.29	02:26:22.240	0.83781	0.83784			6
2025.05.29	02:26:22.597	0.83782				2
2025.05.29	02:26:23.490	0.83785	0.83788			6
2025.05.29	02:26:23.801		0.83787			4
2025.05.29	02:26:25.575	0.83786	0.83788			6
2025.05.29	02:26:28.941	0.83787				2
2025.05.29	02:26:36.251	0.83785	0.83787			6
2025.05.29	02:26:36.560	0.83784	0.83786			6
2025.05.29	02:26:37.680	0.83785	0.83787			6
2025.05.29	02:26:37.984	0.83784	0.83786			6
2025.05.29	02:26:40.566	0.83783				2
2025.05.29	02:26:41.769		0.83785			4
2025.05.29	02:26:42.245	0.83784				2
2025.05.29	02:26:43.111	0.83783				2
2025.05.29	02:26:43.865	0.83784	0.83786			6
2025.05.29	02:26:54.332	0.83786	0.83788			6
2025.05.29	02:26:55.101		0.83787			4
2025.05.29	02:26:56.531	0.83784	0.83786			6
2025.05.29	02:27:00.501	0.83783	0.83784			6
2025.05.29	02:27:00.828	0.83782				2
2025.05.29	02:27:02.791	0.83785	0.83786			6
2025.05.29	02:27:03.121		0.83787			4
2025.05.29	02:27:13.905	0.83787	0.83790			6
2025.05.29	02:27:14.343		0.83789			4
2025.05.29	02:27:15.794	0.83789	0.83790			6
2025.05.29	02:27:16.343		0.83791			4
2025.05.29	02:27:18.068	0.83790	0.83792			6
2025.05.29	02:27:20.615	0.83789				2
2025.05.29	02:27:20.946	0.83790				2
2025.05.29	02:27:21.671	0.83787	0.83790			6
2025.05.29	02:27:21.973	0.83788	0.83789			6
2025.05.29	02:27:23.701	0.83785	0.83786			6
2025.05.29	02:27:24.350		0.83787			4
2025.05.29	02:27:26.056	0.83786	0.83788			6
2025.05.29	02:27:27.067	0.83787	0.83789			6
2025.05.29	02:27:30.935	0.83785	0.83787			6
2025.05.29	02:27:31.253	0.83784				2
2025.05.29	02:27:32.053	0.83786	0.83788			6
2025.05.29	02:27:32.437	0.83787				2
2025.05.29	02:27:33.892		0.83789			4
2025.05.29	02:27:40.930		0.83790			4
2025.05.29	02:27:43.340	0.83788				2
2025.05.29	02:27:44.943	0.83791	0.83794			6
2025.05.29	02:27:45.487	0.83789	0.83791			6
2025.05.29	02:27:47.683		0.83792			4
2025.05.29	02:27:52.368		0.83791			4
2025.05.29	02:27:52.739	0.83790				2
2025.05.29	02:27:54.324	0.83788	0.83790			6
2025.05.29	02:27:54.639	0.83787	0.83789			6
2025.05.29	02:27:56.729	0.83788				2
2025.05.29	02:27:57.048		0.83790			4
2025.05.29	02:28:00.420	0.83788				2
2025.05.29	02:28:02.346		0.83791			4
2025.05.29	02:28:03.075		0.83790			4
2025.05.29	02:28:04.731		0.83789			4
2025.05.29	02:28:10.440		0.83790			4
2025.05.29	02:28:12.339	0.83790	0.83792			6
2025.05.29	02:28:14.954	0.83789	0.83791			6
2025.05.29	02:28:15.975	0.83790				2
2025.05.29	02:28:16.495		0.83792			4
2025.05.29	02:28:20.043	0.83791				2
2025.05.29	02:28:22.657	0.83790				2
2025.05.29	02:28:22.960	0.83791				2
2025.05.29	02:28:26.755		0.83793			4
2025.05.29	02:28:27.112	0.83789	0.83791			6
2025.05.29	02:28:27.630	0.83788				2
2025.05.29	02:28:28.105		0.83790			4
2025.05.29	02:28:28.425	0.83787				2
2025.05.29	02:28:30.422	0.83788				2
2025.05.29	02:28:31.088	0.83791	0.83793			6
2025.05.29	02:28:32.344	0.83792				2
2025.05.29	02:28:35.165	0.83791	0.83794			6
2025.05.29	02:28:35.491		0.83793			4
2025.05.29	02:28:37.175		0.83794			4
2025.05.29	02:28:40.279	0.83795	0.83796			6
2025.05.29	02:28:40.584	0.83794	0.83795			6
2025.05.29	02:28:41.235	0.83793				2
2025.05.29	02:28:41.542	0.83792	0.83794			6
2025.05.29	02:28:44.349	0.83790	0.83793			6
2025.05.29	02:28:44.695	0.83791				2
2025.05.29	02:28:45.027	0.83789	0.83791			6
2025.05.29	02:28:45.339		0.83792			4
2025.05.29	02:28:46.077		0.83791			4
2025.05.29	02:28:47.803	0.83786	0.83788			6
2025.05.29	02:28:48.123		0.83789			4
2025.05.29	02:28:48.430		0.83788			4
2025.05.29	02:28:48.740	0.83785	0.83787			6
2025.05.29	02:28:53.290	0.83788	0.83791			6
2025.05.29	02:28:53.900		0.83789			4
2025.05.29	02:28:54.244		0.83790			4
2025.05.29	02:28:58.001	0.83789	0.83791			6
2025.05.29	02:28:58.733	0.83788				2
2025.05.29	02:28:59.359		0.83790			4
2025.05.29	02:29:00.571	0.83788				2
2025.05.29	02:29:00.910	0.83787	0.83789			6
2025.05.29	02:29:01.642		0.83790			4
2025.05.29	02:29:03.814		0.83789			4
2025.05.29	02:29:08.676	0.83786	0.83788			6
2025.05.29	02:29:09.853		0.83789			4
2025.05.29	02:29:10.159	0.83787				2
2025.05.29	02:29:13.532	0.83789	0.83790			6
2025.05.29	02:29:15.236	0.83788				2
2025.05.29	02:29:16.347	0.83789				2
2025.05.29	02:29:18.374		0.83791			4
2025.05.29	02:29:18.953	0.83791	0.83793			6
2025.05.29	02:29:19.608	0.83790				2
2025.05.29	02:29:19.978		0.83792			4
2025.05.29	02:29:20.288		0.83791			4
2025.05.29	02:29:21.241	0.83788	0.83790			6
2025.05.29	02:29:21.576	0.83790	0.83791			6
2025.05.29	02:29:23.706	0.83788	0.83790			6
2025.05.29	02:29:24.045	0.83787				2
2025.05.29	02:29:24.373	0.83786	0.83788			6
2025.05.29	02:29:28.009	0.83785				2
2025.05.29	02:29:30.236		0.83787			4
2025.05.29	02:29:34.810	0.83784	0.83786			6
2025.05.29	02:29:35.620	0.83781	0.83783			6
2025.05.29	02:29:37.019	0.83780				2
2025.05.29	02:29:39.385	0.83779	0.83781			6
2025.05.29	02:29:39.781	0.83780	0.83782			6
2025.05.29	02:29:41.968	0.83781	0.83783			6
2025.05.29	02:29:43.601	0.83780	0.83781			6
2025.05.29	02:29:43.918	0.83779	0.83780			6
2025.05.29	02:29:48.386	0.83781	0.83782			6
2025.05.29	02:29:49.413		0.83783			4
2025.05.29	02:29:53.690		0.83782			4
2025.05.29	02:29:54.966	0.83776	0.83778			6
2025.05.29	02:30:00.385	0.83776				2
2025.05.29	02:30:00.763	0.83777	0.83779			6
2025.05.29	02:30:02.905	0.83776	0.83777			6
2025.05.29	02:30:12.486	0.83777	0.83779			6
2025.05.29	02:30:14.150	0.83778	0.83781			6
2025.05.29	02:30:14.579	0.83780	0.83782			6
2025.05.29	02:30:14.912		0.83783			4
2025.05.29	02:30:15.986	0.83779	0.83780			6
2025.05.29	02:30:18.878	0.83780	0.83781			6
2025.05.29	02:30:19.850	0.83779	0.83780			6
2025.05.29	02:30:20.323	0.83780	0.83781			6
2025.05.29	02:30:21.154	0.83779	0.83780			6
2025.05.29	02:30:22.354	0.83778				2
2025.05.29	02:30:25.337	0.83777	0.83779			6
2025.05.29	02:30:28.960		0.83778			4
2025.05.29	02:30:29.351		0.83779			4
2025.05.29	02:30:29.809	0.83776	0.83778			6
2025.05.29	02:30:33.854	0.83777	0.83779			6
2025.05.29	02:30:36.925	0.83779	0.83781			6
2025.05.29	02:30:37.683	0.83780	0.83782			6
2025.05.29	02:30:45.085		0.83781			4
2025.05.29	02:30:45.548	0.83779	0.83780			6
2025.05.29	02:30:45.857	0.83776	0.83777			6
2025.05.29	02:30:46.160	0.83775				2
2025.05.29	02:30:46.776	0.83776	0.83778			6
2025.05.29	02:30:47.548		0.83777			4
2025.05.29	02:30:54.705	0.83777	0.83779			6
2025.05.29	02:30:57.830	0.83778				2
2025.05.29	02:30:59.426	0.83777	0.83780			6
2025.05.29	02:31:00.593	0.83777				2
2025.05.29	02:31:03.398		0.83779			4
2025.05.29	02:31:06.725	0.83780	0.83783			6
2025.05.29	02:31:07.599	0.83781				2
2025.05.29	02:31:13.137	0.83780	0.83782			6
2025.05.29	02:31:17.356	0.83782	0.83784			6
2025.05.29	02:31:21.826	0.83784	0.83786			6
2025.05.29	02:31:28.650	0.83785	0.83788			6
2025.05.29	02:31:29.850	0.83786				2
2025.05.29	02:31:30.353		0.83787			4
2025.05.29	02:31:35.440	0.83782	0.83785			6
2025.05.29	02:31:35.848		0.83784			4
2025.05.29	02:31:36.343	0.83781				2
2025.05.29	02:31:36.894		0.83783			4
2025.05.29	02:31:39.928		0.83784			4
2025.05.29	02:31:44.858		0.83783			4
2025.05.29	02:31:45.415	0.83780				2
2025.05.29	02:31:51.428		0.83782			4
2025.05.29	02:31:52.804	0.83778	0.83780			6
2025.05.29	02:31:53.519	0.83779	0.83781			6
2025.05.29	02:31:55.140	0.83780				2
2025.05.29	02:32:00.356	0.83780				2
2025.05.29	02:32:00.660	0.83779				2
2025.05.29	02:32:00.966	0.83780	0.83783			6
2025.05.29	02:32:01.348		0.83782			4
2025.05.29	02:32:02.194	0.83777	0.83779			6
2025.05.29	02:32:02.500	0.83778	0.83780			6
2025.05.29	02:32:02.848		0.83779			4
2025.05.29	02:32:03.164	0.83777	0.83778			6
2025.05.29	02:32:07.562		0.83780			4
2025.05.29	02:32:09.543	0.83775	0.83778			6
2025.05.29	02:32:11.180	0.83773	0.83774			6
2025.05.29	02:32:12.356		0.83775			4
2025.05.29	02:32:12.883	0.83771				2
2025.05.29	02:32:16.258	0.83772	0.83774			6
