<DATE>	<TIME>	<BID>	<ASK>	<LAST>	<VOLUME>	<FLAGS>
2025.08.15	00:03:30.672	0.85982	0.86132			6
2025.08.15	00:03:36.998	0.86003				2
2025.08.15	00:03:38.496		0.86119			4
2025.08.15	00:03:42.514	0.85982				2
2025.08.15	00:04:00.640	0.85982	0.86112			6
2025.08.15	00:04:09.333	0.86003				2
2025.08.15	00:04:15.086	0.85982				2
2025.08.15	00:04:31.629		0.86108			4
2025.08.15	00:04:36.722	0.86002				2
2025.08.15	00:04:41.960	0.85982				2
2025.08.15	00:04:45.327		0.86101			4
2025.08.15	00:04:51.297		0.86104			4
2025.08.15	00:04:53.583		0.86127			4
2025.08.15	00:05:06.132	0.86000				2
2025.08.15	00:05:11.289	0.85980				2
2025.08.15	00:05:38.724	0.86000				2
2025.08.15	00:05:44.750	0.85980				2
2025.08.15	00:05:46.433		0.86170			4
2025.08.15	00:05:46.799		0.86145			4
2025.08.15	00:06:01.760	0.85980				2
2025.08.15	00:06:12.304	0.86000				2
2025.08.15	00:06:18.967	0.85980				2
2025.08.15	00:06:42.536	0.86000				2
2025.08.15	00:06:46.829		0.86145			4
2025.08.15	00:06:48.742	0.85980				2
2025.08.15	00:07:13.249	0.86000				2
2025.08.15	00:07:18.413	0.85980				2
2025.08.15	00:07:38.729	0.86000				2
2025.08.15	00:07:45.468	0.85980				2
2025.08.15	00:07:52.358		0.86145			4
2025.08.15	00:08:00.360	0.85980				2
2025.08.15	00:08:08.235	0.86001				2
2025.08.15	00:08:13.970	0.85988				2
2025.08.15	00:08:39.892	0.86001				2
2025.08.15	00:08:46.613	0.85988				2
2025.08.15	00:08:54.353		0.86145			4
2025.08.15	00:09:00.383	0.85988				2
2025.08.15	00:09:08.217	0.85989				2
2025.08.15	00:09:11.299	0.86001				2
2025.08.15	00:09:17.738	0.85989				2
2025.08.15	00:09:19.341	0.85988				2
2025.08.15	00:09:24.343	0.85989				2
2025.08.15	00:09:41.975	0.86001				2
2025.08.15	00:09:47.481	0.85989				2
2025.08.15	00:09:55.577	0.85988	0.86145			6
2025.08.15	00:10:00.326	0.85998	0.86134			6
2025.08.15	00:10:01.975	0.86001	0.86131			6
2025.08.15	00:10:02.477	0.85999	0.86133			6
2025.08.15	00:10:03.009	0.85998	0.86134			6
2025.08.15	00:10:11.679	0.86053	0.86110			6
2025.08.15	00:11:00.257	0.86053				2
2025.08.15	00:11:04.807	0.86001	0.86147			6
2025.08.15	00:11:06.466	0.85999	0.86133			6
2025.08.15	00:11:08.918	0.86053	0.86110			6
2025.08.15	00:11:09.862	0.85999	0.86133			6
2025.08.15	00:11:10.492	0.86000	0.86132			6
2025.08.15	00:11:12.286		0.86133			4
2025.08.15	00:11:16.217	0.86053	0.86110			6
2025.08.15	00:11:17.138	0.86000	0.86133			6
2025.08.15	00:11:18.222	0.85999				2
2025.08.15	00:11:22.276	0.85998	0.86134			6
2025.08.15	00:11:23.324	0.86053	0.86110			6
2025.08.15	00:11:24.261	0.85998	0.86134			6
2025.08.15	00:11:27.922	0.85996	0.86136			6
2025.08.15	00:11:28.929	0.85998	0.86134			6
2025.08.15	00:11:30.622	0.86053	0.86110			6
2025.08.15	00:11:31.545	0.85998	0.86134			6
2025.08.15	00:11:32.087	0.85999	0.86133			6
2025.08.15	00:11:36.261	0.86000	0.86132			6
2025.08.15	00:11:36.802	0.85993	0.86134			6
2025.08.15	00:11:37.125	0.86001				2
2025.08.15	00:11:37.819	0.86053	0.86110			6
2025.08.15	00:11:38.777	0.86001	0.86134			6
2025.08.15	00:11:39.805	0.85999				2
2025.08.15	00:11:41.761	0.86000				2
2025.08.15	00:11:46.727		0.86133			4
2025.08.15	00:11:50.277	0.85990	0.86129			6
2025.08.15	00:11:51.732		0.86133			4
2025.08.15	00:11:53.891		0.86132			4
2025.08.15	00:12:01.002	0.85990	0.86133			6
2025.08.15	00:12:12.290	0.86000				2
2025.08.15	00:12:17.973	0.85990				2
2025.08.15	00:12:20.555	0.85982				2
2025.08.15	00:12:22.975	0.85986	0.86129			6
2025.08.15	00:12:24.586	0.85987	0.86128			6
2025.08.15	00:12:25.559	0.85990				2
2025.08.15	00:12:27.976		0.86133			4
2025.08.15	00:12:41.952		0.86132			4
2025.08.15	00:12:43.530	0.86000				2
2025.08.15	00:12:46.333		0.86133			4
2025.08.15	00:12:49.915	0.85990				2
2025.08.15	00:12:55.137		0.86132			4
2025.08.15	00:12:56.686	0.85987				2
2025.08.15	00:13:01.291	0.85979	0.86130			6
2025.08.15	00:13:01.806	0.85996	0.86132			6
2025.08.15	00:13:06.369	0.85997	0.86130			6
2025.08.15	00:13:08.086	0.85998				2
2025.08.15	00:13:10.309	0.85999				2
2025.08.15	00:13:11.190		0.86131			4
2025.08.15	00:13:13.926		0.86132			4
2025.08.15	00:13:17.257	0.85998				2
2025.08.15	00:13:21.356	0.86005	0.86141			6
2025.08.15	00:13:23.686	0.86006	0.86140			6
2025.08.15	00:13:25.568	0.86008	0.86142			6
2025.08.15	00:13:26.862	0.86007	0.86144			6
2025.08.15	00:13:27.355	0.86008	0.86142			6
2025.08.15	00:13:47.915	0.86009	0.86141			6
2025.08.15	00:13:52.010	0.86007	0.86143			6
2025.08.15	00:13:57.286	0.86008	0.86142			6
2025.08.15	00:14:01.002	0.86009	0.86141			6
2025.08.15	00:14:13.186	0.86010	0.86140			6
2025.08.15	00:14:22.782		0.86139			4
2025.08.15	00:14:28.863	0.86009				2
2025.08.15	00:14:29.686	0.86010				2
2025.08.15	00:14:33.910	0.86011				2
2025.08.15	00:14:41.074	0.86010				2
2025.08.15	00:14:41.377		0.86140			4
2025.08.15	00:14:42.855	0.86009	0.86141			6
2025.08.15	00:14:51.000	0.86010	0.86140			6
2025.08.15	00:14:53.087	0.86011	0.86139			6
2025.08.15	00:15:00.294	0.86011				2
2025.08.15	00:15:02.361		0.86138			4
2025.08.15	00:15:03.486		0.86136			4
2025.08.15	00:15:13.016		0.86144			4
2025.08.15	00:15:15.753	0.86023				2
2025.08.15	00:15:20.998	0.86011				2
2025.08.15	00:15:30.887	0.86010				2
2025.08.15	00:15:31.704		0.86143			4
2025.08.15	00:15:36.294	0.86011				2
2025.08.15	00:15:37.598	0.86010				2
2025.08.15	00:15:39.585	0.86011				2
2025.08.15	00:15:42.803	0.86010				2
2025.08.15	00:15:44.724	0.86023				2
2025.08.15	00:15:51.328	0.86010				2
2025.08.15	00:15:52.525	0.86009				2
2025.08.15	00:16:00.984	0.86011				2
2025.08.15	00:16:12.402	0.86010	0.86142			6
2025.08.15	00:16:14.451	0.86023				2
2025.08.15	00:16:19.902	0.86010				2
2025.08.15	00:16:23.484	0.86009				2
2025.08.15	00:16:24.684		0.86143			4
2025.08.15	00:16:45.276	0.86023				2
2025.08.15	00:16:51.768	0.86010				2
2025.08.15	00:17:04.187	0.86010				2
2025.08.15	00:17:08.068	0.86009				2
2025.08.15	00:17:10.988	0.86011				2
2025.08.15	00:17:19.697	0.86022				2
2025.08.15	00:17:25.187		0.86143			4
2025.08.15	00:17:25.762	0.86012				2
2025.08.15	00:17:28.613		0.86141			4
2025.08.15	00:17:30.891		0.86143			4
2025.08.15	00:17:31.368	0.86016	0.86139			6
2025.08.15	00:17:33.886	0.86017				2
2025.08.15	00:17:38.986		0.86138			4
2025.08.15	00:17:51.620	0.86022				2
2025.08.15	00:17:52.656		0.86140			4
2025.08.15	00:17:58.336	0.86016				2
2025.08.15	00:17:58.787		0.86139			4
2025.08.15	00:18:00.999	0.86017	0.86137			6
2025.08.15	00:18:03.586		0.86138			4
2025.08.15	00:18:07.787		0.86139			4
2025.08.15	00:18:16.788		0.86138			4
2025.08.15	00:18:19.786	0.86022				2
2025.08.15	00:18:26.730	0.86018				2
2025.08.15	00:18:36.287		0.86137			4
2025.08.15	00:18:42.309	0.86016	0.86139			6
2025.08.15	00:18:49.588	0.86021				2
2025.08.15	00:18:51.001		0.86137			4
2025.08.15	00:18:55.439	0.86018				2
2025.08.15	00:19:07.414	0.86018				2
2025.08.15	00:19:17.194	0.86017	0.86138			6
2025.08.15	00:19:17.711	0.86021				2
2025.08.15	00:19:23.380	0.86017				2
2025.08.15	00:19:27.198	0.86018	0.86137			6
2025.08.15	00:19:30.286	0.86019	0.86136			6
2025.08.15	00:19:32.367		0.86137			4
2025.08.15	00:19:35.086		0.86136			4
2025.08.15	00:19:47.706	0.86020				2
2025.08.15	00:19:48.775	0.86021				2
2025.08.15	00:19:53.592		0.86138			4
2025.08.15	00:19:55.129		0.86137			4
2025.08.15	00:19:55.777	0.86018				2
2025.08.15	00:20:01.188	0.86019	0.86136			6
2025.08.15	00:20:13.642		0.86137			4
2025.08.15	00:20:20.218	0.86021				2
2025.08.15	00:20:22.022		0.86138			4
2025.08.15	00:20:23.579		0.86137			4
2025.08.15	00:20:26.775	0.86018				2
2025.08.15	00:20:30.267	0.86019				2
2025.08.15	00:20:38.124		0.86127			4
2025.08.15	00:20:39.994		0.86137			4
2025.08.15	00:20:41.164		0.86132			4
2025.08.15	00:20:42.174		0.86128			4
2025.08.15	00:20:43.186		0.86122			4
2025.08.15	00:20:49.675	0.86021				2
2025.08.15	00:20:50.030		0.86117			4
2025.08.15	00:20:50.538		0.86136			4
2025.08.15	00:20:55.601	0.86019				2
2025.08.15	00:20:56.390	0.86020				2
2025.08.15	00:21:00.539	0.86020				2
2025.08.15	00:21:18.307	0.86022				2
2025.08.15	00:21:21.697		0.86133			4
2025.08.15	00:21:22.462		0.86136			4
2025.08.15	00:21:25.285	0.86020				2
2025.08.15	00:21:40.170	0.86022	0.86134			6
2025.08.15	00:21:42.341		0.86133			4
2025.08.15	00:21:43.353		0.86131			4
2025.08.15	00:21:45.349		0.86126			4
2025.08.15	00:21:46.658	0.86021				2
2025.08.15	00:21:49.487	0.86022				2
2025.08.15	00:21:57.442		0.86120			4
2025.08.15	00:21:59.997		0.86133			4
2025.08.15	00:22:00.684	0.86022				2
2025.08.15	00:22:06.946	0.86023	0.86134			6
2025.08.15	00:22:07.486		0.86135			4
2025.08.15	00:22:11.387	0.86022	0.86136			6
2025.08.15	00:22:11.962		0.86134			4
2025.08.15	00:22:12.964		0.86132			4
2025.08.15	00:22:14.317		0.86127			4
2025.08.15	00:22:17.386	0.86023				2
2025.08.15	00:22:18.914		0.86126			4
2025.08.15	00:22:20.535		0.86136			4
2025.08.15	00:22:22.511		0.86126			4
2025.08.15	00:22:22.893		0.86127			4
2025.08.15	00:22:30.438	0.86022				2
2025.08.15	00:22:34.170		0.86122			4
2025.08.15	00:22:39.586	0.86023				2
2025.08.15	00:22:40.696	0.86022	0.86134			6
2025.08.15	00:22:50.978	0.86023	0.86129			6
2025.08.15	00:22:51.384	0.86022	0.86124			6
2025.08.15	00:22:59.996		0.86134			4
2025.08.15	00:23:00.979	0.86023				2
2025.08.15	00:23:01.323	0.86022	0.86127			6
2025.08.15	00:23:19.196		0.86120			4
2025.08.15	00:23:20.391		0.86135			4
2025.08.15	00:23:20.966		0.86134			4
2025.08.15	00:23:31.810	0.86023				2
2025.08.15	00:23:32.310		0.86132			4
2025.08.15	00:23:32.815	0.86022	0.86134			6
2025.08.15	00:23:43.888		0.86131			4
2025.08.15	00:23:44.390	0.86024	0.86132			6
2025.08.15	00:23:45.373		0.86131			4
2025.08.15	00:23:48.451	0.86023	0.86127			6
2025.08.15	00:23:50.000	0.86022	0.86134			6
2025.08.15	00:23:51.846	0.86024	0.86135			6
2025.08.15	00:23:56.690	0.86025				2
2025.08.15	00:24:02.017	0.86025				2
2025.08.15	00:24:02.988	0.86024				2
2025.08.15	00:24:04.339	0.86025	0.86136			6
2025.08.15	00:24:05.797	0.86026	0.86130			6
2025.08.15	00:24:16.764	0.86025	0.86127			6
2025.08.15	00:24:17.686	0.86026				2
2025.08.15	00:24:18.002		0.86125			4
2025.08.15	00:24:18.646	0.86022	0.86126			6
2025.08.15	00:24:20.536	0.86023	0.86137			6
2025.08.15	00:24:20.965		0.86131			4
2025.08.15	00:24:26.884	0.86026				2
2025.08.15	00:24:27.387		0.86127			4
2025.08.15	00:24:27.831	0.86031	0.86137			6
2025.08.15	00:24:35.987		0.86136			4
2025.08.15	00:24:37.354		0.86137			4
2025.08.15	00:24:37.867	0.86029	0.86132			6
2025.08.15	00:24:41.001	0.86030				2
2025.08.15	00:24:43.114		0.86139			4
2025.08.15	00:24:53.498	0.86028	0.86135			6
2025.08.15	00:24:59.175	0.86033				2
2025.08.15	00:25:00.307	0.86033				2
2025.08.15	00:25:04.792	0.86026				2
2025.08.15	00:25:06.996	0.86025				2
2025.08.15	00:25:08.002	0.86026				2
2025.08.15	00:25:09.301	0.86025	0.86134			6
2025.08.15	00:25:11.642	0.86026				2
2025.08.15	00:25:12.643	0.86027	0.86135			6
2025.08.15	00:25:13.900	0.86028	0.86133			6
2025.08.15	00:25:17.687		0.86134			4
2025.08.15	00:25:19.246	0.86029				2
2025.08.15	00:25:21.643		0.86133			4
2025.08.15	00:25:22.182		0.86125			4
2025.08.15	00:25:22.650	0.86031	0.86123			6
2025.08.15	00:25:32.531	0.86038				2
2025.08.15	00:25:39.651	0.86031				2
2025.08.15	00:25:41.087	0.86032	0.86122			6
2025.08.15	00:25:42.320	0.86034				2
2025.08.15	00:25:43.405	0.86035				2
2025.08.15	00:25:46.699	0.86036				2
2025.08.15	00:25:47.930	0.86035				2
2025.08.15	00:25:51.659	0.86036	0.86131			6
2025.08.15	00:25:57.390	0.86039	0.86135			6
2025.08.15	00:25:58.417		0.86134			4
2025.08.15	00:26:00.361	0.86039				2
2025.08.15	00:26:03.396	0.86038	0.86135			6
2025.08.15	00:26:06.427	0.86039	0.86134			6
2025.08.15	00:26:08.138	0.86038	0.86135			6
2025.08.15	00:26:10.177	0.86039				2
2025.08.15	00:26:10.534	0.86044	0.86137			6
2025.08.15	00:26:11.020	0.86043	0.86139			6
2025.08.15	00:26:11.739		0.86137			4
2025.08.15	00:26:12.072	0.86044	0.86136			6
2025.08.15	00:26:12.698		0.86137			4
2025.08.15	00:26:14.196	0.86043	0.86138			6
2025.08.15	00:26:16.692	0.86044	0.86137			6
2025.08.15	00:26:23.239		0.86136			4
2025.08.15	00:26:31.969		0.86135			4
2025.08.15	00:26:33.834	0.86045				2
2025.08.15	00:26:40.696		0.86136			4
2025.08.15	00:26:41.088	0.86046	0.86135			6
2025.08.15	00:26:42.583	0.86050	0.86136			6
2025.08.15	00:26:49.984	0.86049	0.86135			6
2025.08.15	00:26:55.399	0.86050				2
2025.08.15	00:27:00.051	0.86050				2
2025.08.15	00:27:04.624	0.86051	0.86140			6
2025.08.15	00:27:05.045	0.86050	0.86141			6
2025.08.15	00:27:06.791	0.86053	0.86151			6
2025.08.15	00:27:11.270	0.86058				2
2025.08.15	00:27:11.579		0.86153			4
2025.08.15	00:27:12.279		0.86152			4
2025.08.15	00:27:12.583	0.86059				2
2025.08.15	00:27:12.903	0.86058	0.86154			6
2025.08.15	00:27:13.679	0.86055	0.86156			6
2025.08.15	00:27:13.996		0.86153			4
2025.08.15	00:27:15.196		0.86152			4
2025.08.15	00:27:25.921	0.86056				2
2025.08.15	00:27:26.498	0.86055	0.86148			6
2025.08.15	00:27:37.679	0.86044	0.86155			6
2025.08.15	00:27:38.914	0.86043				2
2025.08.15	00:27:39.519	0.86046				2
2025.08.15	00:27:41.339	0.86059	0.86149			6
2025.08.15	00:27:50.218	0.86058				2
2025.08.15	00:27:51.188		0.86148			4
2025.08.15	00:27:51.586	0.86060				2
2025.08.15	00:27:56.073	0.86061				2
2025.08.15	00:28:01.813	0.86061				2
2025.08.15	00:28:06.134		0.86147			4
2025.08.15	00:28:10.087	0.86060				2
2025.08.15	00:28:20.359		0.86148			4
2025.08.15	00:28:28.366	0.86065				2
2025.08.15	00:28:30.436	0.86062				2
2025.08.15	00:28:36.528	0.86061	0.86142			6
2025.08.15	00:28:40.058	0.86057	0.86139			6
2025.08.15	00:28:42.582	0.86055				2
2025.08.15	00:28:50.317	0.86056	0.86140			6
2025.08.15	00:28:52.380		0.86139			4
2025.08.15	00:28:57.992		0.86140			4
2025.08.15	00:29:00.086	0.86056				2
2025.08.15	00:29:13.796	0.86057	0.86139			6
2025.08.15	00:29:44.856	0.86056	0.86140			6
2025.08.15	00:29:47.040	0.86054	0.86139			6
2025.08.15	00:29:52.863	0.86055	0.86138			6
2025.08.15	00:30:00.087	0.86055				2
2025.08.15	00:30:00.399	0.86052	0.86136			6
2025.08.15	00:30:03.171		0.86141			4
2025.08.15	00:30:03.967		0.86136			4
2025.08.15	00:30:04.366	0.86051	0.86135			6
2025.08.15	00:30:04.722		0.86142			4
2025.08.15	00:30:05.377	0.86052	0.86141			6
2025.08.15	00:30:14.618	0.86051	0.86142			6
2025.08.15	00:30:15.734	0.86052	0.86141			6
2025.08.15	00:30:16.105	0.86051	0.86140			6
2025.08.15	00:30:17.212	0.86052				2
2025.08.15	00:30:17.955	0.86051	0.86141			6
2025.08.15	00:30:20.449		0.86140			4
2025.08.15	00:30:21.131		0.86141			4
2025.08.15	00:30:21.852	0.86052	0.86140			6
2025.08.15	00:30:23.080		0.86139			4
2025.08.15	00:30:23.912		0.86140			4
2025.08.15	00:30:24.346	0.86051	0.86141			6
2025.08.15	00:30:24.715		0.86138			4
2025.08.15	00:30:25.423		0.86137			4
2025.08.15	00:30:28.516		0.86141			4
2025.08.15	00:30:29.238		0.86140			4
2025.08.15	00:30:30.655	0.86052				2
2025.08.15	00:30:31.020	0.86051				2
2025.08.15	00:30:32.119	0.86052				2
2025.08.15	00:30:32.510	0.86051				2
2025.08.15	00:30:33.588	0.86052				2
2025.08.15	00:30:36.416	0.86051				2
2025.08.15	00:30:36.787	0.86053	0.86138			6
2025.08.15	00:30:37.129	0.86052	0.86140			6
2025.08.15	00:30:37.603	0.86054	0.86138			6
2025.08.15	00:30:38.342		0.86137			4
2025.08.15	00:30:39.653	0.86056	0.86135			6
2025.08.15	00:30:40.025	0.86052	0.86139			6
2025.08.15	00:30:40.415	0.86054	0.86138			6
2025.08.15	00:30:41.369	0.86024	0.86136			6
2025.08.15	00:30:41.676	0.86022				2
2025.08.15	00:30:42.014	0.86023				2
2025.08.15	00:30:42.351	0.86022	0.86135			6
2025.08.15	00:30:42.727	0.86034	0.86137			6
2025.08.15	00:30:45.589		0.86136			4
2025.08.15	00:30:46.857	0.86033	0.86137			6
2025.08.15	00:30:47.834	0.86037	0.86134			6
2025.08.15	00:30:48.246	0.86036				2
2025.08.15	00:30:48.561	0.86039	0.86132			6
2025.08.15	00:30:51.917	0.86036	0.86131			6
2025.08.15	00:30:52.233	0.86038	0.86128			6
2025.08.15	00:30:52.697	0.86037	0.86130			6
2025.08.15	00:30:53.306	0.86040	0.86128			6
2025.08.15	00:30:54.068	0.86037	0.86130			6
2025.08.15	00:30:54.391	0.86040	0.86128			6
2025.08.15	00:30:55.666	0.86038	0.86130			6
2025.08.15	00:30:56.464	0.86040	0.86128			6
2025.08.15	00:30:56.814	0.86038	0.86130			6
2025.08.15	00:30:57.525	0.86040	0.86128			6
2025.08.15	00:30:58.316	0.86037	0.86130			6
2025.08.15	00:30:59.110	0.86040	0.86128			6
2025.08.15	00:30:59.831	0.86038	0.86129			6
2025.08.15	00:31:00.327	0.86040	0.86127			6
2025.08.15	00:31:00.827	0.86038	0.86130			6
2025.08.15	00:31:01.328	0.86040	0.86127			6
2025.08.15	00:31:01.827	0.86038	0.86130			6
2025.08.15	00:31:02.328	0.86040	0.86126			6
2025.08.15	00:31:03.487	0.86039	0.86128			6
2025.08.15	00:31:03.975	0.86038	0.86129			6
2025.08.15	00:31:04.589	0.86039	0.86128			6
2025.08.15	00:31:05.108		0.86129			4
2025.08.15	00:31:05.410	0.86037	0.86130			6
2025.08.15	00:31:05.840	0.86039	0.86128			6
2025.08.15	00:31:06.145	0.86037	0.86130			6
2025.08.15	00:31:06.469	0.86039	0.86128			6
2025.08.15	00:31:06.794	0.86037	0.86130			6
2025.08.15	00:31:07.121	0.86039	0.86128			6
2025.08.15	00:31:07.440	0.86038	0.86129			6
2025.08.15	00:31:07.766	0.86039	0.86128			6
2025.08.15	00:31:08.090	0.86037	0.86130			6
2025.08.15	00:31:08.418	0.86039	0.86129			6
2025.08.15	00:31:08.744	0.86037	0.86130			6
2025.08.15	00:31:09.061		0.86128			4
2025.08.15	00:31:09.378	0.86038	0.86129			6
2025.08.15	00:31:09.751	0.86040	0.86127			6
2025.08.15	00:31:10.148	0.86038	0.86129			6
2025.08.15	00:31:10.540	0.86040	0.86127			6
2025.08.15	00:31:11.257	0.86038	0.86129			6
2025.08.15	00:31:11.563	0.86037				2
2025.08.15	00:31:11.867	0.86040	0.86126			6
2025.08.15	00:31:12.185	0.86038	0.86129			6
2025.08.15	00:31:12.821	0.86039	0.86127			6
2025.08.15	00:31:13.122	0.86037	0.86129			6
2025.08.15	00:31:13.455	0.86038	0.86125			6
2025.08.15	00:31:13.814	0.86047	0.86134			6
2025.08.15	00:31:14.267	0.86049	0.86132			6
2025.08.15	00:31:14.659	0.86050	0.86131			6
2025.08.15	00:31:14.985	0.86053	0.86143			6
2025.08.15	00:31:15.297	0.86050	0.86135			6
2025.08.15	00:31:15.963	0.86053	0.86143			6
2025.08.15	00:31:24.746	0.86055	0.86141			6
2025.08.15	00:31:25.766	0.86058	0.86139			6
2025.08.15	00:31:26.067	0.86054	0.86142			6
2025.08.15	00:31:26.696	0.86053	0.86143			6
2025.08.15	00:31:28.155		0.86142			4
2025.08.15	00:31:28.649		0.86143			4
2025.08.15	00:31:29.138		0.86142			4
2025.08.15	00:31:29.482	0.86054	0.86143			6
2025.08.15	00:31:29.867	0.86053	0.86142			6
2025.08.15	00:31:30.247	0.86054	0.86143			6
2025.08.15	00:31:30.626	0.86053	0.86142			6
2025.08.15	00:31:31.004	0.86054	0.86143			6
2025.08.15	00:31:31.386	0.86053	0.86142			6
2025.08.15	00:31:31.761	0.86054	0.86143			6
2025.08.15	00:31:32.144	0.86053	0.86142			6
2025.08.15	00:31:32.520	0.86054	0.86143			6
2025.08.15	00:31:32.899	0.86052	0.86134			6
2025.08.15	00:31:33.718	0.86053				2
2025.08.15	00:31:34.697	0.86051	0.86132			6
2025.08.15	00:31:35.647	0.86052	0.86131			6
2025.08.15	00:31:35.974	0.86051	0.86132			6
2025.08.15	00:31:44.193		0.86131			4
2025.08.15	00:31:46.839		0.86132			4
2025.08.15	00:31:49.325		0.86131			4
2025.08.15	00:31:49.906		0.86132			4
2025.08.15	00:31:51.476		0.86131			4
2025.08.15	00:31:51.790		0.86132			4
2025.08.15	00:31:52.151		0.86131			4
2025.08.15	00:31:56.023	0.86050	0.86132			6
2025.08.15	00:31:56.382	0.86051	0.86131			6
2025.08.15	00:31:58.929	0.86050	0.86133			6
2025.08.15	00:31:59.486	0.86051	0.86132			6
2025.08.15	00:31:59.801	0.86050	0.86133			6
2025.08.15	00:32:00.162	0.86051	0.86131			6
2025.08.15	00:32:00.492		0.86132			4
2025.08.15	00:32:00.797	0.86050				2
2025.08.15	00:32:01.243	0.86051				2
2025.08.15	00:32:01.637		0.86133			4
2025.08.15	00:32:01.941	0.86050				2
2025.08.15	00:32:02.498	0.86051	0.86132			6
2025.08.15	00:32:02.811	0.86050	0.86133			6
2025.08.15	00:32:03.160	0.86051	0.86132			6
2025.08.15	00:32:05.128		0.86131			4
2025.08.15	00:32:05.817		0.86132			4
2025.08.15	00:32:06.530		0.86131			4
2025.08.15	00:32:07.787		0.86132			4
2025.08.15	00:32:08.497		0.86131			4
2025.08.15	00:32:11.333		0.86132			4
2025.08.15	00:32:11.637		0.86131			4
2025.08.15	00:32:11.972		0.86132			4
2025.08.15	00:32:12.326		0.86131			4
2025.08.15	00:32:13.679		0.86132			4
2025.08.15	00:32:13.983		0.86131			4
2025.08.15	00:32:15.235		0.86132			4
2025.08.15	00:32:29.038	0.86052	0.86131			6
2025.08.15	00:32:29.380	0.86051	0.86132			6
2025.08.15	00:32:39.196	0.86052	0.86131			6
2025.08.15	00:32:39.829	0.86051	0.86132			6
2025.08.15	00:32:40.206	0.86052	0.86131			6
2025.08.15	00:32:46.831	0.86051	0.86132			6
2025.08.15	00:32:47.526	0.86052	0.86131			6
2025.08.15	00:32:48.117		0.86132			4
2025.08.15	00:32:48.431	0.86051				2
2025.08.15	00:32:49.025	0.86052	0.86131			6
2025.08.15	00:32:49.329	0.86051	0.86132			6
2025.08.15	00:32:49.635	0.86052	0.86131			6
2025.08.15	00:32:51.070	0.86051	0.86132			6
2025.08.15	00:32:52.030	0.86054	0.86136			6
2025.08.15	00:32:52.516	0.86052	0.86138			6
2025.08.15	00:32:52.896	0.86054	0.86136			6
2025.08.15	00:32:53.274	0.86052	0.86138			6
2025.08.15	00:32:53.650	0.86054	0.86136			6
2025.08.15	00:32:54.023	0.86052	0.86138			6
2025.08.15	00:32:54.404	0.86054	0.86136			6
2025.08.15	00:32:54.773	0.86052	0.86138			6
2025.08.15	00:32:55.145	0.86054	0.86136			6
2025.08.15	00:32:56.343	0.86053	0.86137			6
2025.08.15	00:32:56.649	0.86054	0.86136			6
2025.08.15	00:32:57.021	0.86053	0.86137			6
2025.08.15	00:32:57.379	0.86054	0.86136			6
2025.08.15	00:32:57.755	0.86053	0.86137			6
2025.08.15	00:32:58.127	0.86054	0.86136			6
2025.08.15	00:32:58.511	0.86053	0.86137			6
2025.08.15	00:32:58.879	0.86054	0.86136			6
2025.08.15	00:32:59.257	0.86053	0.86137			6
2025.08.15	00:32:59.633	0.86054	0.86136			6
2025.08.15	00:33:00.005	0.86053	0.86137			6
2025.08.15	00:33:00.379	0.86054	0.86136			6
2025.08.15	00:33:00.756	0.86053	0.86137			6
2025.08.15	00:33:01.127	0.86054	0.86136			6
2025.08.15	00:33:01.504	0.86053	0.86137			6
2025.08.15	00:33:01.879	0.86054	0.86136			6
2025.08.15	00:33:02.257	0.86053	0.86137			6
2025.08.15	00:33:02.627	0.86054	0.86136			6
2025.08.15	00:33:03.005	0.86053	0.86137			6
2025.08.15	00:33:03.376	0.86054	0.86136			6
2025.08.15	00:33:03.754	0.86052	0.86137			6
2025.08.15	00:33:04.128	0.86054	0.86136			6
2025.08.15	00:33:04.503	0.86052	0.86137			6
2025.08.15	00:33:04.879	0.86054	0.86136			6
2025.08.15	00:33:05.254	0.86052	0.86137			6
2025.08.15	00:33:05.630	0.86055	0.86135			6
2025.08.15	00:33:06.001	0.86053	0.86137			6
2025.08.15	00:33:07.070	0.86054	0.86136			6
2025.08.15	00:33:07.390	0.86053	0.86137			6
2025.08.15	00:33:12.976		0.86136			4
2025.08.15	00:33:13.864		0.86137			4
2025.08.15	00:33:14.357	0.86054	0.86136			6
2025.08.15	00:33:14.883	0.86053	0.86137			6
2025.08.15	00:33:15.381	0.86054	0.86136			6
2025.08.15	00:33:15.766	0.86053	0.86137			6
2025.08.15	00:33:16.380	0.86054	0.86136			6
2025.08.15	00:33:26.428	0.86052	0.86138			6
2025.08.15	00:33:27.428	0.86051	0.86139			6
2025.08.15	00:33:27.869	0.86052	0.86138			6
2025.08.15	00:33:28.306	0.86051	0.86139			6
2025.08.15	00:33:28.670	0.86053	0.86137			6
2025.08.15	00:33:29.609	0.86054	0.86136			6
2025.08.15	00:33:44.818	0.86053	0.86137			6
2025.08.15	00:33:46.172		0.86135			4
2025.08.15	00:33:51.814	0.86049	0.86134			6
2025.08.15	00:34:00.708	0.86047	0.86135			6
2025.08.15	00:34:01.110	0.86049	0.86133			6
2025.08.15	00:34:01.609	0.86047	0.86135			6
2025.08.15	00:34:02.108	0.86049	0.86133			6
2025.08.15	00:34:02.609	0.86047	0.86135			6
2025.08.15	00:34:03.109	0.86049	0.86133			6
2025.08.15	00:34:03.611	0.86047	0.86135			6
2025.08.15	00:34:04.108	0.86049	0.86133			6
2025.08.15	00:34:04.610	0.86047	0.86135			6
2025.08.15	00:34:05.109	0.86049	0.86133			6
2025.08.15	00:34:05.614	0.86047	0.86135			6
2025.08.15	00:34:06.108	0.86049	0.86133			6
2025.08.15	00:34:06.608	0.86047	0.86135			6
2025.08.15	00:34:07.110	0.86049	0.86133			6
2025.08.15	00:34:07.608	0.86047	0.86135			6
2025.08.15	00:34:08.111	0.86049	0.86133			6
2025.08.15	00:34:08.608	0.86047	0.86135			6
2025.08.15	00:34:09.110	0.86049	0.86133			6
2025.08.15	00:34:09.610	0.86047	0.86135			6
2025.08.15	00:34:10.108	0.86049	0.86133			6
2025.08.15	00:34:10.612	0.86047	0.86135			6
2025.08.15	00:34:11.111	0.86049	0.86133			6
2025.08.15	00:34:11.607	0.86048	0.86135			6
2025.08.15	00:34:12.006		0.86134			4
2025.08.15	00:34:12.612	0.86047	0.86136			6
2025.08.15	00:34:13.110	0.86049	0.86133			6
2025.08.15	00:34:13.608	0.86047	0.86136			6
2025.08.15	00:34:14.109	0.86049	0.86134			6
2025.08.15	00:34:14.608	0.86047	0.86136			6
2025.08.15	00:34:15.114	0.86049	0.86134			6
2025.08.15	00:34:15.613	0.86046	0.86136			6
2025.08.15	00:34:16.108	0.86049	0.86134			6
2025.08.15	00:34:16.608	0.86046	0.86136			6
2025.08.15	00:34:17.107	0.86049	0.86134			6
2025.08.15	00:34:17.609	0.86046	0.86136			6
2025.08.15	00:34:18.107	0.86049	0.86134			6
2025.08.15	00:34:18.611	0.86047	0.86135			6
2025.08.15	00:34:19.110	0.86048	0.86134			6
2025.08.15	00:34:19.503	0.86047	0.86135			6
2025.08.15	00:34:20.109	0.86048	0.86134			6
2025.08.15	00:34:20.609	0.86047	0.86135			6
2025.08.15	00:34:20.979	0.86048	0.86134			6
2025.08.15	00:34:21.608	0.86047	0.86135			6
2025.08.15	00:34:22.108	0.86048	0.86134			6
2025.08.15	00:34:22.609	0.86046	0.86136			6
2025.08.15	00:34:23.111	0.86049	0.86134			6
2025.08.15	00:34:23.609	0.86046	0.86136			6
2025.08.15	00:34:24.108	0.86048	0.86134			6
2025.08.15	00:34:24.611	0.86047	0.86135			6
2025.08.15	00:34:25.108	0.86048	0.86134			6
2025.08.15	00:34:25.615	0.86047	0.86135			6
2025.08.15	00:34:26.111	0.86048	0.86134			6
2025.08.15	00:34:26.615	0.86047	0.86135			6
2025.08.15	00:34:27.108	0.86049	0.86133			6
2025.08.15	00:34:27.610	0.86047	0.86135			6
2025.08.15	00:34:28.091	0.86049	0.86133			6
2025.08.15	00:34:29.509	0.86051	0.86136			6
2025.08.15	00:34:35.282	0.86050	0.86138			6
2025.08.15	00:34:35.781	0.86049	0.86139			6
2025.08.15	00:34:38.389	0.86050	0.86138			6
2025.08.15	00:34:46.429	0.86048	0.86139			6
2025.08.15	00:34:54.748		0.86140			4
2025.08.15	00:35:04.056	0.86048				2
2025.08.15	00:35:05.041	0.86045	0.86138			6
2025.08.15	00:35:06.981	0.86040				2
2025.08.15	00:35:09.710	0.86046				2
2025.08.15	00:35:12.447		0.86136			4
2025.08.15	00:35:15.169	0.86040				2
2025.08.15	00:35:22.533	0.86044	0.86137			6
2025.08.15	00:35:31.358		0.86136			4
2025.08.15	00:35:35.440	0.86046				2
2025.08.15	00:35:36.356		0.86135			4
2025.08.15	00:35:42.480		0.86136			4
2025.08.15	00:35:46.155	0.86045				2
2025.08.15	00:35:51.697		0.86135			4
2025.08.15	00:36:00.968	0.86045				2
2025.08.15	00:36:09.999	0.86043				2
2025.08.15	00:36:11.663	0.86045				2
2025.08.15	00:36:13.003		0.86134			4
2025.08.15	00:36:17.270	0.86043				2
2025.08.15	00:36:20.187	0.86046				2
2025.08.15	00:36:33.586		0.86135			4
2025.08.15	00:36:40.606	0.86044				2
2025.08.15	00:36:42.833	0.86045				2
2025.08.15	00:36:47.387		0.86134			4
2025.08.15	00:36:48.448	0.86044				2
2025.08.15	00:36:51.414	0.86045				2
2025.08.15	00:37:00.428	0.86045				2
2025.08.15	00:37:03.264	0.86043	0.86135			6
2025.08.15	00:37:14.235	0.86045				2
2025.08.15	00:37:20.384	0.86043				2
2025.08.15	00:37:24.648	0.86046				2
2025.08.15	00:37:25.232	0.86035	0.86132			6
2025.08.15	00:37:26.686	0.86036	0.86131			6
2025.08.15	00:37:37.860	0.86039				2
2025.08.15	00:37:43.535	0.86045				2
2025.08.15	00:37:49.700	0.86039				2
2025.08.15	00:37:57.026		0.86130			4
2025.08.15	00:37:57.641		0.86131			4
2025.08.15	00:38:00.787	0.86039				2
2025.08.15	00:38:09.446		0.86132			4
2025.08.15	00:38:09.942	0.86045				2
2025.08.15	00:38:15.540	0.86039				2
2025.08.15	00:38:22.180		0.86134			4
2025.08.15	00:38:26.986		0.86133			4
2025.08.15	00:38:38.995	0.86045				2
2025.08.15	00:38:41.185		0.86132			4
2025.08.15	00:38:41.598		0.86133			4
2025.08.15	00:38:42.448	0.86052				2
2025.08.15	00:38:44.691		0.86134			4
2025.08.15	00:38:45.364		0.86133			4
2025.08.15	00:38:46.105	0.86039				2
2025.08.15	00:38:53.085	0.86036				2
2025.08.15	00:38:53.424	0.86040				2
2025.08.15	00:39:01.438	0.86040				2
2025.08.15	00:39:08.986		0.86132			4
2025.08.15	00:39:09.507	0.86052				2
2025.08.15	00:39:15.322	0.86038				2
2025.08.15	00:39:19.475		0.86131			4
2025.08.15	00:39:23.087	0.86036				2
2025.08.15	00:39:23.424	0.86039				2
2025.08.15	00:39:24.203		0.86132			4
2025.08.15	00:39:29.490		0.86126			4
2025.08.15	00:39:30.828		0.86125			4
2025.08.15	00:39:31.854		0.86126			4
2025.08.15	00:39:35.540	0.86059				2
2025.08.15	00:39:39.828	0.86065	0.86130			6
2025.08.15	00:39:41.747	0.86052				2
2025.08.15	00:39:47.689	0.86053				2
2025.08.15	00:39:49.478	0.86052				2
2025.08.15	00:39:51.585	0.86053				2
2025.08.15	00:39:52.273	0.86052				2
2025.08.15	00:39:53.088	0.86053	0.86129			6
2025.08.15	00:39:53.864	0.86054	0.86139			6
2025.08.15	00:39:55.419		0.86140			4
2025.08.15	00:39:57.573		0.86139			4
2025.08.15	00:40:00.423	0.86054				2
2025.08.15	00:40:01.077	0.86055				2
2025.08.15	00:40:01.978		0.86140			4
2025.08.15	00:40:03.197	0.86059				2
2025.08.15	00:40:04.209	0.86058				2
2025.08.15	00:40:04.731	0.86059				2
2025.08.15	00:40:05.842	0.86066				2
2025.08.15	00:40:10.333	0.86064				2
2025.08.15	00:40:12.313	0.86059				2
2025.08.15	00:40:16.412	0.86060				2
2025.08.15	00:40:25.161	0.86061				2
2025.08.15	00:40:29.086	0.86062				2
2025.08.15	00:40:31.184	0.86061				2
2025.08.15	00:40:32.023	0.86063				2
2025.08.15	00:40:33.287		0.86139			4
2025.08.15	00:40:38.168	0.86064				2
2025.08.15	00:40:42.247		0.86140			4
2025.08.15	00:40:43.016		0.86139			4
2025.08.15	00:40:43.622	0.86063				2
2025.08.15	00:40:56.987	0.86064				2
2025.08.15	00:40:58.471		0.86138			4
2025.08.15	00:40:59.795	0.86065				2
2025.08.15	00:41:00.384	0.86064	0.86135			6
2025.08.15	00:41:01.707	0.86065	0.86134			6
2025.08.15	00:41:11.659		0.86135			4
2025.08.15	00:41:12.207	0.86064				2
2025.08.15	00:41:14.086		0.86134			4
2025.08.15	00:41:16.486	0.86065				2
2025.08.15	00:41:42.189	0.86064	0.86135			6
2025.08.15	00:41:42.498	0.86066	0.86133			6
2025.08.15	00:42:00.137	0.86066				2
2025.08.15	00:42:02.678	0.86068	0.86131			6
2025.08.15	00:42:03.002	0.86067	0.86132			6
2025.08.15	00:42:03.544	0.86066	0.86133			6
2025.08.15	00:42:04.405	0.86065				2
2025.08.15	00:42:04.706		0.86134			4
2025.08.15	00:42:05.774	0.86066	0.86133			6
2025.08.15	00:42:10.673	0.86068	0.86131			6
2025.08.15	00:42:31.715	0.86067	0.86132			6
2025.08.15	00:42:38.987	0.86068	0.86131			6
2025.08.15	00:42:48.587	0.86069	0.86130			6
2025.08.15	00:42:49.733	0.86067	0.86132			6
2025.08.15	00:42:55.683	0.86066	0.86133			6
2025.08.15	00:43:00.979	0.86066				2
2025.08.15	00:43:08.988		0.86132			4
2025.08.15	00:43:15.057	0.86067				2
2025.08.15	00:43:16.793		0.86131			4
2025.08.15	00:43:20.386	0.86070	0.86132			6
2025.08.15	00:43:25.524		0.86131			4
2025.08.15	00:43:27.888	0.86068	0.86132			6
2025.08.15	00:43:28.226	0.86069	0.86130			6
2025.08.15	00:43:28.996	0.86070				2
2025.08.15	00:43:44.354		0.86129			4
2025.08.15	00:43:44.767		0.86130			4
2025.08.15	00:43:50.087	0.86071	0.86129			6
2025.08.15	00:43:52.187	0.86070				2
2025.08.15	00:43:56.614	0.86071				2
2025.08.15	00:44:00.615	0.86071	0.86128			6
2025.08.15	00:44:10.390	0.86070	0.86129			6
2025.08.15	00:44:23.835	0.86071				2
2025.08.15	00:44:25.487		0.86128			4
2025.08.15	00:44:26.335	0.86072				2
2025.08.15	00:44:28.788	0.86071				2
2025.08.15	00:44:38.988	0.86072				2
2025.08.15	00:44:40.787	0.86071				2
2025.08.15	00:44:49.862	0.86072	0.86127			6
2025.08.15	00:44:53.065		0.86128			4
2025.08.15	00:45:00.276	0.86071	0.86129			6
2025.08.15	00:45:03.319	0.86065	0.86133			6
2025.08.15	00:45:03.647	0.86064				2
2025.08.15	00:45:06.973	0.86070	0.86129			6
2025.08.15	00:45:08.606	0.86069				2
2025.08.15	00:45:10.561	0.86081	0.86117			6
2025.08.15	00:45:13.240	0.86083	0.86115			6
2025.08.15	00:46:02.475	0.86082	0.86116			6
2025.08.15	00:46:12.380	0.86083				2
2025.08.15	00:46:12.798	0.86082				2
2025.08.15	00:46:15.901	0.86083				2
2025.08.15	00:46:18.852		0.86115			4
2025.08.15	00:46:27.369		0.86116			4
2025.08.15	00:46:27.951		0.86117			4
2025.08.15	00:46:30.334	0.86082				2
2025.08.15	00:46:38.358		0.86118			4
2025.08.15	00:46:39.866		0.86117			4
2025.08.15	00:46:40.178		0.86118			4
2025.08.15	00:46:47.094		0.86119			4
2025.08.15	00:46:48.217		0.86118			4
2025.08.15	00:46:48.522		0.86119			4
2025.08.15	00:47:01.477	0.86082				2
2025.08.15	00:47:03.152	0.86074	0.86126			6
2025.08.15	00:47:05.278	0.86073	0.86128			6
2025.08.15	00:47:07.092	0.86080	0.86121			6
2025.08.15	00:47:17.997	0.86083	0.86124			6
2025.08.15	00:47:31.462	0.86084	0.86128			6
2025.08.15	00:47:31.790	0.86087	0.86132			6
2025.08.15	00:47:32.098	0.86083	0.86136			6
2025.08.15	00:47:32.418	0.86082				2
2025.08.15	00:47:32.723	0.86080				2
2025.08.15	00:47:33.027	0.86081				2
2025.08.15	00:47:33.406	0.86082				2
2025.08.15	00:47:34.042	0.86083				2
2025.08.15	00:47:35.991	0.86084				2
2025.08.15	00:47:42.888	0.86085				2
2025.08.15	00:47:46.480	0.86086				2
2025.08.15	00:47:52.424		0.86135			4
2025.08.15	00:47:55.786	0.86087				2
2025.08.15	00:47:59.693	0.86085				2
2025.08.15	00:48:00.392	0.86085				2
2025.08.15	00:48:03.345	0.86084				2
2025.08.15	00:48:14.447	0.86083				2
2025.08.15	00:48:17.630	0.86084				2
2025.08.15	00:48:18.352	0.86083				2
2025.08.15	00:48:19.525	0.86084				2
2025.08.15	00:48:23.008	0.86085				2
2025.08.15	00:48:28.169	0.86084				2
2025.08.15	00:48:49.731	0.86085				2
2025.08.15	00:48:50.333	0.86086				2
2025.08.15	00:48:50.672	0.86085				2
2025.08.15	00:48:52.428		0.86135			4
2025.08.15	00:49:01.407	0.86085				2
2025.08.15	00:49:02.896	0.86086				2
2025.08.15	00:49:23.709		0.86133			4
2025.08.15	00:49:46.787	0.86087				2
2025.08.15	00:50:00.585	0.86087				2
2025.08.15	00:50:03.797		0.86134			4
2025.08.15	00:50:08.096	0.86086				2
2025.08.15	00:50:09.585	0.86087				2
2025.08.15	00:50:10.787	0.86090				2
2025.08.15	00:50:13.737		0.86133			4
2025.08.15	00:50:17.190		0.86135			4
2025.08.15	00:50:18.287	0.86089	0.86133			6
2025.08.15	00:50:29.028	0.86090	0.86134			6
2025.08.15	00:50:37.763	0.86089				2
2025.08.15	00:50:57.287	0.86090				2
2025.08.15	00:51:01.697	0.86090				2
2025.08.15	00:51:06.208	0.86089				2
2025.08.15	00:51:07.432	0.86090				2
2025.08.15	00:51:29.388	0.86091	0.86134			6
2025.08.15	00:51:31.488	0.86090				2
2025.08.15	00:51:40.886	0.86091				2
2025.08.15	00:51:41.430		0.86136			4
2025.08.15	00:51:49.840		0.86134			4
2025.08.15	00:51:51.842	0.86090	0.86132			6
2025.08.15	00:51:54.829	0.86089				2
2025.08.15	00:52:00.980	0.86089				2
2025.08.15	00:52:04.730	0.86090				2
2025.08.15	00:52:05.039	0.86089				2
2025.08.15	00:52:09.836	0.86090	0.86130			6
2025.08.15	00:52:19.728	0.86091				2
2025.08.15	00:52:22.186	0.86092				2
2025.08.15	00:52:26.057		0.86134			4
2025.08.15	00:52:27.396	0.86091				2
2025.08.15	00:52:32.661	0.86092				2
2025.08.15	00:52:40.155		0.86135			4
2025.08.15	00:52:47.106	0.86091				2
2025.08.15	00:52:49.265		0.86133			4
2025.08.15	00:52:57.687		0.86132			4
2025.08.15	00:53:00.275	0.86091				2
2025.08.15	00:53:07.697		0.86131			4
2025.08.15	00:53:17.922	0.86090				2
2025.08.15	00:53:19.463	0.86089				2
2025.08.15	00:53:25.843	0.86085	0.86129			6
2025.08.15	00:53:27.559	0.86087	0.86131			6
2025.08.15	00:53:28.355	0.86086	0.86129			6
2025.08.15	00:53:30.982		0.86131			4
2025.08.15	00:53:31.935	0.86087				2
2025.08.15	00:53:35.089	0.86086				2
2025.08.15	00:53:37.267		0.86129			4
2025.08.15	00:53:40.415	0.86087				2
2025.08.15	00:53:49.952	0.86086				2
2025.08.15	00:53:51.568		0.86130			4
2025.08.15	00:53:51.887	0.86087				2
2025.08.15	00:53:56.606	0.86090	0.86128			6
2025.08.15	00:53:58.827	0.86091				2
2025.08.15	00:54:02.129	0.86091				2
2025.08.15	00:54:04.247		0.86127			4
2025.08.15	00:54:07.672	0.86090	0.86128			6
2025.08.15	00:54:13.128	0.86091	0.86127			6
2025.08.15	00:54:15.321	0.86092	0.86136			6
2025.08.15	00:54:15.640	0.86094	0.86135			6
2025.08.15	00:54:16.329	0.86095	0.86136			6
2025.08.15	00:54:16.666	0.86092	0.86139			6
2025.08.15	00:54:17.006	0.86090				2
2025.08.15	00:54:19.807	0.86100	0.86143			6
2025.08.15	00:54:21.098		0.86140			4
2025.08.15	00:54:22.504		0.86141			4
2025.08.15	00:54:23.314	0.86101				2
2025.08.15	00:54:27.329	0.86098	0.86142			6
2025.08.15	00:54:28.699	0.86095	0.86143			6
2025.08.15	00:54:29.016		0.86141			4
2025.08.15	00:54:40.222	0.86094	0.86140			6
2025.08.15	00:54:42.732	0.86095				2
2025.08.15	00:54:44.176	0.86094				2
2025.08.15	00:54:50.407	0.86095				2
2025.08.15	00:54:51.808	0.86094	0.86138			6
2025.08.15	00:54:52.805		0.86139			4
2025.08.15	00:54:55.692	0.86095				2
2025.08.15	00:55:00.318	0.86095				2
2025.08.15	00:55:02.817	0.86094				2
2025.08.15	00:55:03.229		0.86141			4
2025.08.15	00:55:05.170		0.86143			4
2025.08.15	00:55:05.686	0.86095				2
2025.08.15	00:55:15.115	0.86096	0.86146			6
2025.08.15	00:55:21.172		0.86139			4
2025.08.15	00:55:21.507		0.86147			4
2025.08.15	00:55:23.994	0.86097				2
2025.08.15	00:55:30.233		0.86148			4
2025.08.15	00:55:31.172		0.86149			4
2025.08.15	00:55:38.330	0.86099	0.86147			6
2025.08.15	00:55:39.565	0.86098	0.86148			6
2025.08.15	00:55:40.069	0.86099	0.86147			6
2025.08.15	00:55:41.929	0.86098	0.86148			6
2025.08.15	00:55:45.799		0.86147			4
2025.08.15	00:55:48.199	0.86099				2
2025.08.15	00:55:55.128	0.86098				2
2025.08.15	00:55:58.572	0.86097				2
2025.08.15	00:55:58.878	0.86098				2
2025.08.15	00:56:00.287	0.86098				2
2025.08.15	00:56:04.487	0.86097				2
2025.08.15	00:56:09.967	0.86098				2
2025.08.15	00:56:14.870		0.86149			4
2025.08.15	00:56:16.547		0.86147			4
2025.08.15	00:56:17.688	0.86097				2
2025.08.15	00:56:30.642		0.86144			4
2025.08.15	00:56:32.029	0.86098	0.86142			6
2025.08.15	00:56:32.340		0.86139			4
2025.08.15	00:56:36.930	0.86096	0.86140			6
2025.08.15	00:56:38.665	0.86097				2
2025.08.15	00:56:50.928	0.86098	0.86145			6
2025.08.15	00:56:51.242	0.86097				2
2025.08.15	00:56:57.500	0.86098				2
2025.08.15	00:56:58.965	0.86097				2
2025.08.15	00:57:01.430	0.86097				2
2025.08.15	00:57:05.959	0.86098	0.86147			6
2025.08.15	00:57:14.170	0.86097				2
2025.08.15	00:57:16.429	0.86098				2
2025.08.15	00:57:18.229		0.86145			4
2025.08.15	00:57:40.369	0.86099				2
2025.08.15	00:57:44.436	0.86098	0.86134			6
2025.08.15	00:57:44.798	0.86097	0.86136			6
2025.08.15	00:57:46.540	0.86098				2
2025.08.15	00:57:54.531	0.86097				2
2025.08.15	00:57:56.159		0.86143			4
2025.08.15	00:57:58.795	0.86098				2
2025.08.15	00:58:00.280	0.86098				2
2025.08.15	00:58:03.563	0.86097				2
2025.08.15	00:58:05.934	0.86098				2
2025.08.15	00:58:08.005	0.86101				2
2025.08.15	00:58:08.322	0.86102				2
2025.08.15	00:58:08.834	0.86104	0.86146			6
2025.08.15	00:58:10.130	0.86105				2
2025.08.15	00:58:31.895	0.86100	0.86140			6
2025.08.15	00:58:35.987	0.86101				2
2025.08.15	00:58:38.385	0.86100				2
2025.08.15	00:58:39.898		0.86144			4
2025.08.15	00:58:40.273	0.86099				2
2025.08.15	00:58:41.695	0.86100				2
2025.08.15	00:58:42.663	0.86099	0.86141			6
2025.08.15	00:58:44.221	0.86098				2
2025.08.15	00:58:45.275	0.86099				2
2025.08.15	00:58:50.560	0.86098				2
2025.08.15	00:58:53.031		0.86144			4
2025.08.15	00:58:56.256	0.86097				2
2025.08.15	00:58:59.673	0.86098				2
2025.08.15	00:59:00.088	0.86098				2
2025.08.15	00:59:05.363	0.86099				2
2025.08.15	00:59:06.422		0.86139			4
2025.08.15	00:59:08.101	0.86097				2
2025.08.15	00:59:08.636		0.86144			4
2025.08.15	00:59:12.860		0.86139			4
2025.08.15	00:59:23.048		0.86144			4
2025.08.15	00:59:23.420	0.86098				2
2025.08.15	00:59:28.257	0.86097				2
2025.08.15	00:59:33.360	0.86096				2
2025.08.15	00:59:34.933	0.86095				2
2025.08.15	00:59:35.420	0.86097				2
2025.08.15	00:59:37.057	0.86096				2
2025.08.15	00:59:38.041	0.86097				2
2025.08.15	00:59:39.125	0.86098				2
2025.08.15	00:59:43.402		0.86139			4
2025.08.15	00:59:47.092	0.86097				2
2025.08.15	00:59:55.187	0.86096				2
2025.08.15	00:59:58.283	0.86097				2
2025.08.15	00:59:59.052	0.86096	0.86140			6
2025.08.15	00:59:59.663		0.86139			4
2025.08.15	00:59:59.978	0.86095				2
2025.08.15	01:00:00.309	0.86094	0.86148			6
2025.08.15	01:00:00.620	0.86100	0.86151			6
2025.08.15	01:00:00.938	0.86102	0.86140			6
2025.08.15	01:00:01.244	0.86101				2
2025.08.15	01:00:01.631	0.86100				2
2025.08.15	01:00:01.938	0.86094	0.86133			6
2025.08.15	01:00:02.559	0.86092				2
2025.08.15	01:00:02.866	0.86096	0.86134			6
2025.08.15	01:00:03.716	0.86091	0.86167			6
2025.08.15	01:00:04.964	0.86094	0.86162			6
2025.08.15	01:00:05.265		0.86159			4
2025.08.15	01:00:05.871	0.86092	0.86161			6
2025.08.15	01:00:06.173	0.86095	0.86137			6
2025.08.15	01:00:06.477	0.86096	0.86159			6
2025.08.15	01:00:06.780	0.86097	0.86140			6
2025.08.15	01:00:07.082	0.86096	0.86134			6
2025.08.15	01:00:07.391	0.86105	0.86137			6
2025.08.15	01:00:07.694		0.86136			4
2025.08.15	01:00:08.287		0.86131			4
2025.08.15	01:00:08.600	0.86103	0.86137			6
2025.08.15	01:00:09.494		0.86135			4
2025.08.15	01:00:09.805		0.86136			4
2025.08.15	01:00:10.329	0.86104	0.86132			6
2025.08.15	01:00:10.742	0.86105				2
2025.08.15	01:00:11.215	0.86106				2
2025.08.15	01:00:13.188	0.86107				2
2025.08.15	01:00:15.280	0.86106	0.86136			6
2025.08.15	01:00:16.142	0.86112	0.86133			6
2025.08.15	01:00:16.451		0.86132			4
2025.08.15	01:00:16.849	0.86105				2
2025.08.15	01:00:17.737	0.86112				2
2025.08.15	01:00:18.212	0.86111				2
2025.08.15	01:00:18.586	0.86109	0.86130			6
2025.08.15	01:00:18.995	0.86106	0.86136			6
2025.08.15	01:00:19.370	0.86112	0.86133			6
2025.08.15	01:00:19.672	0.86114	0.86134			6
2025.08.15	01:00:20.324		0.86130			4
2025.08.15	01:00:20.759	0.86111	0.86128			6
2025.08.15	01:00:21.145	0.86112	0.86129			6
2025.08.15	01:00:22.130	0.86107	0.86131			6
2025.08.15	01:00:22.439	0.86102	0.86134			6
2025.08.15	01:00:22.825	0.86103				2
2025.08.15	01:00:24.274	0.86104				2
2025.08.15	01:00:24.980	0.86105				2
2025.08.15	01:00:25.326	0.86104	0.86132			6
2025.08.15	01:00:26.008	0.86100	0.86131			6
2025.08.15	01:00:26.320	0.86101	0.86122			6
2025.08.15	01:00:26.651	0.86099	0.86121			6
2025.08.15	01:00:27.030	0.86097	0.86118			6
2025.08.15	01:00:27.338	0.86099	0.86119			6
2025.08.15	01:00:27.642		0.86122			4
2025.08.15	01:00:29.964	0.86100				2
2025.08.15	01:00:31.651	0.86099				2
2025.08.15	01:00:34.188	0.86100				2
2025.08.15	01:00:36.347	0.86102	0.86119			6
2025.08.15	01:00:37.769	0.86105	0.86121			6
2025.08.15	01:00:38.558	0.86104				2
2025.08.15	01:00:39.585	0.86105				2
2025.08.15	01:00:42.520	0.86106	0.86123			6
2025.08.15	01:00:44.193	0.86105	0.86122			6
2025.08.15	01:00:47.289	0.86107	0.86123			6
2025.08.15	01:00:52.359	0.86106				2
2025.08.15	01:01:00.308	0.86107	0.86125			6
2025.08.15	01:01:00.643	0.86108				2
2025.08.15	01:01:01.442	0.86107	0.86124			6
2025.08.15	01:01:01.743	0.86106	0.86123			6
2025.08.15	01:01:02.351	0.86108	0.86121			6
2025.08.15	01:01:02.661	0.86107	0.86120			6
2025.08.15	01:01:03.043	0.86110	0.86122			6
2025.08.15	01:01:03.699	0.86103	0.86115			6
2025.08.15	01:01:04.123	0.86102	0.86116			6
2025.08.15	01:01:04.451	0.86101	0.86118			6
2025.08.15	01:01:04.881	0.86099	0.86116			6
2025.08.15	01:01:05.636		0.86115			4
2025.08.15	01:01:08.429	0.86100				2
2025.08.15	01:01:08.803	0.86099	0.86114			6
2025.08.15	01:01:09.505		0.86115			4
2025.08.15	01:01:11.488	0.86100	0.86116			6
2025.08.15	01:01:11.977	0.86101				2
2025.08.15	01:01:13.787	0.86100				2
2025.08.15	01:01:15.805	0.86101				2
2025.08.15	01:01:18.785	0.86106	0.86122			6
2025.08.15	01:01:19.380		0.86121			4
2025.08.15	01:01:20.318		0.86123			4
2025.08.15	01:01:21.554		0.86122			4
2025.08.15	01:01:26.197	0.86105	0.86121			6
2025.08.15	01:01:28.296	0.86106				2
2025.08.15	01:01:31.429		0.86120			4
2025.08.15	01:01:32.173		0.86121			4
2025.08.15	01:01:34.805	0.86105	0.86118			6
2025.08.15	01:01:35.168		0.86119			4
2025.08.15	01:01:35.717		0.86117			4
2025.08.15	01:01:36.588		0.86116			4
2025.08.15	01:01:45.677	0.86103				2
2025.08.15	01:01:48.343		0.86117			4
2025.08.15	01:01:54.684	0.86102	0.86114			6
2025.08.15	01:02:00.546	0.86102				2
2025.08.15	01:02:03.478		0.86110			4
2025.08.15	01:02:26.389	0.86101				2
2025.08.15	01:02:28.271	0.86102				2
2025.08.15	01:02:49.029	0.86100	0.86109			6
2025.08.15	01:02:52.271	0.86101				2
2025.08.15	01:02:54.630	0.86102				2
2025.08.15	01:02:56.382		0.86110			4
2025.08.15	01:02:57.295		0.86111			4
2025.08.15	01:02:59.004	0.86103				2
2025.08.15	01:02:59.527	0.86102				2
2025.08.15	01:03:00.651	0.86103				2
2025.08.15	01:03:01.537	0.86104	0.86113			6
2025.08.15	01:03:03.702	0.86103				2
2025.08.15	01:03:23.209		0.86114			4
2025.08.15	01:03:23.614		0.86113			4
2025.08.15	01:03:30.980		0.86112			4
2025.08.15	01:03:48.290	0.86104				2
2025.08.15	01:03:50.295		0.86111			4
2025.08.15	01:03:56.308	0.86103				2
2025.08.15	01:04:00.319	0.86103	0.86112			6
2025.08.15	01:04:02.297	0.86104	0.86111			6
2025.08.15	01:04:06.889	0.86103				2
2025.08.15	01:04:07.320	0.86104				2
2025.08.15	01:04:14.577	0.86105				2
2025.08.15	01:04:16.610	0.86104				2
2025.08.15	01:04:29.801	0.86102				2
2025.08.15	01:04:42.343	0.86103				2
2025.08.15	01:04:56.376	0.86104				2
2025.08.15	01:05:00.374	0.86108	0.86115			6
2025.08.15	01:05:00.683	0.86107	0.86117			6
2025.08.15	01:05:01.463	0.86108	0.86118			6
2025.08.15	01:05:02.354	0.86107				2
2025.08.15	01:05:03.768	0.86108				2
2025.08.15	01:05:07.486		0.86117			4
2025.08.15	01:05:15.421	0.86109				2
2025.08.15	01:06:00.449	0.86109	0.86115			6
2025.08.15	01:06:04.597		0.86116			4
2025.08.15	01:06:05.311	0.86108				2
2025.08.15	01:06:10.988	0.86109				2
2025.08.15	01:06:12.509	0.86104	0.86111			6
2025.08.15	01:06:17.125	0.86108	0.86115			6
2025.08.15	01:06:27.641		0.86116			4
2025.08.15	01:06:41.917	0.86107				2
2025.08.15	01:06:44.387	0.86108				2
2025.08.15	01:07:00.587	0.86108				2
2025.08.15	01:07:01.463	0.86105	0.86113			6
2025.08.15	01:07:01.792	0.86104	0.86112			6
2025.08.15	01:07:02.815	0.86107	0.86116			6
2025.08.15	01:07:03.332	0.86106	0.86114			6
2025.08.15	01:07:04.352		0.86115			4
2025.08.15	01:07:20.508		0.86114			4
2025.08.15	01:07:23.124	0.86105	0.86113			6
2025.08.15	01:07:24.361		0.86114			4
2025.08.15	01:07:28.388		0.86113			4
2025.08.15	01:07:33.691	0.86104				2
2025.08.15	01:07:37.523	0.86103	0.86111			6
2025.08.15	01:07:41.086		0.86110			4
2025.08.15	01:07:44.388		0.86111			4
2025.08.15	01:07:57.134	0.86102	0.86109			6
2025.08.15	01:08:00.966	0.86102				2
2025.08.15	01:08:25.305	0.86100	0.86108			6
2025.08.15	01:08:25.916	0.86102				2
2025.08.15	01:08:45.662	0.86104	0.86110			6
2025.08.15	01:08:48.586		0.86111			4
2025.08.15	01:08:51.654		0.86110			4
2025.08.15	01:08:53.388		0.86111			4
2025.08.15	01:08:54.931		0.86112			4
2025.08.15	01:09:00.886	0.86104				2
2025.08.15	01:09:04.300	0.86112	0.86118			6
2025.08.15	01:09:10.630		0.86120			4
2025.08.15	01:09:11.985		0.86119			4
2025.08.15	01:09:14.751	0.86110	0.86117			6
2025.08.15	01:09:15.086	0.86111				2
2025.08.15	01:09:18.168	0.86110				2
2025.08.15	01:09:23.960	0.86111				2
2025.08.15	01:09:25.109	0.86110				2
2025.08.15	01:09:25.969	0.86113				2
2025.08.15	01:09:37.346		0.86118			4
2025.08.15	01:09:39.502		0.86119			4
2025.08.15	01:09:39.817		0.86118			4
2025.08.15	01:09:49.362	0.86111	0.86116			6
2025.08.15	01:09:51.310		0.86117			4
2025.08.15	01:10:00.315	0.86112				2
2025.08.15	01:10:00.619	0.86113				2
2025.08.15	01:10:00.948	0.86114	0.86120			6
2025.08.15	01:10:01.315	0.86115				2
2025.08.15	01:10:12.062	0.86114	0.86119			6
2025.08.15	01:10:18.359		0.86118			4
2025.08.15	01:10:28.257	0.86113				2
2025.08.15	01:10:29.198		0.86117			4
2025.08.15	01:10:29.908	0.86112				2
2025.08.15	01:10:30.920	0.86114	0.86118			6
2025.08.15	01:10:33.434		0.86119			4
2025.08.15	01:10:36.887		0.86118			4
2025.08.15	01:10:40.676		0.86119			4
2025.08.15	01:10:47.414	0.86117	0.86123			6
2025.08.15	01:10:48.353		0.86124			4
2025.08.15	01:10:49.956		0.86123			4
2025.08.15	01:10:57.151		0.86124			4
2025.08.15	01:10:58.361		0.86123			4
2025.08.15	01:11:02.008	0.86115	0.86121			6
2025.08.15	01:11:02.327		0.86120			4
2025.08.15	01:11:02.636		0.86121			4
2025.08.15	01:11:03.246		0.86120			4
2025.08.15	01:11:07.035	0.86113	0.86118			6
2025.08.15	01:11:07.360		0.86119			4
2025.08.15	01:11:20.669	0.86116	0.86122			6
2025.08.15	01:11:23.686	0.86115				2
2025.08.15	01:11:26.353		0.86121			4
2025.08.15	01:11:29.370		0.86122			4
2025.08.15	01:11:40.465		0.86119			4
2025.08.15	01:11:41.360		0.86120			4
2025.08.15	01:11:45.543		0.86121			4
2025.08.15	01:11:52.233		0.86122			4
2025.08.15	01:12:00.709	0.86115				2
2025.08.15	01:12:45.900	0.86113	0.86119			6
2025.08.15	01:12:57.516	0.86112				2
2025.08.15	01:12:58.751	0.86111	0.86117			6
2025.08.15	01:13:00.446	0.86111				2
2025.08.15	01:13:00.847	0.86112	0.86118			6
2025.08.15	01:13:01.181	0.86113				2
2025.08.15	01:13:03.911		0.86119			4
2025.08.15	01:13:04.823	0.86112				2
2025.08.15	01:13:10.786	0.86113				2
2025.08.15	01:13:15.655	0.86111	0.86118			6
2025.08.15	01:13:37.373	0.86116	0.86121			6
2025.08.15	01:13:37.681		0.86123			4
2025.08.15	01:13:38.680		0.86122			4
2025.08.15	01:13:50.678	0.86115	0.86123			6
2025.08.15	01:13:53.988		0.86122			4
2025.08.15	01:13:57.563		0.86119			4
2025.08.15	01:13:58.183		0.86120			4
2025.08.15	01:13:58.854		0.86119			4
2025.08.15	01:14:00.785	0.86114				2
2025.08.15	01:14:06.403	0.86113				2
2025.08.15	01:14:07.374		0.86118			4
2025.08.15	01:14:13.104		0.86119			4
2025.08.15	01:14:16.398	0.86114	0.86120			6
2025.08.15	01:14:22.786	0.86113				2
2025.08.15	01:14:29.993	0.86114				2
2025.08.15	01:14:42.452	0.86113				2
2025.08.15	01:14:50.215	0.86114				2
2025.08.15	01:14:59.561	0.86113				2
2025.08.15	01:15:00.382	0.86113	0.86118			6
2025.08.15	01:15:01.069	0.86112				2
2025.08.15	01:15:01.496		0.86119			4
2025.08.15	01:15:06.888	0.86113				2
2025.08.15	01:15:14.365	0.86111	0.86116			6
2025.08.15	01:15:16.476	0.86110				2
2025.08.15	01:15:19.402	0.86107	0.86114			6
2025.08.15	01:15:19.733	0.86109	0.86115			6
2025.08.15	01:15:20.692	0.86110				2
2025.08.15	01:15:50.877		0.86116			4
2025.08.15	01:15:53.233	0.86111				2
2025.08.15	01:16:00.143	0.86111				2
2025.08.15	01:16:00.702		0.86117			4
2025.08.15	01:16:03.052	0.86110				2
2025.08.15	01:16:04.931		0.86116			4
2025.08.15	01:16:11.337	0.86111				2
2025.08.15	01:16:13.489	0.86110				2
2025.08.15	01:16:15.642	0.86111				2
2025.08.15	01:16:17.291	0.86110				2
2025.08.15	01:16:27.014	0.86111				2
2025.08.15	01:16:29.089	0.86110				2
2025.08.15	01:16:31.186	0.86111				2
2025.08.15	01:16:32.162	0.86112				2
2025.08.15	01:16:36.954	0.86113	0.86118			6
2025.08.15	01:16:42.888	0.86112				2
2025.08.15	01:16:44.207	0.86113				2
2025.08.15	01:16:45.587	0.86112				2
2025.08.15	01:16:58.517	0.86113	0.86119			6
2025.08.15	01:16:59.539		0.86118			4
2025.08.15	01:17:00.148	0.86113				2
2025.08.15	01:17:01.405		0.86119			4
2025.08.15	01:17:02.001		0.86118			4
2025.08.15	01:17:07.062	0.86112				2
2025.08.15	01:17:13.230	0.86113				2
2025.08.15	01:17:15.759	0.86112				2
2025.08.15	01:17:20.674	0.86113				2
2025.08.15	01:17:25.488	0.86112				2
2025.08.15	01:17:26.280	0.86113	0.86119			6
2025.08.15	01:17:37.711	0.86112				2
2025.08.15	01:17:39.025		0.86118			4
2025.08.15	01:17:45.587	0.86113				2
2025.08.15	01:17:48.728	0.86112				2
2025.08.15	01:18:00.451	0.86112				2
2025.08.15	01:18:05.604	0.86113				2
2025.08.15	01:18:08.765	0.86112				2
2025.08.15	01:18:27.094	0.86111				2
2025.08.15	01:18:31.336		0.86117			4
2025.08.15	01:18:37.723	0.86112				2
2025.08.15	01:18:38.887	0.86111				2
2025.08.15	01:18:59.455	0.86112				2
2025.08.15	01:19:00.730	0.86112				2
2025.08.15	01:19:27.362	0.86111				2
2025.08.15	01:19:33.011		0.86117			4
2025.08.15	01:19:50.386	0.86112				2
2025.08.15	01:19:55.486	0.86111				2
2025.08.15	01:20:00.457	0.86111				2
2025.08.15	01:20:26.451		0.86116			4
2025.08.15	01:20:31.693		0.86117			4
2025.08.15	01:21:00.505	0.86111				2
2025.08.15	01:21:01.189	0.86110	0.86116			6
2025.08.15	01:21:50.683		0.86115			4
2025.08.15	01:21:57.425		0.86116			4
2025.08.15	01:22:00.667	0.86110				2
2025.08.15	01:22:09.947		0.86115			4
2025.08.15	01:22:10.269	0.86109	0.86116			6
2025.08.15	01:22:12.355	0.86110				2
2025.08.15	01:22:15.547	0.86109				2
2025.08.15	01:22:16.817	0.86110				2
2025.08.15	01:22:51.701	0.86109				2
2025.08.15	01:22:53.586	0.86110				2
2025.08.15	01:22:55.415	0.86109				2
2025.08.15	01:22:57.173	0.86110				2
2025.08.15	01:23:00.534	0.86110				2
2025.08.15	01:23:14.987		0.86116			4
2025.08.15	01:23:28.115		0.86115			4
2025.08.15	01:24:02.042	0.86110				2
2025.08.15	01:24:28.623		0.86115			4
2025.08.15	01:24:35.384		0.86116			4
2025.08.15	01:24:45.866	0.86111				2
2025.08.15	01:24:50.979		0.86117			4
2025.08.15	01:25:01.246	0.86111	0.86113			6
2025.08.15	01:25:23.792	0.86112	0.86115			6
2025.08.15	01:25:24.127	0.86111				2
2025.08.15	01:25:25.090	0.86112				2
2025.08.15	01:25:25.472	0.86111				2
2025.08.15	01:25:26.147	0.86112				2
2025.08.15	01:25:26.517	0.86111	0.86114			6
2025.08.15	01:25:26.994	0.86112	0.86115			6
2025.08.15	01:25:27.326	0.86111	0.86114			6
2025.08.15	01:25:27.657	0.86112	0.86115			6
2025.08.15	01:25:28.178	0.86111	0.86114			6
2025.08.15	01:25:28.602		0.86115			4
2025.08.15	01:25:29.178		0.86114			4
2025.08.15	01:25:29.617		0.86113			4
2025.08.15	01:25:30.136		0.86115			4
2025.08.15	01:25:30.437		0.86114			4
2025.08.15	01:25:30.836	0.86112	0.86115			6
2025.08.15	01:25:31.248	0.86111				2
2025.08.15	01:25:31.587		0.86114			4
2025.08.15	01:25:32.094		0.86113			4
2025.08.15	01:25:32.507		0.86115			4
2025.08.15	01:25:32.878		0.86114			4
2025.08.15	01:25:33.633		0.86113			4
2025.08.15	01:25:34.487		0.86115			4
2025.08.15	01:25:35.252	0.86110	0.86114			6
2025.08.15	01:25:35.756	0.86111	0.86115			6
2025.08.15	01:25:36.177		0.86114			4
2025.08.15	01:25:36.688	0.86112	0.86115			6
2025.08.15	01:25:37.087	0.86110	0.86114			6
2025.08.15	01:25:37.585	0.86111	0.86115			6
2025.08.15	01:25:38.002		0.86114			4
2025.08.15	01:25:38.639		0.86113			4
2025.08.15	01:26:00.364	0.86111				2
2025.08.15	01:26:02.482	0.86110	0.86114			6
2025.08.15	01:26:04.317	0.86111	0.86116			6
2025.08.15	01:26:06.357		0.86115			4
2025.08.15	01:26:16.172		0.86116			4
2025.08.15	01:26:32.600	0.86110				2
2025.08.15	01:26:35.446		0.86117			4
2025.08.15	01:26:51.160		0.86116			4
2025.08.15	01:26:58.874		0.86115			4
2025.08.15	01:27:00.499	0.86110				2
2025.08.15	01:27:25.859	0.86111				2
2025.08.15	01:27:35.416		0.86116			4
2025.08.15	01:27:43.962	0.86109	0.86113			6
2025.08.15	01:27:44.281		0.86114			4
2025.08.15	01:27:54.825	0.86110	0.86113			6
2025.08.15	01:28:00.026	0.86110				2
2025.08.15	01:28:03.493	0.86109				2
2025.08.15	01:28:35.791	0.86108	0.86112			6
2025.08.15	01:28:38.063	0.86107				2
2025.08.15	01:29:00.581	0.86107				2
2025.08.15	01:29:04.440		0.86111			4
2025.08.15	01:29:13.005	0.86106				2
2025.08.15	01:29:13.318		0.86110			4
2025.08.15	01:29:53.106	0.86107	0.86111			6
2025.08.15	01:29:55.329		0.86112			4
2025.08.15	01:30:00.388	0.86107				2
2025.08.15	01:30:03.401	0.86109	0.86110			6
2025.08.15	01:30:07.074	0.86107	0.86112			6
2025.08.15	01:30:09.575		0.86111			4
2025.08.15	01:30:35.625	0.86105	0.86109			6
2025.08.15	01:31:00.469	0.86105				2
2025.08.15	01:31:21.972	0.86106				2
2025.08.15	01:31:35.689		0.86109			4
2025.08.15	01:31:36.017	0.86105				2
2025.08.15	01:32:00.624	0.86105				2
2025.08.15	01:32:02.888	0.86104				2
2025.08.15	01:32:36.094	0.86102	0.86106			6
2025.08.15	01:32:36.872	0.86103				2
2025.08.15	01:32:43.467	0.86102				2
2025.08.15	01:32:46.232		0.86105			4
2025.08.15	01:32:51.308	0.86105	0.86109			6
2025.08.15	01:32:51.666	0.86106	0.86110			6
2025.08.15	01:32:54.795		0.86109			4
2025.08.15	01:32:58.228	0.86107	0.86111			6
2025.08.15	01:32:59.186		0.86112			4
2025.08.15	01:33:00.271	0.86107				2
2025.08.15	01:33:46.406	0.86106	0.86111			6
2025.08.15	01:33:49.686	0.86107				2
2025.08.15	01:33:52.935		0.86112			4
2025.08.15	01:33:54.658	0.86108				2
2025.08.15	01:34:00.068	0.86108				2
2025.08.15	01:34:40.156		0.86113			4
2025.08.15	01:34:45.409	0.86109	0.86114			6
2025.08.15	01:34:46.871	0.86110				2
2025.08.15	01:35:00.590	0.86110				2
2025.08.15	01:35:34.865		0.86116			4
2025.08.15	01:35:40.284	0.86108	0.86112			6
2025.08.15	01:35:47.119		0.86113			4
2025.08.15	01:36:00.029	0.86108	0.86112			6
2025.08.15	01:36:00.471	0.86109	0.86115			6
2025.08.15	01:36:10.521		0.86113			4
2025.08.15	01:36:16.339	0.86108	0.86112			6
2025.08.15	01:36:18.009	0.86109				2
2025.08.15	01:36:33.771	0.86108				2
2025.08.15	01:36:36.416	0.86109	0.86115			6
2025.08.15	01:37:00.464	0.86109				2
2025.08.15	01:37:14.727		0.86116			4
2025.08.15	01:37:15.963		0.86114			4
2025.08.15	01:38:06.362	0.86109				2
2025.08.15	01:38:09.710		0.86113			4
2025.08.15	01:38:14.047		0.86114			4
2025.08.15	01:38:15.025	0.86108	0.86113			6
2025.08.15	01:38:17.018		0.86111			4
2025.08.15	01:38:17.721	0.86107				2
2025.08.15	01:38:27.167	0.86108				2
2025.08.15	01:38:27.483	0.86107				2
2025.08.15	01:38:30.783		0.86110			4
2025.08.15	01:38:37.108	0.86108				2
2025.08.15	01:38:39.008	0.86107				2
2025.08.15	01:38:43.857		0.86111			4
2025.08.15	01:38:47.087	0.86108				2
2025.08.15	01:38:55.786	0.86107				2
2025.08.15	01:38:58.077		0.86112			4
2025.08.15	01:38:58.514	0.86111	0.86115			6
2025.08.15	01:39:00.693	0.86111				2
2025.08.15	01:39:11.712		0.86114			4
2025.08.15	01:39:13.855	0.86110				2
2025.08.15	01:39:14.160	0.86109				2
2025.08.15	01:39:30.843	0.86110	0.86115			6
2025.08.15	01:39:44.862	0.86111				2
2025.08.15	01:40:00.536	0.86111				2
2025.08.15	01:40:13.983	0.86110				2
2025.08.15	01:40:31.696		0.86115			4
2025.08.15	01:41:00.454	0.86110				2
2025.08.15	01:41:10.387	0.86108	0.86112			6
2025.08.15	01:41:16.331	0.86109	0.86113			6
2025.08.15	01:41:21.889	0.86110				2
2025.08.15	01:41:28.256		0.86114			4
2025.08.15	01:42:00.693	0.86110				2
2025.08.15	01:42:08.627	0.86109				2
2025.08.15	01:42:28.274		0.86114			4
2025.08.15	01:42:41.656	0.86110				2
2025.08.15	01:42:52.018		0.86115			4
2025.08.15	01:43:05.392	0.86110				2
2025.08.15	01:43:31.543	0.86109	0.86114			6
2025.08.15	01:43:33.424		0.86113			4
2025.08.15	01:43:57.585		0.86112			4
2025.08.15	01:44:00.332	0.86109				2
2025.08.15	01:44:30.470		0.86113			4
2025.08.15	01:44:30.781		0.86112			4
2025.08.15	01:44:56.987	0.86110	0.86114			6
2025.08.15	01:45:00.606	0.86113	0.86115			6
2025.08.15	01:45:01.722	0.86114	0.86116			6
2025.08.15	01:45:03.968	0.86113				2
2025.08.15	01:45:07.590	0.86111				2
2025.08.15	01:46:00.768	0.86111				2
2025.08.15	01:46:04.353		0.86116			4
2025.08.15	01:46:53.888	0.86112				2
2025.08.15	01:46:55.072	0.86111				2
2025.08.15	01:46:55.603	0.86112				2
2025.08.15	01:47:00.147	0.86112				2
2025.08.15	01:47:00.662	0.86111	0.86115			6
2025.08.15	01:47:20.514	0.86112	0.86117			6
2025.08.15	01:47:21.462	0.86111				2
2025.08.15	01:47:23.622		0.86115			4
2025.08.15	01:48:00.662	0.86111				2
2025.08.15	01:48:17.814		0.86116			4
2025.08.15	01:48:25.391	0.86112				2
2025.08.15	01:49:00.203	0.86112	0.86118			6
2025.08.15	01:49:00.519		0.86116			4
2025.08.15	01:49:11.587	0.86113				2
2025.08.15	01:49:12.752	0.86112	0.86115			6
2025.08.15	01:49:13.461		0.86116			4
2025.08.15	01:49:18.624	0.86111				2
2025.08.15	01:49:29.513		0.86115			4
2025.08.15	01:49:34.774	0.86109	0.86113			6
2025.08.15	01:49:35.773	0.86108				2
2025.08.15	01:49:36.424	0.86109				2
2025.08.15	01:49:46.349	0.86108				2
2025.08.15	01:49:47.026	0.86109				2
2025.08.15	01:49:50.538	0.86108	0.86112			6
2025.08.15	01:50:00.670	0.86108				2
2025.08.15	01:50:50.978		0.86112			4
2025.08.15	01:50:53.478	0.86106	0.86109			6
2025.08.15	01:51:00.430	0.86105				2
2025.08.15	01:51:11.967	0.86106				2
2025.08.15	01:51:12.517	0.86105				2
2025.08.15	01:51:15.017	0.86108	0.86111			6
2025.08.15	01:51:15.504		0.86110			4
2025.08.15	01:51:16.046	0.86106				2
2025.08.15	01:51:55.384		0.86109			4
2025.08.15	01:52:00.557	0.86106				2
2025.08.15	01:52:07.587	0.86107	0.86110			6
2025.08.15	01:52:10.926	0.86106				2
2025.08.15	01:52:35.371	0.86107	0.86111			6
2025.08.15	01:53:00.609	0.86107				2
2025.08.15	01:53:27.791		0.86110			4
2025.08.15	01:54:00.611	0.86107				2
2025.08.15	01:54:03.248	0.86108	0.86111			6
2025.08.15	01:54:05.822	0.86109	0.86113			6
2025.08.15	01:54:17.372	0.86108	0.86112			6
2025.08.15	01:54:30.270	0.86109				2
2025.08.15	01:54:42.998	0.86110	0.86114			6
2025.08.15	01:55:00.048	0.86110				2
2025.08.15	01:55:27.255	0.86112	0.86115			6
2025.08.15	01:55:27.791	0.86111				2
2025.08.15	01:55:41.394		0.86116			4
2025.08.15	01:55:42.969	0.86110	0.86115			6
2025.08.15	01:55:48.410	0.86111				2
2025.08.15	01:55:53.622		0.86116			4
2025.08.15	01:55:57.062		0.86115			4
2025.08.15	01:56:00.425	0.86111				2
2025.08.15	01:56:14.987		0.86116			4
2025.08.15	01:56:21.935		0.86115			4
2025.08.15	01:56:35.256	0.86112	0.86116			6
2025.08.15	01:56:37.586	0.86111				2
2025.08.15	01:56:43.199		0.86115			4
2025.08.15	01:56:50.401		0.86116			4
2025.08.15	01:57:05.822	0.86111				2
2025.08.15	01:57:43.399	0.86113				2
2025.08.15	01:57:44.156	0.86114				2
2025.08.15	01:57:50.416		0.86116			4
2025.08.15	01:58:01.433	0.86114	0.86117			6
2025.08.15	01:58:38.419		0.86116			4
2025.08.15	01:59:00.107	0.86114				2
2025.08.15	01:59:00.789	0.86111	0.86115			6
2025.08.15	01:59:03.001		0.86114			4
2025.08.15	01:59:08.315	0.86112	0.86115			6
2025.08.15	01:59:18.274		0.86116			4
2025.08.15	01:59:27.322	0.86113				2
2025.08.15	01:59:30.282	0.86112				2
2025.08.15	01:59:49.200		0.86115			4
2025.08.15	01:59:59.801		0.86114			4
2025.08.15	02:00:00.341	0.86112	0.86115			6
2025.08.15	02:00:00.659	0.86113	0.86117			6
2025.08.15	02:00:06.368		0.86116			4
2025.08.15	02:00:11.570	0.86114	0.86118			6
2025.08.15	02:00:31.458	0.86115				2
2025.08.15	02:00:34.117	0.86112	0.86115			6
2025.08.15	02:00:34.421	0.86111				2
2025.08.15	02:01:00.545	0.86111				2
2025.08.15	02:01:07.219		0.86114			4
2025.08.15	02:01:14.739		0.86113			4
2025.08.15	02:01:24.929		0.86114			4
2025.08.15	02:01:28.044		0.86113			4
2025.08.15	02:01:35.911		0.86115			4
2025.08.15	02:01:38.644	0.86113	0.86116			6
2025.08.15	02:01:38.947	0.86114	0.86117			6
2025.08.15	02:02:00.572	0.86114				2
2025.08.15	02:02:04.202		0.86116			4
2025.08.15	02:02:04.546		0.86115			4
2025.08.15	02:02:06.021		0.86116			4
2025.08.15	02:02:06.410		0.86117			4
2025.08.15	02:02:11.862		0.86116			4
2025.08.15	02:02:27.448	0.86112	0.86115			6
2025.08.15	02:02:29.193	0.86113				2
2025.08.15	02:02:33.164	0.86112				2
2025.08.15	02:02:37.734		0.86114			4
2025.08.15	02:02:40.428		0.86115			4
2025.08.15	02:02:41.086		0.86114			4
2025.08.15	02:02:52.917		0.86115			4
2025.08.15	02:03:00.878	0.86112				2
2025.08.15	02:03:03.629	0.86114	0.86116			6
2025.08.15	02:03:05.888	0.86113				2
2025.08.15	02:03:06.835	0.86114	0.86117			6
2025.08.15	02:03:28.080	0.86113	0.86116			6
2025.08.15	02:03:55.421	0.86114				2
2025.08.15	02:03:56.683		0.86117			4
2025.08.15	02:04:00.424	0.86114				2
2025.08.15	02:04:29.067	0.86117	0.86120			6
2025.08.15	02:05:00.571	0.86117				2
2025.08.15	02:05:01.367	0.86118	0.86121			6
2025.08.15	02:05:15.393	0.86119				2
2025.08.15	02:05:15.988	0.86118				2
2025.08.15	02:05:29.124		0.86120			4
2025.08.15	02:05:44.453	0.86117				2
2025.08.15	02:05:46.449		0.86119			4
2025.08.15	02:06:00.391	0.86117				2
2025.08.15	02:06:06.892		0.86118			4
2025.08.15	02:06:07.198	0.86116				2
2025.08.15	02:06:12.952	0.86117	0.86119			6
2025.08.15	02:06:23.055	0.86118	0.86120			6
2025.08.15	02:06:32.868	0.86117				2
2025.08.15	02:06:39.109	0.86118				2
2025.08.15	02:06:58.542	0.86117				2
2025.08.15	02:07:00.358	0.86117				2
2025.08.15	02:07:02.119		0.86119			4
2025.08.15	02:07:05.987		0.86120			4
2025.08.15	02:07:09.800		0.86119			4
2025.08.15	02:07:16.874		0.86120			4
2025.08.15	02:07:20.165		0.86119			4
2025.08.15	02:07:31.698		0.86120			4
2025.08.15	02:07:44.817		0.86118			4
2025.08.15	02:07:54.627		0.86120			4
2025.08.15	02:07:55.821		0.86119			4
2025.08.15	02:08:00.717	0.86117				2
2025.08.15	02:08:18.027	0.86115	0.86118			6
2025.08.15	02:08:51.864	0.86114	0.86116			6
2025.08.15	02:08:52.713	0.86113				2
2025.08.15	02:08:58.716		0.86115			4
2025.08.15	02:09:00.189	0.86113				2
2025.08.15	02:09:25.347	0.86112	0.86114			6
2025.08.15	02:09:53.360		0.86113			4
2025.08.15	02:09:53.683		0.86114			4
2025.08.15	02:09:54.923		0.86113			4
2025.08.15	02:10:00.740	0.86112				2
2025.08.15	02:10:26.812		0.86114			4
2025.08.15	02:10:30.694	0.86111				2
2025.08.15	02:10:40.869		0.86113			4
2025.08.15	02:10:41.269		0.86114			4
2025.08.15	02:10:49.716		0.86113			4
2025.08.15	02:10:50.248	0.86109	0.86111			6
2025.08.15	02:10:51.734	0.86108	0.86109			6
2025.08.15	02:10:58.692		0.86111			4
2025.08.15	02:10:59.172	0.86107	0.86110			6
2025.08.15	02:10:59.992		0.86109			4
2025.08.15	02:11:00.358	0.86107				2
2025.08.15	02:11:01.219	0.86106				2
2025.08.15	02:11:11.316		0.86107			4
2025.08.15	02:11:22.789		0.86108			4
2025.08.15	02:11:38.459		0.86107			4
2025.08.15	02:11:43.334		0.86108			4
2025.08.15	02:12:00.426	0.86106				2
2025.08.15	02:12:01.631		0.86107			4
2025.08.15	02:12:02.002		0.86108			4
2025.08.15	02:12:19.978	0.86107				2
2025.08.15	02:12:34.662	0.86104	0.86107			6
2025.08.15	02:12:35.236	0.86105				2
2025.08.15	02:12:40.941	0.86103	0.86105			6
2025.08.15	02:12:46.281		0.86106			4
2025.08.15	02:13:03.838	0.86102	0.86104			6
2025.08.15	02:13:14.400	0.86101				2
2025.08.15	02:13:14.720	0.86102				2
2025.08.15	02:13:15.055		0.86105			4
2025.08.15	02:13:20.785	0.86103	0.86106			6
2025.08.15	02:13:21.461		0.86105			4
2025.08.15	02:13:30.949	0.86102	0.86104			6
2025.08.15	02:13:40.106		0.86105			4
2025.08.15	02:13:45.313		0.86104			4
2025.08.15	02:13:56.552		0.86103			4
2025.08.15	02:14:02.615	0.86102				2
2025.08.15	02:14:47.007		0.86104			4
2025.08.15	02:14:57.293		0.86103			4
2025.08.15	02:15:00.309	0.86102				2
2025.08.15	02:15:01.381	0.86104	0.86105			6
2025.08.15	02:15:02.030	0.86103				2
2025.08.15	02:15:03.866		0.86104			4
2025.08.15	02:15:04.349		0.86105			4
2025.08.15	02:15:18.872		0.86104			4
2025.08.15	02:15:26.887		0.86105			4
2025.08.15	02:15:33.042		0.86104			4
2025.08.15	02:15:33.782	0.86102	0.86103			6
2025.08.15	02:15:54.724	0.86104	0.86105			6
2025.08.15	02:15:57.591	0.86105	0.86106			6
2025.08.15	02:16:00.744	0.86105				2
2025.08.15	02:16:07.245	0.86104	0.86105			6
2025.08.15	02:16:17.636	0.86105	0.86106			6
2025.08.15	02:16:19.959	0.86104	0.86105			6
2025.08.15	02:16:20.512	0.86103				2
2025.08.15	02:16:41.281	0.86105	0.86106			6
2025.08.15	02:16:41.946	0.86106	0.86107			6
2025.08.15	02:16:49.429		0.86108			4
2025.08.15	02:16:53.137	0.86107				2
2025.08.15	02:16:53.537	0.86106				2
2025.08.15	02:17:00.378	0.86106				2
2025.08.15	02:17:15.407	0.86105	0.86107			6
2025.08.15	02:18:01.155	0.86104				2
2025.08.15	02:18:02.742	0.86103	0.86106			6
2025.08.15	02:18:22.585	0.86105	0.86107			6
2025.08.15	02:19:05.395	0.86105				2
2025.08.15	02:19:18.408		0.86106			4
2025.08.15	02:19:18.749		0.86107			4
2025.08.15	02:20:00.277	0.86105				2
2025.08.15	02:20:20.575		0.86107			4
2025.08.15	02:20:29.255	0.86106	0.86109			6
2025.08.15	02:20:37.575	0.86108	0.86110			6
2025.08.15	02:21:00.447	0.86108				2
2025.08.15	02:21:10.778	0.86107				2
2025.08.15	02:21:23.457		0.86108			4
2025.08.15	02:21:40.415		0.86109			4
2025.08.15	02:21:57.423	0.86110	0.86112			6
2025.08.15	02:21:57.815		0.86113			4
2025.08.15	02:22:00.786	0.86110				2
2025.08.15	02:22:17.163	0.86109	0.86112			6
2025.08.15	02:22:17.698		0.86111			4
2025.08.15	02:22:21.973	0.86110	0.86112			6
2025.08.15	02:22:22.552		0.86113			4
2025.08.15	02:22:22.856	0.86109	0.86112			6
2025.08.15	02:22:23.411		0.86111			4
2025.08.15	02:23:00.117	0.86109				2
2025.08.15	02:23:24.701		0.86111			4
2025.08.15	02:23:39.596	0.86108				2
2025.08.15	02:23:42.910		0.86110			4
2025.08.15	02:24:01.696	0.86108				2
2025.08.15	02:24:42.979		0.86110			4
2025.08.15	02:24:53.372	0.86109	0.86111			6
2025.08.15	02:24:57.455	0.86108				2
2025.08.15	02:24:58.001		0.86110			4
2025.08.15	02:25:00.172	0.86108				2
2025.08.15	02:25:58.632		0.86110			4
2025.08.15	02:26:00.617	0.86108				2
2025.08.15	02:26:19.407	0.86107				2
2025.08.15	02:26:19.720	0.86108				2
2025.08.15	02:26:59.085	0.86109	0.86111			6
2025.08.15	02:27:00.433	0.86109				2
2025.08.15	02:27:03.828	0.86108	0.86110			6
2025.08.15	02:28:00.137	0.86108				2
2025.08.15	02:28:04.380		0.86110			4
2025.08.15	02:28:34.963	0.86105	0.86109			6
2025.08.15	02:28:58.115	0.86107				2
2025.08.15	02:29:00.684	0.86107				2
2025.08.15	02:29:03.471	0.86105	0.86108			6
2025.08.15	02:29:13.434	0.86106				2
2025.08.15	02:29:18.013	0.86105				2
2025.08.15	02:29:20.671	0.86106				2
2025.08.15	02:29:21.180	0.86105				2
2025.08.15	02:29:21.562	0.86106				2
2025.08.15	02:29:22.071	0.86105				2
2025.08.15	02:29:22.466		0.86106			4
2025.08.15	02:29:34.292		0.86107			4
2025.08.15	02:29:39.407		0.86106			4
2025.08.15	02:29:44.635		0.86107			4
2025.08.15	02:30:00.514	0.86105				2
2025.08.15	02:30:06.064	0.86106	0.86108			6
2025.08.15	02:30:09.497	0.86107				2
2025.08.15	02:30:12.778	0.86106				2
2025.08.15	02:30:14.045	0.86107				2
2025.08.15	02:30:17.877	0.86106				2
2025.08.15	02:30:24.686	0.86107				2
2025.08.15	02:30:25.400	0.86108	0.86109			6
2025.08.15	02:30:40.845	0.86106				2
2025.08.15	02:30:42.266		0.86108			4
2025.08.15	02:30:58.637		0.86107			4
2025.08.15	02:30:59.967	0.86105	0.86106			6
2025.08.15	02:31:00.514	0.86105				2
2025.08.15	02:31:00.819	0.86106	0.86107			6
2025.08.15	02:31:01.123	0.86107	0.86108			6
2025.08.15	02:31:03.480	0.86106				2
2025.08.15	02:31:06.406	0.86105				2
2025.08.15	02:31:16.369		0.86107			4
2025.08.15	02:31:25.794	0.86109	0.86110			6
2025.08.15	02:31:30.962		0.86111			4
2025.08.15	02:31:39.712	0.86111	0.86112			6
2025.08.15	02:31:59.237	0.86112	0.86114			6
2025.08.15	02:31:59.914	0.86111	0.86113			6
2025.08.15	02:32:00.357	0.86112	0.86114			6
2025.08.15	02:32:03.136	0.86113				2
2025.08.15	02:32:10.441	0.86109	0.86111			6
2025.08.15	02:32:12.347	0.86108	0.86110			6
2025.08.15	02:32:22.729		0.86109			4
2025.08.15	02:32:58.934	0.86109	0.86110			6
2025.08.15	02:33:00.400	0.86109				2
2025.08.15	02:33:01.560	0.86108	0.86109			6
2025.08.15	02:33:17.960	0.86109	0.86111			6
2025.08.15	02:33:18.350	0.86110				2
2025.08.15	02:33:53.083	0.86111	0.86112			6
2025.08.15	02:33:55.433	0.86110	0.86111			6
2025.08.15	02:33:56.429	0.86112	0.86113			6
2025.08.15	02:34:01.414	0.86112				2
2025.08.15	02:34:13.879	0.86111	0.86112			6
2025.08.15	02:34:23.630	0.86109	0.86111			6
2025.08.15	02:34:24.346	0.86108	0.86110			6
2025.08.15	02:34:34.353	0.86109				2
2025.08.15	02:34:59.109	0.86108	0.86109			6
2025.08.15	02:35:00.130	0.86109	0.86110			6
2025.08.15	02:35:08.951	0.86110	0.86112			6
2025.08.15	02:35:21.386	0.86109	0.86110			6
2025.08.15	02:35:36.346	0.86108				2
2025.08.15	02:35:41.703	0.86109				2
2025.08.15	02:35:43.644	0.86108				2
2025.08.15	02:36:00.749	0.86109				2
2025.08.15	02:36:02.354	0.86108				2
2025.08.15	02:36:02.688	0.86109				2
2025.08.15	02:36:04.996	0.86110	0.86111			6
2025.08.15	02:36:13.789	0.86109	0.86110			6
2025.08.15	02:36:16.780		0.86111			4
2025.08.15	02:36:18.930	0.86110				2
2025.08.15	02:36:39.609	0.86111	0.86113			6
2025.08.15	02:37:00.980	0.86111				2
2025.08.15	02:37:02.618	0.86112	0.86114			6
2025.08.15	02:37:10.924	0.86111				2
2025.08.15	02:37:28.376	0.86112				2
2025.08.15	02:37:29.394	0.86111				2
2025.08.15	02:37:32.988	0.86112				2
2025.08.15	02:37:37.322	0.86113				2
2025.08.15	02:37:38.346	0.86116	0.86117			6
2025.08.15	02:37:39.576	0.86115	0.86116			6
2025.08.15	02:37:39.892	0.86116	0.86117			6
2025.08.15	02:37:56.064	0.86114	0.86115			6
2025.08.15	02:37:56.409	0.86113				2
2025.08.15	02:38:00.360	0.86113				2
2025.08.15	02:38:23.800		0.86114			4
2025.08.15	02:38:30.269	0.86112	0.86113			6
2025.08.15	02:38:44.738	0.86111	0.86112			6
2025.08.15	02:38:45.046	0.86110				2
2025.08.15	02:38:46.408		0.86111			4
2025.08.15	02:38:52.537	0.86111	0.86112			6
2025.08.15	02:39:01.364	0.86111				2
2025.08.15	02:39:03.365	0.86112	0.86113			6
2025.08.15	02:39:32.915	0.86111				2
2025.08.15	02:39:43.497	0.86112				2
2025.08.15	02:39:46.225	0.86111				2
2025.08.15	02:39:49.563	0.86112				2
2025.08.15	02:39:53.383	0.86111				2
2025.08.15	02:40:00.376	0.86113	0.86114			6
2025.08.15	02:40:00.718	0.86112	0.86113			6
2025.08.15	02:40:19.010	0.86113	0.86114			6
2025.08.15	02:40:45.097	0.86112	0.86113			6
2025.08.15	02:40:48.175	0.86111				2
2025.08.15	02:40:59.193	0.86112				2
2025.08.15	02:41:01.033	0.86112				2
2025.08.15	02:41:28.500	0.86111				2
2025.08.15	02:41:34.859	0.86112				2
2025.08.15	02:41:38.268	0.86111	0.86112			6
2025.08.15	02:42:01.125	0.86111				2
2025.08.15	02:42:13.994	0.86110				2
2025.08.15	02:42:18.449	0.86109	0.86111			6
2025.08.15	02:42:25.446	0.86111	0.86112			6
2025.08.15	02:43:00.525	0.86111				2
2025.08.15	02:43:02.393	0.86112	0.86113			6
2025.08.15	02:43:19.843		0.86114			4
2025.08.15	02:43:20.168		0.86113			4
2025.08.15	02:43:20.486	0.86111	0.86112			6
2025.08.15	02:43:23.570		0.86113			4
2025.08.15	02:43:39.306	0.86114	0.86116			6
2025.08.15	02:43:50.978		0.86115			4
2025.08.15	02:43:51.665	0.86113				2
2025.08.15	02:43:56.987	0.86112				2
2025.08.15	02:43:57.585		0.86114			4
2025.08.15	02:44:00.384	0.86112				2
2025.08.15	02:44:10.458	0.86113				2
2025.08.15	02:44:18.717	0.86114	0.86115			6
2025.08.15	02:44:28.824	0.86113	0.86114			6
2025.08.15	02:44:50.044		0.86115			4
2025.08.15	02:45:00.442	0.86113				2
2025.08.15	02:45:04.471	0.86112				2
2025.08.15	02:45:05.585		0.86114			4
2025.08.15	02:45:14.630	0.86113				2
2025.08.15	02:45:19.818	0.86112				2
2025.08.15	02:45:22.698	0.86114	0.86115			6
2025.08.15	02:45:28.740	0.86112	0.86114			6
2025.08.15	02:46:00.383	0.86113				2
2025.08.15	02:46:00.957	0.86112				2
2025.08.15	02:46:01.463	0.86113				2
2025.08.15	02:46:17.173	0.86114	0.86115			6
2025.08.15	02:46:17.483	0.86113	0.86114			6
2025.08.15	02:46:30.188	0.86112				2
2025.08.15	02:46:37.107		0.86113			4
2025.08.15	02:46:39.420	0.86111	0.86112			6
2025.08.15	02:46:41.404	0.86112	0.86114			6
2025.08.15	02:46:41.722	0.86111	0.86113			6
2025.08.15	02:46:46.835	0.86112	0.86114			6
2025.08.15	02:46:49.204		0.86113			4
2025.08.15	02:46:59.822	0.86111				2
2025.08.15	02:47:00.307	0.86114	0.86115			6
2025.08.15	02:47:02.367	0.86112				2
2025.08.15	02:47:02.698	0.86114	0.86117			6
2025.08.15	02:47:04.243	0.86113	0.86116			6
2025.08.15	02:47:04.585	0.86112				2
2025.08.15	02:47:23.783	0.86113				2
2025.08.15	02:47:35.466	0.86111	0.86114			6
2025.08.15	02:47:36.235	0.86110				2
2025.08.15	02:47:36.538	0.86111				2
2025.08.15	02:47:37.329	0.86112	0.86116			6
2025.08.15	02:47:39.286		0.86114			4
2025.08.15	02:47:41.815		0.86115			4
2025.08.15	02:47:53.700	0.86113				2
2025.08.15	02:48:00.005	0.86113				2
2025.08.15	02:48:00.765	0.86114				2
2025.08.15	02:48:18.743	0.86115	0.86117			6
2025.08.15	02:48:20.155	0.86114	0.86116			6
2025.08.15	02:48:30.980		0.86115			4
2025.08.15	02:48:32.354	0.86113				2
2025.08.15	02:48:39.120	0.86115	0.86116			6
2025.08.15	02:48:42.916	0.86114	0.86115			6
2025.08.15	02:49:00.713	0.86115	0.86116			6
2025.08.15	02:49:46.448	0.86116	0.86117			6
2025.08.15	02:49:46.752	0.86115	0.86116			6
2025.08.15	02:49:47.093	0.86117	0.86118			6
2025.08.15	02:49:50.987	0.86116				2
2025.08.15	02:49:51.881	0.86117				2
2025.08.15	02:50:00.372	0.86116	0.86117			6
2025.08.15	02:50:03.256	0.86115				2
2025.08.15	02:50:18.025	0.86114				2
2025.08.15	02:50:18.344	0.86117	0.86119			6
2025.08.15	02:50:20.389	0.86118	0.86120			6
2025.08.15	02:50:21.666	0.86117	0.86119			6
2025.08.15	02:50:23.971		0.86120			4
2025.08.15	02:50:27.283		0.86119			4
2025.08.15	02:50:30.827	0.86116	0.86117			6
2025.08.15	02:50:32.826	0.86115				2
2025.08.15	02:50:33.178	0.86117	0.86118			6
2025.08.15	02:50:33.686	0.86116	0.86117			6
2025.08.15	02:50:34.717	0.86115				2
2025.08.15	02:50:44.179	0.86116				2
2025.08.15	02:50:45.381	0.86115				2
2025.08.15	02:50:48.278	0.86114	0.86116			6
2025.08.15	02:50:49.369		0.86115			4
2025.08.15	02:50:55.167		0.86116			4
2025.08.15	02:50:55.480	0.86115				2
2025.08.15	02:51:00.929	0.86115				2
2025.08.15	02:51:08.245	0.86114				2
2025.08.15	02:51:09.139	0.86115				2
2025.08.15	02:51:16.163		0.86117			4
2025.08.15	02:51:19.064	0.86116				2
2025.08.15	02:51:21.833	0.86114	0.86116			6
2025.08.15	02:51:22.140	0.86112	0.86115			6
2025.08.15	02:51:37.675		0.86114			4
2025.08.15	02:51:39.305	0.86111	0.86113			6
2025.08.15	02:52:00.132	0.86111				2
2025.08.15	02:52:01.573	0.86113	0.86115			6
2025.08.15	02:52:15.489	0.86114				2
2025.08.15	02:52:16.037	0.86113				2
2025.08.15	02:52:28.108	0.86112				2
2025.08.15	02:53:00.378	0.86112				2
2025.08.15	02:53:01.704		0.86115			4
2025.08.15	02:53:02.130		0.86114			4
2025.08.15	02:53:02.977	0.86113				2
2025.08.15	02:53:03.319	0.86112				2
2025.08.15	02:53:08.575	0.86110	0.86113			6
2025.08.15	02:53:10.857	0.86111				2
2025.08.15	02:53:30.645	0.86112				2
2025.08.15	02:53:35.186	0.86110	0.86112			6
2025.08.15	02:53:39.204	0.86112	0.86113			6
2025.08.15	02:53:49.362		0.86114			4
2025.08.15	02:53:52.326	0.86111				2
2025.08.15	02:53:58.567	0.86110	0.86112			6
2025.08.15	02:53:58.886		0.86111			4
2025.08.15	02:53:59.523		0.86112			4
2025.08.15	02:54:00.423	0.86110				2
2025.08.15	02:54:16.567	0.86111				2
2025.08.15	02:54:23.094		0.86113			4
2025.08.15	02:54:43.902	0.86110	0.86112			6
2025.08.15	02:54:47.944	0.86109	0.86110			6
2025.08.15	02:54:58.346		0.86111			4
2025.08.15	02:55:00.513	0.86110				2
2025.08.15	02:55:00.833	0.86109	0.86112			6
2025.08.15	02:55:11.905	0.86110				2
2025.08.15	02:55:21.706		0.86113			4
2025.08.15	02:55:22.031		0.86112			4
2025.08.15	02:56:01.843	0.86110				2
2025.08.15	02:56:17.284		0.86111			4
2025.08.15	02:56:23.565	0.86109				2
2025.08.15	02:56:34.678	0.86110				2
2025.08.15	02:56:50.750	0.86109				2
2025.08.15	02:56:51.334	0.86110	0.86112			6
2025.08.15	02:57:01.392	0.86111	0.86113			6
2025.08.15	02:57:19.739		0.86112			4
2025.08.15	02:57:21.547	0.86110				2
2025.08.15	02:57:24.474	0.86111	0.86113			6
2025.08.15	02:57:24.789	0.86113	0.86115			6
2025.08.15	02:57:31.023	0.86112	0.86113			6
2025.08.15	02:57:50.731		0.86114			4
2025.08.15	02:57:51.998		0.86113			4
2025.08.15	02:57:59.048		0.86114			4
2025.08.15	02:58:00.625	0.86108	0.86109			6
2025.08.15	02:58:02.711	0.86109	0.86110			6
2025.08.15	02:58:03.017	0.86108	0.86109			6
2025.08.15	02:58:19.240	0.86110	0.86111			6
2025.08.15	02:58:34.313		0.86112			4
2025.08.15	02:58:42.633	0.86111	0.86114			6
2025.08.15	02:58:44.961	0.86110	0.86113			6
2025.08.15	02:58:45.270	0.86112	0.86114			6
2025.08.15	02:58:49.417	0.86111	0.86113			6
2025.08.15	02:58:51.536		0.86112			4
2025.08.15	02:58:54.571	0.86110	0.86111			6
2025.08.15	02:58:58.903	0.86109	0.86110			6
2025.08.15	02:59:00.183	0.86109				2
2025.08.15	02:59:01.543	0.86108				2
2025.08.15	02:59:02.753	0.86109	0.86111			6
2025.08.15	02:59:08.760	0.86108	0.86110			6
2025.08.15	02:59:14.335	0.86109				2
2025.08.15	02:59:16.012		0.86111			4
2025.08.15	02:59:16.324		0.86110			4
2025.08.15	02:59:25.508		0.86111			4
2025.08.15	02:59:45.019	0.86110				2
2025.08.15	03:00:00.120	0.86111	0.86112			6
2025.08.15	03:00:00.747	0.86110	0.86111			6
2025.08.15	03:00:04.099	0.86109	0.86110			6
2025.08.15	03:00:06.377	0.86108				2
2025.08.15	03:00:07.018	0.86110	0.86112			6
2025.08.15	03:00:15.605	0.86111				2
2025.08.15	03:00:32.860	0.86109	0.86110			6
2025.08.15	03:00:33.163	0.86110	0.86111			6
2025.08.15	03:00:38.898	0.86109				2
2025.08.15	03:00:39.202	0.86112	0.86113			6
2025.08.15	03:00:40.503		0.86114			4
2025.08.15	03:00:40.815		0.86113			4
2025.08.15	03:00:41.121	0.86111	0.86112			6
2025.08.15	03:00:44.148	0.86110	0.86111			6
2025.08.15	03:00:46.155	0.86111	0.86112			6
2025.08.15	03:00:46.967	0.86109	0.86110			6
2025.08.15	03:00:48.023	0.86108	0.86109			6
2025.08.15	03:00:52.320	0.86106	0.86107			6
2025.08.15	03:00:52.638	0.86107	0.86108			6
2025.08.15	03:00:53.021	0.86106	0.86107			6
2025.08.15	03:00:55.412	0.86105	0.86106			6
2025.08.15	03:00:57.464	0.86104	0.86105			6
2025.08.15	03:00:58.969	0.86105	0.86106			6
2025.08.15	03:01:00.350	0.86105				2
2025.08.15	03:01:00.659	0.86104	0.86105			6
2025.08.15	03:01:07.482	0.86103	0.86104			6
2025.08.15	03:01:10.275	0.86104	0.86105			6
2025.08.15	03:01:20.349		0.86106			4
2025.08.15	03:01:20.659	0.86105				2
2025.08.15	03:01:23.990	0.86104				2
2025.08.15	03:01:24.356		0.86105			4
2025.08.15	03:01:24.975		0.86106			4
2025.08.15	03:01:25.580	0.86105	0.86107			6
2025.08.15	03:01:26.937		0.86106			4
2025.08.15	03:01:27.252	0.86104				2
2025.08.15	03:01:30.788		0.86105			4
2025.08.15	03:01:34.256	0.86103	0.86104			6
2025.08.15	03:01:36.071	0.86099	0.86101			6
2025.08.15	03:01:36.836	0.86098	0.86100			6
2025.08.15	03:01:37.483	0.86100	0.86101			6
2025.08.15	03:01:44.920	0.86101	0.86102			6
2025.08.15	03:01:50.566	0.86100				2
2025.08.15	03:01:50.873	0.86101				2
2025.08.15	03:01:59.131		0.86103			4
2025.08.15	03:01:59.522	0.86099	0.86100			6
2025.08.15	03:02:00.134	0.86099				2
2025.08.15	03:02:01.484		0.86101			4
2025.08.15	03:02:03.124	0.86098	0.86100			6
2025.08.15	03:02:05.815	0.86099				2
2025.08.15	03:02:06.508	0.86100	0.86101			6
2025.08.15	03:02:11.038	0.86099				2
2025.08.15	03:02:18.153		0.86100			4
2025.08.15	03:02:18.608	0.86100	0.86101			6
2025.08.15	03:02:18.919	0.86099	0.86100			6
2025.08.15	03:02:19.234	0.86100	0.86102			6
2025.08.15	03:02:19.848	0.86102	0.86104			6
2025.08.15	03:02:20.881	0.86101	0.86103			6
2025.08.15	03:02:21.737	0.86102				2
2025.08.15	03:02:25.932	0.86105	0.86106			6
2025.08.15	03:02:30.752	0.86104	0.86105			6
2025.08.15	03:02:37.399	0.86103	0.86104			6
2025.08.15	03:02:43.366	0.86104	0.86105			6
2025.08.15	03:02:45.625	0.86105	0.86106			6
2025.08.15	03:02:54.386	0.86103	0.86105			6
2025.08.15	03:02:56.376	0.86104				2
2025.08.15	03:03:00.348	0.86103	0.86104			6
2025.08.15	03:03:00.659	0.86104	0.86105			6
2025.08.15	03:03:01.169	0.86103	0.86104			6
2025.08.15	03:03:01.715	0.86102	0.86103			6
2025.08.15	03:03:02.632		0.86104			4
2025.08.15	03:03:03.473		0.86103			4
2025.08.15	03:03:06.762	0.86101				2
2025.08.15	03:03:07.071	0.86102				2
2025.08.15	03:03:08.881	0.86101				2
2025.08.15	03:03:09.429	0.86102				2
2025.08.15	03:03:15.176	0.86103	0.86104			6
2025.08.15	03:03:16.840	0.86099	0.86101			6
2025.08.15	03:03:17.175		0.86100			4
2025.08.15	03:03:21.545		0.86101			4
2025.08.15	03:03:28.029	0.86101	0.86102			6
2025.08.15	03:03:35.355	0.86100	0.86101			6
2025.08.15	03:03:40.348	0.86101	0.86102			6
2025.08.15	03:03:40.675	0.86100				2
2025.08.15	03:03:45.967	0.86099				2
2025.08.15	03:03:48.473		0.86100			4
2025.08.15	03:03:48.781	0.86100	0.86101			6
2025.08.15	03:03:52.494	0.86098	0.86100			6
2025.08.15	03:03:52.864	0.86099				2
2025.08.15	03:03:53.986	0.86101	0.86102			6
2025.08.15	03:03:55.452	0.86100	0.86101			6
2025.08.15	03:04:00.374	0.86100				2
2025.08.15	03:04:01.539	0.86099	0.86100			6
2025.08.15	03:04:07.022	0.86100	0.86101			6
2025.08.15	03:04:09.790	0.86098	0.86100			6
2025.08.15	03:04:10.094	0.86099				2
2025.08.15	03:04:11.264	0.86098				2
2025.08.15	03:04:12.087	0.86099				2
2025.08.15	03:04:12.483	0.86098				2
2025.08.15	03:04:15.586	0.86100	0.86101			6
2025.08.15	03:04:22.423	0.86099	0.86100			6
2025.08.15	03:04:22.823	0.86100	0.86101			6
2025.08.15	03:04:23.253	0.86099	0.86100			6
2025.08.15	03:04:23.568	0.86100	0.86101			6
2025.08.15	03:04:30.393	0.86099	0.86100			6
2025.08.15	03:04:33.810	0.86098				2
2025.08.15	03:04:37.666	0.86097	0.86102			6
2025.08.15	03:04:38.310	0.86094	0.86099			6
2025.08.15	03:04:38.613	0.86093	0.86098			6
2025.08.15	03:04:39.824	0.86092	0.86097			6
2025.08.15	03:04:41.338	0.86096				2
2025.08.15	03:04:43.321	0.86097	0.86099			6
2025.08.15	03:04:45.998	0.86099	0.86100			6
2025.08.15	03:04:46.697	0.86098				2
2025.08.15	03:04:53.143	0.86099				2
2025.08.15	03:04:53.509		0.86101			4
2025.08.15	03:04:54.957		0.86100			4
2025.08.15	03:05:00.483	0.86100	0.86101			6
2025.08.15	03:05:00.856	0.86099	0.86100			6
2025.08.15	03:05:03.476	0.86102	0.86103			6
2025.08.15	03:05:03.779	0.86101	0.86102			6
2025.08.15	03:05:04.659	0.86102	0.86103			6
2025.08.15	03:05:11.555	0.86100	0.86101			6
2025.08.15	03:05:12.274	0.86101	0.86102			6
2025.08.15	03:05:12.587	0.86100	0.86101			6
2025.08.15	03:05:17.712	0.86101	0.86102			6
2025.08.15	03:05:18.020	0.86100	0.86101			6
2025.08.15	03:05:19.793	0.86101	0.86102			6
2025.08.15	03:05:25.324	0.86102	0.86103			6
2025.08.15	03:05:26.920	0.86101	0.86102			6
2025.08.15	03:05:27.777	0.86103	0.86104			6
2025.08.15	03:05:29.041	0.86102	0.86103			6
2025.08.15	03:05:40.007	0.86101				2
2025.08.15	03:05:40.426	0.86102				2
2025.08.15	03:05:40.730	0.86101				2
2025.08.15	03:05:43.953	0.86102				2
2025.08.15	03:05:44.757	0.86101				2
2025.08.15	03:05:45.179	0.86102				2
2025.08.15	03:05:59.728	0.86101				2
2025.08.15	03:06:00.064	0.86101				2
2025.08.15	03:06:00.435	0.86102	0.86104			6
2025.08.15	03:06:04.565	0.86101	0.86102			6
2025.08.15	03:06:16.495	0.86102	0.86103			6
2025.08.15	03:06:20.971	0.86101				2
2025.08.15	03:06:24.081	0.86102				2
2025.08.15	03:06:25.693	0.86101				2
2025.08.15	03:06:26.415	0.86100				2
2025.08.15	03:06:27.332	0.86101	0.86102			6
2025.08.15	03:06:29.084	0.86102	0.86103			6
2025.08.15	03:06:30.622	0.86101				2
2025.08.15	03:06:31.886		0.86102			4
2025.08.15	03:06:35.353	0.86098	0.86100			6
2025.08.15	03:06:46.078	0.86100	0.86101			6
2025.08.15	03:06:46.381	0.86099	0.86100			6
2025.08.15	03:06:48.028		0.86101			4
2025.08.15	03:06:50.173		0.86100			4
2025.08.15	03:06:51.048	0.86100	0.86101			6
2025.08.15	03:06:53.592	0.86099				2
2025.08.15	03:06:56.164	0.86100				2
2025.08.15	03:07:00.605	0.86099	0.86100			6
2025.08.15	03:07:14.646		0.86101			4
2025.08.15	03:07:16.200	0.86101	0.86102			6
2025.08.15	03:07:16.966	0.86099	0.86101			6
2025.08.15	03:07:17.447	0.86100	0.86102			6
2025.08.15	03:07:18.225	0.86099	0.86101			6
2025.08.15	03:07:24.210	0.86100				2
2025.08.15	03:07:25.580	0.86099				2
2025.08.15	03:07:29.269	0.86100	0.86102			6
2025.08.15	03:07:30.381	0.86101				2
2025.08.15	03:07:31.218	0.86100	0.86101			6
2025.08.15	03:07:32.267	0.86099				2
2025.08.15	03:07:33.523		0.86100			4
2025.08.15	03:07:35.722		0.86101			4
2025.08.15	03:07:36.037		0.86100			4
2025.08.15	03:07:36.392	0.86098				2
2025.08.15	03:07:36.771	0.86099				2
2025.08.15	03:07:46.688	0.86100	0.86101			6
2025.08.15	03:08:00.472	0.86100				2
2025.08.15	03:08:07.665	0.86098	0.86100			6
2025.08.15	03:08:12.595		0.86099			4
2025.08.15	03:08:29.695	0.86097	0.86098			6
2025.08.15	03:08:39.711		0.86099			4
2025.08.15	03:08:40.018		0.86098			4
2025.08.15	03:08:47.607		0.86099			4
2025.08.15	03:08:48.363		0.86098			4
2025.08.15	03:08:58.410	0.86098	0.86099			6
2025.08.15	03:08:58.720	0.86097				2
2025.08.15	03:08:59.396	0.86098				2
2025.08.15	03:09:00.065	0.86098				2
2025.08.15	03:09:00.441	0.86097	0.86098			6
2025.08.15	03:09:02.391	0.86096				2
2025.08.15	03:09:11.325	0.86097				2
2025.08.15	03:09:15.317	0.86096	0.86097			6
2025.08.15	03:09:16.081		0.86098			4
2025.08.15	03:09:16.763	0.86097	0.86099			6
2025.08.15	03:09:17.080		0.86098			4
2025.08.15	03:09:18.894		0.86099			4
2025.08.15	03:09:19.910	0.86098				2
2025.08.15	03:09:20.269		0.86100			4
2025.08.15	03:09:20.656	0.86097	0.86099			6
2025.08.15	03:09:21.365		0.86098			4
2025.08.15	03:09:25.131	0.86096				2
2025.08.15	03:09:30.369	0.86097				2
2025.08.15	03:09:31.052	0.86098	0.86099			6
2025.08.15	03:09:32.977	0.86097	0.86098			6
2025.08.15	03:09:37.392		0.86099			4
2025.08.15	03:09:37.934	0.86098				2
2025.08.15	03:09:49.202	0.86099	0.86100			6
2025.08.15	03:09:51.717	0.86098				2
2025.08.15	03:09:52.085	0.86100	0.86101			6
2025.08.15	03:10:00.304	0.86100				2
2025.08.15	03:10:05.991	0.86099	0.86100			6
2025.08.15	03:10:10.835	0.86098	0.86099			6
2025.08.15	03:10:16.581	0.86097	0.86098			6
2025.08.15	03:10:28.371		0.86099			4
2025.08.15	03:10:29.201	0.86098	0.86100			6
2025.08.15	03:10:31.080		0.86099			4
2025.08.15	03:10:33.335	0.86099	0.86100			6
2025.08.15	03:10:39.744	0.86097	0.86099			6
2025.08.15	03:10:41.003	0.86098				2
2025.08.15	03:10:41.600	0.86100	0.86101			6
2025.08.15	03:10:41.901	0.86098	0.86099			6
2025.08.15	03:10:50.745	0.86097				2
2025.08.15	03:10:59.287	0.86099	0.86100			6
2025.08.15	03:11:00.027	0.86099				2
2025.08.15	03:11:00.357	0.86098				2
2025.08.15	03:11:00.663		0.86099			4
2025.08.15	03:11:23.658	0.86100	0.86101			6
2025.08.15	03:11:24.278	0.86099	0.86100			6
2025.08.15	03:11:24.587	0.86098				2
2025.08.15	03:11:27.598		0.86099			4
2025.08.15	03:11:36.756	0.86099	0.86100			6
2025.08.15	03:11:39.173	0.86100	0.86101			6
2025.08.15	03:11:40.497	0.86099	0.86100			6
2025.08.15	03:11:44.626	0.86100	0.86101			6
2025.08.15	03:11:46.403	0.86101	0.86102			6
2025.08.15	03:11:53.964	0.86099	0.86100			6
2025.08.15	03:12:00.437	0.86098				2
2025.08.15	03:12:00.754	0.86099				2
2025.08.15	03:12:08.138	0.86100	0.86101			6
2025.08.15	03:12:09.567	0.86101	0.86102			6
2025.08.15	03:12:15.372	0.86102	0.86103			6
2025.08.15	03:12:17.058	0.86101	0.86102			6
2025.08.15	03:12:18.722	0.86100	0.86101			6
2025.08.15	03:12:37.670	0.86101	0.86102			6
2025.08.15	03:12:46.672	0.86100				2
2025.08.15	03:12:47.357		0.86101			4
2025.08.15	03:12:51.683		0.86102			4
2025.08.15	03:12:53.048	0.86101				2
2025.08.15	03:13:00.370	0.86100				2
2025.08.15	03:13:03.130	0.86102	0.86103			6
2025.08.15	03:13:03.441	0.86101	0.86102			6
2025.08.15	03:13:13.542		0.86103			4
2025.08.15	03:13:13.934	0.86102				2
2025.08.15	03:13:15.807	0.86101				2
2025.08.15	03:13:16.192	0.86102	0.86104			6
2025.08.15	03:13:29.669	0.86101	0.86102			6
2025.08.15	03:13:39.983	0.86102	0.86103			6
2025.08.15	03:13:41.665	0.86101	0.86102			6
2025.08.15	03:13:44.413	0.86102	0.86103			6
2025.08.15	03:13:45.751	0.86103	0.86104			6
2025.08.15	03:13:47.842	0.86101	0.86102			6
2025.08.15	03:13:48.145	0.86100	0.86101			6
2025.08.15	03:13:50.211	0.86099				2
2025.08.15	03:13:50.979	0.86100				2
2025.08.15	03:13:51.502	0.86101	0.86102			6
2025.08.15	03:13:52.417	0.86100	0.86101			6
2025.08.15	03:13:52.750	0.86101	0.86102			6
2025.08.15	03:13:53.481	0.86100	0.86101			6
2025.08.15	03:13:53.795	0.86101	0.86102			6
2025.08.15	03:13:54.525	0.86100	0.86101			6
2025.08.15	03:13:54.829	0.86101	0.86102			6
2025.08.15	03:14:00.503	0.86101				2
2025.08.15	03:14:16.637	0.86100	0.86101			6
2025.08.15	03:14:20.714	0.86101	0.86102			6
2025.08.15	03:14:28.748	0.86100	0.86101			6
2025.08.15	03:14:32.390	0.86101	0.86102			6
2025.08.15	03:14:42.519	0.86102	0.86103			6
2025.08.15	03:14:42.860	0.86101	0.86102			6
2025.08.15	03:14:43.906	0.86102	0.86103			6
2025.08.15	03:14:44.216	0.86101	0.86102			6
2025.08.15	03:14:45.364	0.86102	0.86103			6
2025.08.15	03:14:46.058	0.86101	0.86102			6
2025.08.15	03:14:50.527	0.86100	0.86101			6
2025.08.15	03:14:50.878	0.86101	0.86102			6
2025.08.15	03:14:51.492	0.86100	0.86101			6
2025.08.15	03:14:52.330	0.86102	0.86103			6
2025.08.15	03:14:52.643	0.86101	0.86102			6
2025.08.15	03:14:54.679	0.86100	0.86101			6
2025.08.15	03:14:56.167	0.86102	0.86103			6
2025.08.15	03:14:56.473	0.86101	0.86102			6
2025.08.15	03:15:00.388	0.86101				2
2025.08.15	03:15:01.427	0.86100	0.86101			6
2025.08.15	03:15:02.062	0.86101	0.86102			6
2025.08.15	03:15:04.553	0.86099	0.86100			6
2025.08.15	03:15:05.341	0.86100	0.86101			6
2025.08.15	03:15:05.720	0.86101	0.86102			6
2025.08.15	03:15:06.853	0.86100	0.86101			6
2025.08.15	03:15:07.891	0.86099	0.86100			6
2025.08.15	03:15:08.507	0.86100	0.86101			6
2025.08.15	03:15:08.908	0.86101	0.86102			6
2025.08.15	03:15:09.545	0.86100	0.86101			6
2025.08.15	03:15:10.571	0.86101	0.86102			6
2025.08.15	03:15:10.936	0.86100	0.86101			6
2025.08.15	03:15:12.505	0.86099	0.86100			6
2025.08.15	03:15:23.866	0.86100	0.86101			6
2025.08.15	03:15:24.508	0.86099	0.86100			6
2025.08.15	03:15:24.819	0.86100	0.86101			6
2025.08.15	03:15:26.655	0.86099	0.86100			6
2025.08.15	03:15:30.384	0.86098	0.86099			6
2025.08.15	03:15:30.993	0.86099	0.86100			6
2025.08.15	03:15:32.024	0.86098	0.86099			6
2025.08.15	03:15:34.843	0.86099	0.86100			6
2025.08.15	03:15:41.801	0.86100	0.86101			6
2025.08.15	03:15:44.367	0.86099	0.86100			6
2025.08.15	03:15:53.381	0.86100	0.86101			6
2025.08.15	03:15:56.475	0.86099	0.86100			6
2025.08.15	03:15:56.797	0.86100	0.86101			6
2025.08.15	03:15:57.127	0.86099	0.86100			6
2025.08.15	03:15:59.035	0.86100	0.86101			6
2025.08.15	03:16:00.406	0.86101	0.86102			6
2025.08.15	03:16:03.813	0.86099	0.86100			6
2025.08.15	03:16:13.856	0.86100	0.86101			6
2025.08.15	03:16:15.199	0.86099	0.86100			6
2025.08.15	03:16:21.511	0.86100	0.86101			6
2025.08.15	03:16:24.019	0.86099	0.86100			6
2025.08.15	03:16:41.450	0.86101	0.86102			6
2025.08.15	03:16:46.377	0.86100	0.86101			6
2025.08.15	03:16:56.267	0.86101	0.86102			6
2025.08.15	03:16:56.941	0.86100	0.86101			6
2025.08.15	03:16:57.838	0.86101	0.86102			6
2025.08.15	03:16:58.465	0.86100	0.86101			6
2025.08.15	03:16:58.883	0.86101	0.86102			6
2025.08.15	03:16:59.511	0.86100	0.86101			6
2025.08.15	03:16:59.929	0.86101	0.86102			6
2025.08.15	03:17:00.448	0.86100	0.86101			6
2025.08.15	03:17:14.518	0.86101	0.86102			6
2025.08.15	03:17:14.854	0.86100	0.86101			6
2025.08.15	03:17:31.315	0.86099	0.86100			6
2025.08.15	03:17:39.848	0.86100	0.86101			6
2025.08.15	03:17:51.599	0.86099	0.86100			6
2025.08.15	03:17:51.921	0.86100	0.86101			6
2025.08.15	03:17:56.940	0.86099	0.86100			6
2025.08.15	03:18:00.112	0.86099				2
2025.08.15	03:18:02.111	0.86100	0.86101			6
2025.08.15	03:18:13.999	0.86102	0.86103			6
2025.08.15	03:18:15.431	0.86101				2
2025.08.15	03:18:16.997		0.86102			4
2025.08.15	03:18:17.611	0.86102	0.86103			6
2025.08.15	03:18:19.029	0.86101	0.86102			6
2025.08.15	03:18:28.672	0.86102	0.86103			6
2025.08.15	03:18:31.782	0.86103	0.86104			6
2025.08.15	03:18:42.009	0.86102	0.86103			6
2025.08.15	03:18:54.316	0.86103	0.86104			6
2025.08.15	03:18:54.618	0.86102				2
2025.08.15	03:19:00.608	0.86102				2
2025.08.15	03:19:08.861	0.86103				2
2025.08.15	03:19:11.305	0.86102				2
2025.08.15	03:19:12.377	0.86103				2
2025.08.15	03:19:13.485	0.86102				2
2025.08.15	03:19:13.797	0.86103				2
2025.08.15	03:19:14.572	0.86102				2
2025.08.15	03:19:14.940	0.86103				2
2025.08.15	03:19:15.287	0.86102				2
2025.08.15	03:19:15.635	0.86103				2
2025.08.15	03:19:16.299	0.86102				2
2025.08.15	03:19:18.262	0.86103				2
2025.08.15	03:19:18.580	0.86101	0.86103			6
2025.08.15	03:19:18.968	0.86100	0.86102			6
2025.08.15	03:19:29.145	0.86101				2
2025.08.15	03:19:32.465	0.86098	0.86100			6
2025.08.15	03:19:34.332	0.86099				2
2025.08.15	03:19:37.782	0.86098				2
2025.08.15	03:19:39.064	0.86100	0.86101			6
2025.08.15	03:19:39.439	0.86101	0.86102			6
2025.08.15	03:19:39.783	0.86100	0.86101			6
2025.08.15	03:19:40.389	0.86101	0.86102			6
2025.08.15	03:19:41.471	0.86100	0.86101			6
2025.08.15	03:19:41.877	0.86101	0.86102			6
2025.08.15	03:19:42.611	0.86102	0.86103			6
2025.08.15	03:19:43.011	0.86101	0.86102			6
2025.08.15	03:19:52.897	0.86102	0.86103			6
2025.08.15	03:19:55.407	0.86101	0.86102			6
2025.08.15	03:19:55.930	0.86102	0.86103			6
2025.08.15	03:19:56.452	0.86101	0.86102			6
2025.08.15	03:19:56.976	0.86102	0.86103			6
2025.08.15	03:19:57.496	0.86101	0.86102			6
2025.08.15	03:19:58.018	0.86102	0.86103			6
2025.08.15	03:19:58.540	0.86101				2
2025.08.15	03:19:59.062	0.86102				2
2025.08.15	03:20:00.613	0.86103	0.86105			6
2025.08.15	03:20:00.923	0.86104	0.86106			6
2025.08.15	03:20:01.251	0.86103	0.86105			6
2025.08.15	03:20:02.948		0.86104			4
2025.08.15	03:20:03.256		0.86105			4
2025.08.15	03:20:04.991	0.86104				2
2025.08.15	03:20:07.361	0.86103	0.86106			6
2025.08.15	03:20:07.746	0.86104				2
2025.08.15	03:20:10.557		0.86105			4
2025.08.15	03:20:10.956		0.86106			4
2025.08.15	03:20:13.229	0.86103				2
2025.08.15	03:20:17.716	0.86104				2
2025.08.15	03:20:18.231	0.86102	0.86104			6
2025.08.15	03:20:20.418	0.86104	0.86106			6
2025.08.15	03:20:22.303		0.86105			4
2025.08.15	03:20:28.238	0.86103				2
2025.08.15	03:20:30.821		0.86104			4
2025.08.15	03:20:31.327		0.86105			4
2025.08.15	03:20:31.948		0.86104			4
2025.08.15	03:20:32.467		0.86105			4
2025.08.15	03:20:32.990		0.86104			4
2025.08.15	03:20:33.512		0.86105			4
2025.08.15	03:20:36.515		0.86104			4
2025.08.15	03:20:37.068		0.86105			4
2025.08.15	03:20:40.288	0.86100	0.86102			6
2025.08.15	03:20:41.011	0.86101				2
2025.08.15	03:20:47.527	0.86100	0.86101			6
2025.08.15	03:20:48.786	0.86102	0.86103			6
2025.08.15	03:20:55.893	0.86103	0.86104			6
2025.08.15	03:20:56.199	0.86102	0.86103			6
2025.08.15	03:20:56.503	0.86103	0.86104			6
2025.08.15	03:20:56.894	0.86102	0.86103			6
2025.08.15	03:20:57.783	0.86103	0.86105			6
2025.08.15	03:21:00.184	0.86103				2
2025.08.15	03:21:13.483	0.86104				2
2025.08.15	03:21:14.537	0.86103				2
2025.08.15	03:21:17.721	0.86104				2
2025.08.15	03:21:18.817	0.86103				2
2025.08.15	03:21:25.562	0.86104				2
2025.08.15	03:21:25.997	0.86103				2
2025.08.15	03:21:26.408	0.86104				2
2025.08.15	03:21:26.740	0.86103				2
2025.08.15	03:21:27.262	0.86104				2
2025.08.15	03:21:28.317	0.86105	0.86106			6
2025.08.15	03:21:28.633	0.86104	0.86105			6
2025.08.15	03:21:31.429	0.86105	0.86106			6
2025.08.15	03:21:31.760	0.86104	0.86105			6
2025.08.15	03:21:33.167	0.86103				2
2025.08.15	03:21:33.537	0.86104				2
2025.08.15	03:21:33.839	0.86106	0.86107			6
2025.08.15	03:21:41.196	0.86107	0.86108			6
2025.08.15	03:21:41.539	0.86106	0.86107			6
2025.08.15	03:21:47.199	0.86105	0.86106			6
2025.08.15	03:22:00.154	0.86106	0.86107			6
2025.08.15	03:22:00.458	0.86105	0.86106			6
2025.08.15	03:22:01.096	0.86106	0.86107			6
2025.08.15	03:22:01.792	0.86105	0.86106			6
2025.08.15	03:22:03.548	0.86103	0.86104			6
2025.08.15	03:22:03.862	0.86102				2
2025.08.15	03:22:06.543	0.86104	0.86105			6
2025.08.15	03:22:07.486	0.86103				2
2025.08.15	03:22:28.761	0.86102	0.86103			6
2025.08.15	03:22:30.742	0.86101				2
2025.08.15	03:22:31.997	0.86102				2
2025.08.15	03:22:32.297	0.86101				2
2025.08.15	03:22:49.741	0.86102				2
2025.08.15	03:22:52.663	0.86101	0.86102			6
2025.08.15	03:22:52.994	0.86099	0.86100			6
2025.08.15	03:22:55.070	0.86100	0.86101			6
2025.08.15	03:22:56.724	0.86099	0.86100			6
2025.08.15	03:22:57.230	0.86100	0.86101			6
2025.08.15	03:23:00.439	0.86099	0.86100			6
2025.08.15	03:23:01.049	0.86098				2
2025.08.15	03:23:01.454	0.86099				2
2025.08.15	03:23:01.759	0.86098				2
2025.08.15	03:23:02.257	0.86099				2
2025.08.15	03:23:03.687	0.86097	0.86099			6
2025.08.15	03:23:04.000	0.86098				2
2025.08.15	03:23:04.352	0.86097	0.86098			6
2025.08.15	03:23:14.994		0.86099			4
2025.08.15	03:23:15.299		0.86098			4
2025.08.15	03:23:22.595		0.86099			4
