<DATE>	<TIME>	<BID>	<ASK>	<LAST>	<VOLUME>	<FLAGS>
2025.11.06	00:03:31.258	0.88020	0.88092			6
2025.11.06	00:04:01.409	0.88020				2
2025.11.06	00:04:37.894		0.88092			4
2025.11.06	00:05:01.205	0.88018				2
2025.11.06	00:05:05.817	0.88019				2
2025.11.06	00:05:09.675	0.88018				2
2025.11.06	00:05:15.632	0.88021				2
2025.11.06	00:05:20.783	0.88020				2
2025.11.06	00:05:26.201	0.88018				2
2025.11.06	00:05:37.895		0.88092			4
2025.11.06	00:05:39.698	0.88019				2
2025.11.06	00:05:40.353	0.88018				2
2025.11.06	00:05:40.716	0.88019				2
2025.11.06	00:05:46.197	0.88018				2
2025.11.06	00:05:46.671	0.88019				2
2025.11.06	00:05:51.384	0.88021				2
2025.11.06	00:05:51.911	0.88020				2
2025.11.06	00:05:56.632	0.88019				2
2025.11.06	00:06:01.389	0.88020				2
2025.11.06	00:06:01.700	0.88022				2
2025.11.06	00:06:05.965	0.88021				2
2025.11.06	00:06:06.523	0.88020				2
2025.11.06	00:06:16.340	0.88019				2
2025.11.06	00:06:32.093	0.88020				2
2025.11.06	00:06:39.812		0.88092			4
2025.11.06	00:06:47.739	0.88019				2
2025.11.06	00:06:55.344	0.88018				2
2025.11.06	00:07:00.758	0.88018				2
2025.11.06	00:07:50.762		0.88092			4
2025.11.06	00:08:03.738	0.88018				2
2025.11.06	00:08:25.512	0.88017				2
2025.11.06	00:08:28.348	0.88018				2
2025.11.06	00:08:31.412	0.88027				2
2025.11.06	00:08:31.871	0.88021				2
2025.11.06	00:08:32.199	0.88027				2
2025.11.06	00:08:32.528	0.88021				2
2025.11.06	00:08:32.848	0.88027				2
2025.11.06	00:08:33.173	0.88021				2
2025.11.06	00:08:33.491	0.88027				2
2025.11.06	00:08:33.818	0.88021				2
2025.11.06	00:08:34.147	0.88027				2
2025.11.06	00:08:34.467	0.88021				2
2025.11.06	00:08:34.789	0.88027				2
2025.11.06	00:08:35.119	0.88021				2
2025.11.06	00:08:35.455	0.88018				2
2025.11.06	00:08:38.347	0.88019				2
2025.11.06	00:08:51.354		0.88092			4
2025.11.06	00:09:00.379	0.88019				2
2025.11.06	00:09:20.725		0.88093			4
2025.11.06	00:09:46.216	0.88021				2
2025.11.06	00:09:46.831	0.88024				2
2025.11.06	00:10:00.424	0.88039				2
2025.11.06	00:10:00.738	0.88040				2
2025.11.06	00:10:12.168	0.88035	0.88095			6
2025.11.06	00:10:13.493	0.88036	0.88094			6
2025.11.06	00:10:15.753	0.88035	0.88095			6
2025.11.06	00:10:17.657	0.88036	0.88094			6
2025.11.06	00:10:20.266	0.88038	0.88095			6
2025.11.06	00:10:23.130	0.88035				2
2025.11.06	00:10:30.506	0.88037	0.88096			6
2025.11.06	00:10:33.106	0.88035	0.88095			6
2025.11.06	00:11:00.067	0.88035				2
2025.11.06	00:11:00.414	0.88033				2
2025.11.06	00:11:01.362	0.88036	0.88093			6
2025.11.06	00:11:05.227	0.88029	0.88098			6
2025.11.06	00:11:07.055	0.88035	0.88093			6
2025.11.06	00:11:10.403	0.88036				2
2025.11.06	00:11:11.356	0.88035	0.88092			6
2025.11.06	00:11:23.029	0.88036	0.88093			6
2025.11.06	00:11:24.005	0.88035	0.88092			6
2025.11.06	00:11:29.288		0.88094			4
2025.11.06	00:11:30.279		0.88092			4
2025.11.06	00:11:30.680	0.88036				2
2025.11.06	00:11:35.664	0.88035	0.88093			6
2025.11.06	00:11:36.653	0.88036	0.88092			6
2025.11.06	00:12:00.474	0.88036				2
2025.11.06	00:12:38.782	0.88037	0.88092			6
2025.11.06	00:12:42.682	0.88036				2
2025.11.06	00:12:49.375	0.88035				2
2025.11.06	00:13:00.725	0.88035				2
2025.11.06	00:13:03.080	0.88034				2
2025.11.06	00:13:05.238	0.88035				2
2025.11.06	00:13:06.680	0.88034				2
2025.11.06	00:13:07.800	0.88035				2
2025.11.06	00:13:08.480	0.88034				2
2025.11.06	00:13:09.984	0.88035				2
2025.11.06	00:13:10.300	0.88034				2
2025.11.06	00:13:10.664	0.88035				2
2025.11.06	00:13:42.680		0.88092			4
2025.11.06	00:14:00.758	0.88035				2
2025.11.06	00:14:50.731		0.88092			4
2025.11.06	00:15:00.079	0.88036				2
2025.11.06	00:15:00.414	0.88035				2
2025.11.06	00:15:02.211	0.88036				2
2025.11.06	00:15:10.752	0.88034				2
2025.11.06	00:15:36.233	0.88032				2
2025.11.06	00:15:38.177		0.88091			4
2025.11.06	00:15:40.694		0.88092			4
2025.11.06	00:15:51.079	0.88033				2
2025.11.06	00:16:00.757	0.88033				2
2025.11.06	00:16:36.336		0.88090			4
2025.11.06	00:16:58.882	0.88034				2
2025.11.06	00:17:00.760	0.88034				2
2025.11.06	00:17:02.179	0.88036				2
2025.11.06	00:17:04.282		0.88089			4
2025.11.06	00:17:07.130		0.88090			4
2025.11.06	00:17:07.953		0.88089			4
2025.11.06	00:17:08.999		0.88090			4
2025.11.06	00:17:24.146		0.88089			4
2025.11.06	00:17:49.348		0.88090			4
2025.11.06	00:18:00.759	0.88036				2
2025.11.06	00:18:05.779		0.88089			4
2025.11.06	00:18:19.912	0.88038	0.88085			6
2025.11.06	00:19:00.759	0.88038				2
2025.11.06	00:19:15.679	0.88039	0.88084			6
2025.11.06	00:20:00.758	0.88039				2
2025.11.06	00:20:02.573	0.88040	0.88083			6
2025.11.06	00:20:06.573	0.88039	0.88085			6
2025.11.06	00:20:39.682	0.88040				2
2025.11.06	00:21:00.759	0.88040				2
2025.11.06	00:21:06.587	0.88039	0.88085			6
2025.11.06	00:21:45.980	0.88040				2
2025.11.06	00:22:04.879	0.88040	0.88084			6
2025.11.06	00:22:13.155		0.88087			4
2025.11.06	00:22:57.181	0.88042	0.88093			6
2025.11.06	00:23:00.970	0.88042				2
2025.11.06	00:23:01.883	0.88043				2
2025.11.06	00:23:18.760		0.88092			4
2025.11.06	00:23:19.469		0.88094			4
2025.11.06	00:23:25.294		0.88091			4
2025.11.06	00:23:41.132	0.88044				2
2025.11.06	00:23:46.896	0.88045				2
2025.11.06	00:23:52.382	0.88044	0.88093			6
2025.11.06	00:23:52.936	0.88045	0.88092			6
2025.11.06	00:23:57.117		0.88091			4
2025.11.06	00:24:00.079	0.88045	0.88092			6
2025.11.06	00:24:22.515		0.88093			4
2025.11.06	00:24:26.130	0.88037	0.88087			6
2025.11.06	00:24:28.281	0.88038				2
2025.11.06	00:24:28.882	0.88039	0.88086			6
2025.11.06	00:25:00.374	0.88039				2
2025.11.06	00:25:17.181	0.88040				2
2025.11.06	00:25:20.390	0.88037	0.88084			6
2025.11.06	00:25:20.700	0.88034				2
2025.11.06	00:25:22.937	0.88035	0.88083			6
2025.11.06	00:25:23.935		0.88084			4
2025.11.06	00:25:26.347	0.88034				2
2025.11.06	00:25:28.580		0.88085			4
2025.11.06	00:25:33.012		0.88084			4
2025.11.06	00:25:36.679	0.88033				2
2025.11.06	00:25:37.938		0.88085			4
2025.11.06	00:25:39.081	0.88034	0.88084			6
2025.11.06	00:25:44.268	0.88036				2
2025.11.06	00:25:48.227	0.88035				2
2025.11.06	00:25:51.377	0.88037				2
2025.11.06	00:25:51.750	0.88035	0.88081			6
2025.11.06	00:25:58.180		0.88082			4
2025.11.06	00:26:02.482	0.88035				2
2025.11.06	00:26:07.937	0.88036	0.88084			6
2025.11.06	00:26:11.180		0.88085			4
2025.11.06	00:26:18.251	0.88035	0.88084			6
2025.11.06	00:26:19.291	0.88036				2
2025.11.06	00:26:58.181	0.88035				2
2025.11.06	00:27:04.174	0.88036				2
2025.11.06	00:27:19.806		0.88084			4
2025.11.06	00:27:35.680	0.88030	0.88081			6
2025.11.06	00:27:36.980	0.88029				2
2025.11.06	00:27:42.080	0.88030				2
2025.11.06	00:27:43.846	0.88032				2
2025.11.06	00:28:00.693	0.88032				2
2025.11.06	00:28:02.484	0.88031				2
2025.11.06	00:28:05.180	0.88035				2
2025.11.06	00:28:16.485	0.88034				2
2025.11.06	00:28:20.181	0.88035				2
2025.11.06	00:28:36.854	0.88033	0.88081			6
2025.11.06	00:28:40.633	0.88039				2
2025.11.06	00:28:48.858	0.88023				2
2025.11.06	00:29:00.350	0.88023				2
2025.11.06	00:29:01.880	0.88024				2
2025.11.06	00:29:02.257	0.88026				2
2025.11.06	00:29:03.231		0.88083			4
2025.11.06	00:29:07.267	0.88023	0.88082			6
2025.11.06	00:29:16.881	0.88024				2
2025.11.06	00:29:17.574	0.88033				2
2025.11.06	00:29:22.618	0.88035				2
2025.11.06	00:29:48.869	0.88031				2
2025.11.06	00:29:53.198	0.88024				2
2025.11.06	00:30:00.306	0.88024				2
2025.11.06	00:30:00.979	0.88023				2
2025.11.06	00:30:03.882	0.88024	0.88081			6
2025.11.06	00:30:05.255	0.88016	0.88082			6
2025.11.06	00:30:13.786	0.88017				2
2025.11.06	00:30:19.559	0.88027				2
2025.11.06	00:30:23.726	0.88025	0.88084			6
2025.11.06	00:30:24.066		0.88083			4
2025.11.06	00:30:29.171	0.88019				2
2025.11.06	00:30:33.219		0.88082			4
2025.11.06	00:31:00.240	0.88025				2
2025.11.06	00:31:05.262	0.88026				2
2025.11.06	00:31:08.589	0.88025				2
2025.11.06	00:31:14.769	0.88026				2
2025.11.06	00:31:18.571	0.88019				2
2025.11.06	00:31:21.447		0.88081			4
2025.11.06	00:31:31.062	0.88025				2
2025.11.06	00:31:38.479	0.88026				2
2025.11.06	00:31:44.130	0.88019				2
2025.11.06	00:32:01.455	0.88019				2
2025.11.06	00:32:23.860		0.88081			4
2025.11.06	00:32:39.547	0.88022	0.88085			6
2025.11.06	00:32:45.889	0.88021				2
2025.11.06	00:32:48.494		0.88086			4
2025.11.06	00:32:49.613	0.88022	0.88085			6
2025.11.06	00:32:57.379	0.88024				2
2025.11.06	00:32:58.609		0.88086			4
2025.11.06	00:32:59.999		0.88085			4
2025.11.06	00:33:01.410	0.88024				2
2025.11.06	00:33:11.710		0.88086			4
2025.11.06	00:33:18.302	0.88034				2
2025.11.06	00:33:22.369		0.88087			4
2025.11.06	00:33:29.868	0.88035	0.88086			6
2025.11.06	00:33:34.101	0.88034	0.88087			6
2025.11.06	00:33:34.798		0.88088			4
2025.11.06	00:33:35.112		0.88087			4
2025.11.06	00:33:38.857	0.88035	0.88086			6
2025.11.06	00:33:39.306	0.88043	0.88088			6
2025.11.06	00:33:42.932	0.88023	0.88087			6
2025.11.06	00:33:43.251	0.88024	0.88085			6
2025.11.06	00:33:43.560	0.88020	0.88083			6
2025.11.06	00:33:43.895		0.88082			4
2025.11.06	00:33:47.850	0.88021	0.88080			6
2025.11.06	00:33:48.178	0.88020	0.88081			6
2025.11.06	00:33:49.580	0.88021	0.88080			6
2025.11.06	00:33:51.651	0.88024	0.88082			6
2025.11.06	00:33:55.737	0.88026	0.88083			6
2025.11.06	00:33:56.084	0.88023				2
2025.11.06	00:33:59.033	0.88024				2
2025.11.06	00:33:59.388		0.88082			4
2025.11.06	00:34:00.305	0.88024				2
2025.11.06	00:34:01.066	0.88026	0.88086			6
2025.11.06	00:34:01.396		0.88087			4
2025.11.06	00:34:02.362	0.88028				2
2025.11.06	00:34:03.696	0.88025				2
2025.11.06	00:34:12.117	0.88028				2
2025.11.06	00:34:17.012		0.88088			4
2025.11.06	00:34:36.079		0.88087			4
2025.11.06	00:34:55.176		0.88088			4
2025.11.06	00:35:00.412	0.88028				2
2025.11.06	00:35:14.683		0.88089			4
2025.11.06	00:35:28.630		0.88088			4
2025.11.06	00:35:36.825	0.88033				2
2025.11.06	00:35:38.587		0.88087			4
2025.11.06	00:35:43.495		0.88088			4
2025.11.06	00:35:43.837	0.88037				2
2025.11.06	00:35:44.683	0.88039				2
2025.11.06	00:35:45.710		0.88089			4
2025.11.06	00:35:49.631	0.88033				2
2025.11.06	00:35:50.009		0.88088			4
2025.11.06	00:35:50.518		0.88086			4
2025.11.06	00:35:51.060		0.88081			4
2025.11.06	00:35:51.787		0.88082			4
2025.11.06	00:35:52.350		0.88085			4
2025.11.06	00:35:52.685		0.88084			4
2025.11.06	00:35:55.889	0.88032	0.88087			6
2025.11.06	00:35:58.973	0.88030				2
2025.11.06	00:35:59.799	0.88032				2
2025.11.06	00:36:04.710	0.88032	0.88088			6
2025.11.06	00:36:08.199		0.88087			4
2025.11.06	00:36:08.723	0.88031	0.88086			6
2025.11.06	00:36:10.760		0.88087			4
2025.11.06	00:36:13.040		0.88086			4
2025.11.06	00:36:18.347		0.88085			4
2025.11.06	00:36:24.356		0.88086			4
2025.11.06	00:36:28.860		0.88085			4
2025.11.06	00:36:31.540	0.88029				2
2025.11.06	00:36:34.349	0.88031				2
2025.11.06	00:36:34.710		0.88086			4
2025.11.06	00:36:45.679		0.88085			4
2025.11.06	00:36:52.164	0.88029				2
2025.11.06	00:36:52.541	0.88030				2
2025.11.06	00:36:54.406	0.88028	0.88084			6
2025.11.06	00:36:54.743	0.88030				2
2025.11.06	00:36:57.393	0.88029	0.88085			6
2025.11.06	00:36:57.734	0.88030				2
2025.11.06	00:36:59.264	0.88028	0.88084			6
2025.11.06	00:37:00.044	0.88028				2
2025.11.06	00:37:06.078		0.88085			4
2025.11.06	00:37:20.677		0.88084			4
2025.11.06	00:37:21.587	0.88030				2
2025.11.06	00:37:31.880		0.88085			4
2025.11.06	00:37:39.867		0.88084			4
2025.11.06	00:38:00.452	0.88031				2
2025.11.06	00:38:16.879	0.88032	0.88085			6
2025.11.06	00:38:21.853	0.88031				2
2025.11.06	00:38:23.783		0.88084			4
2025.11.06	00:38:29.809		0.88083			4
2025.11.06	00:38:30.208	0.88032				2
2025.11.06	00:38:34.053		0.88084			4
2025.11.06	00:38:34.775		0.88085			4
2025.11.06	00:38:37.037		0.88084			4
2025.11.06	00:38:37.432		0.88085			4
2025.11.06	00:38:38.725	0.88033				2
2025.11.06	00:38:51.735		0.88086			4
2025.11.06	00:38:54.097	0.88032				2
2025.11.06	00:38:57.082		0.88085			4
2025.11.06	00:39:00.469	0.88033				2
2025.11.06	00:39:02.388	0.88032				2
2025.11.06	00:39:06.770		0.88084			4
2025.11.06	00:39:09.883	0.88033	0.88085			6
2025.11.06	00:39:12.775	0.88029				2
2025.11.06	00:39:15.184		0.88084			4
2025.11.06	00:39:20.758		0.88083			4
2025.11.06	00:39:21.124	0.88028				2
2025.11.06	00:39:27.574	0.88030				2
2025.11.06	00:39:32.389		0.88084			4
2025.11.06	00:39:37.167	0.88028				2
2025.11.06	00:39:38.547	0.88030				2
2025.11.06	00:39:42.054	0.88025	0.88083			6
2025.11.06	00:39:42.589	0.88026				2
2025.11.06	00:39:45.796	0.88027	0.88082			6
2025.11.06	00:39:49.212	0.88028				2
2025.11.06	00:39:54.412		0.88083			4
2025.11.06	00:39:56.268	0.88027	0.88082			6
2025.11.06	00:39:56.763		0.88081			4
2025.11.06	00:39:57.089	0.88025				2
2025.11.06	00:39:58.039		0.88080			4
2025.11.06	00:39:59.288	0.88027				2
2025.11.06	00:40:00.760	0.88027				2
2025.11.06	00:40:03.700		0.88079			4
2025.11.06	00:40:09.455		0.88077			4
2025.11.06	00:40:18.193		0.88078			4
2025.11.06	00:40:22.692		0.88079			4
2025.11.06	00:40:28.669	0.88028	0.88080			6
2025.11.06	00:40:33.369	0.88027				2
2025.11.06	00:40:38.100	0.88029				2
2025.11.06	00:40:43.432	0.88027				2
2025.11.06	00:40:43.747	0.88029	0.88079			6
2025.11.06	00:40:52.032	0.88028	0.88080			6
2025.11.06	00:40:52.405	0.88026				2
2025.11.06	00:41:00.044	0.88026				2
2025.11.06	00:41:11.783		0.88079			4
2025.11.06	00:41:17.410	0.88025	0.88080			6
2025.11.06	00:41:32.291	0.88027	0.88079			6
2025.11.06	00:41:38.781	0.88026	0.88080			6
2025.11.06	00:41:45.927	0.88023				2
2025.11.06	00:41:49.580		0.88079			4
2025.11.06	00:41:51.723	0.88025	0.88078			6
2025.11.06	00:41:57.243	0.88032	0.88070			6
2025.11.06	00:42:00.123	0.88031	0.88071			6
2025.11.06	00:42:00.758	0.88032	0.88072			6
2025.11.06	00:42:02.140	0.88031	0.88071			6
2025.11.06	00:42:08.717	0.88030	0.88073			6
2025.11.06	00:42:11.429		0.88072			4
2025.11.06	00:42:31.208	0.88028	0.88071			6
2025.11.06	00:42:32.428	0.88035	0.88085			6
2025.11.06	00:42:35.114	0.88036				2
2025.11.06	00:42:35.500	0.88035				2
2025.11.06	00:42:38.070		0.88086			4
2025.11.06	00:42:39.846	0.88036				2
2025.11.06	00:42:41.369	0.88034	0.88073			6
2025.11.06	00:42:45.890	0.88033	0.88074			6
2025.11.06	00:42:53.462	0.88034	0.88073			6
2025.11.06	00:42:59.722	0.88033	0.88074			6
2025.11.06	00:43:00.829	0.88034	0.88072			6
2025.11.06	00:43:09.963		0.88073			4
2025.11.06	00:43:30.079	0.88033				2
2025.11.06	00:43:33.251	0.88034				2
2025.11.06	00:43:35.713	0.88035	0.88074			6
2025.11.06	00:43:38.051	0.88034	0.88073			6
2025.11.06	00:43:42.631		0.88074			4
2025.11.06	00:44:03.270	0.88032	0.88072			6
2025.11.06	00:44:03.790	0.88030	0.88074			6
2025.11.06	00:44:06.697	0.88032	0.88073			6
2025.11.06	00:44:11.963	0.88031				2
2025.11.06	00:44:12.289	0.88030				2
2025.11.06	00:44:29.717	0.88031				2
2025.11.06	00:44:31.256	0.88030	0.88074			6
2025.11.06	00:44:35.389	0.88029	0.88075			6
2025.11.06	00:44:42.957	0.88028	0.88076			6
2025.11.06	00:44:51.001	0.88033	0.88073			6
2025.11.06	00:44:51.410	0.88022				2
2025.11.06	00:44:53.733	0.88020	0.88074			6
2025.11.06	00:44:54.516	0.88019	0.88075			6
2025.11.06	00:44:56.480	0.88017	0.88076			6
2025.11.06	00:44:56.816	0.88018	0.88075			6
2025.11.06	00:44:59.178	0.88016	0.88077			6
2025.11.06	00:45:01.246	0.88016				2
2025.11.06	00:45:03.233	0.88033	0.88090			6
2025.11.06	00:45:06.767	0.88016	0.88077			6
2025.11.06	00:45:12.041	0.88017	0.88078			6
2025.11.06	00:45:12.345		0.88076			4
2025.11.06	00:45:14.052		0.88078			4
2025.11.06	00:45:14.389		0.88077			4
2025.11.06	00:45:19.751	0.88018	0.88076			6
2025.11.06	00:45:21.868	0.88019				2
2025.11.06	00:45:23.149	0.88020				2
2025.11.06	00:45:24.889	0.88019				2
2025.11.06	00:45:27.465	0.88020				2
2025.11.06	00:45:28.380	0.88019	0.88077			6
2025.11.06	00:45:28.725	0.88020	0.88075			6
2025.11.06	00:45:33.473	0.88018	0.88078			6
2025.11.06	00:45:34.132	0.88017	0.88079			6
2025.11.06	00:45:48.465	0.88029	0.88067			6
2025.11.06	00:46:09.166	0.88030	0.88068			6
2025.11.06	00:46:12.035	0.88031	0.88067			6
2025.11.06	00:46:12.464		0.88066			4
2025.11.06	00:46:13.517		0.88067			4
2025.11.06	00:46:28.183	0.88035	0.88066			6
2025.11.06	00:46:28.834	0.88032				2
2025.11.06	00:46:41.454	0.88035				2
2025.11.06	00:46:57.808	0.88032				2
2025.11.06	00:47:03.263	0.88045	0.88078			6
2025.11.06	00:47:04.890	0.88044	0.88077			6
2025.11.06	00:47:06.800	0.88031	0.88066			6
2025.11.06	00:47:20.159	0.88032	0.88065			6
2025.11.06	00:47:21.086	0.88030	0.88067			6
2025.11.06	00:47:22.789	0.88029				2
2025.11.06	00:47:23.763	0.88033	0.88066			6
2025.11.06	00:47:24.078	0.88030				2
2025.11.06	00:47:26.105	0.88031	0.88065			6
2025.11.06	00:47:26.619	0.88041				2
2025.11.06	00:47:26.938	0.88031				2
2025.11.06	00:47:30.679	0.88030	0.88066			6
2025.11.06	00:47:39.681	0.88031				2
2025.11.06	00:47:41.780	0.88030				2
2025.11.06	00:48:02.430	0.88031	0.88065			6
2025.11.06	00:48:06.680	0.88030	0.88066			6
2025.11.06	00:48:33.983	0.88029				2
2025.11.06	00:48:34.328	0.88039				2
2025.11.06	00:49:00.415	0.88039				2
2025.11.06	00:49:06.862		0.88066			4
2025.11.06	00:49:07.672		0.88067			4
2025.11.06	00:49:14.565	0.88037	0.88068			6
2025.11.06	00:49:17.481	0.88038	0.88067			6
2025.11.06	00:49:20.371	0.88039	0.88066			6
2025.11.06	00:49:30.290		0.88067			4
2025.11.06	00:49:59.865	0.88038	0.88068			6
2025.11.06	00:50:00.416	0.88038				2
2025.11.06	00:50:07.280		0.88067			4
2025.11.06	00:50:16.094		0.88068			4
2025.11.06	00:50:16.590	0.88028	0.88067			6
2025.11.06	00:50:16.931	0.88029				2
2025.11.06	00:50:25.942	0.88028	0.88068			6
2025.11.06	00:50:30.475	0.88029	0.88067			6
2025.11.06	00:50:31.231	0.88028	0.88068			6
2025.11.06	00:50:39.876		0.88067			4
2025.11.06	00:50:46.133		0.88068			4
2025.11.06	00:50:53.081		0.88067			4
2025.11.06	00:50:59.243	0.88029				2
2025.11.06	00:50:59.613	0.88036	0.88066			6
2025.11.06	00:51:00.875	0.88035	0.88068			6
2025.11.06	00:51:01.557	0.88036				2
2025.11.06	00:51:01.898	0.88037	0.88067			6
2025.11.06	00:51:03.598	0.88038				2
2025.11.06	00:51:07.657	0.88037	0.88068			6
2025.11.06	00:51:09.916	0.88038	0.88071			6
2025.11.06	00:51:15.872	0.88037				2
2025.11.06	00:51:17.452	0.88038				2
2025.11.06	00:51:42.681	0.88037				2
2025.11.06	00:52:06.316	0.88036	0.88072			6
2025.11.06	00:52:16.720	0.88039				2
2025.11.06	00:52:18.347	0.88038	0.88073			6
2025.11.06	00:52:18.691	0.88039	0.88072			6
2025.11.06	00:52:19.801	0.88038	0.88073			6
2025.11.06	00:52:21.016	0.88034	0.88072			6
2025.11.06	00:52:23.025	0.88037				2
2025.11.06	00:52:24.454	0.88036	0.88073			6
2025.11.06	00:52:25.889	0.88035				2
2025.11.06	00:52:26.766	0.88036	0.88072			6
2025.11.06	00:52:27.539	0.88037				2
2025.11.06	00:52:28.515	0.88036	0.88073			6
2025.11.06	00:53:02.340	0.88036				2
2025.11.06	00:53:20.342	0.88037	0.88072			6
2025.11.06	00:53:20.925	0.88039	0.88073			6
2025.11.06	00:53:22.924	0.88038				2
2025.11.06	00:53:23.293	0.88036	0.88074			6
2025.11.06	00:53:27.538	0.88037	0.88073			6
2025.11.06	00:53:39.683	0.88036	0.88074			6
2025.11.06	00:53:58.509	0.88037	0.88073			6
2025.11.06	00:54:01.110	0.88037				2
2025.11.06	00:54:30.924	0.88036	0.88074			6
2025.11.06	00:54:56.183	0.88037	0.88073			6
2025.11.06	00:55:00.759	0.88037				2
2025.11.06	00:55:01.827	0.88036	0.88074			6
2025.11.06	00:55:03.841	0.88035	0.88075			6
2025.11.06	00:55:19.579	0.88036	0.88074			6
2025.11.06	00:55:31.409	0.88037				2
2025.11.06	00:55:37.277	0.88036				2
2025.11.06	00:55:50.182	0.88059	0.88086			6
2025.11.06	00:55:52.117	0.88062	0.88085			6
2025.11.06	00:55:59.389	0.88063				2
2025.11.06	00:56:00.252	0.88063				2
2025.11.06	00:56:03.754	0.88062				2
2025.11.06	00:56:05.368	0.88046	0.88077			6
2025.11.06	00:56:06.372	0.88040	0.88073			6
2025.11.06	00:56:07.085		0.88074			4
2025.11.06	00:56:07.938	0.88030				2
2025.11.06	00:56:08.681	0.88039				2
2025.11.06	00:56:09.808		0.88075			4
2025.11.06	00:56:15.160	0.88040				2
2025.11.06	00:56:17.829		0.88074			4
2025.11.06	00:56:18.346	0.88041	0.88069			6
2025.11.06	00:56:18.672	0.88043	0.88067			6
2025.11.06	00:56:30.089		0.88068			4
2025.11.06	00:56:32.450		0.88067			4
2025.11.06	00:56:50.780	0.88044	0.88066			6
2025.11.06	00:56:55.372	0.88043	0.88067			6
2025.11.06	00:56:55.880	0.88044	0.88066			6
2025.11.06	00:56:57.029	0.88043	0.88067			6
2025.11.06	00:56:57.589	0.88042	0.88068			6
2025.11.06	00:56:57.927	0.88043	0.88067			6
2025.11.06	00:56:59.421	0.88042	0.88068			6
2025.11.06	00:57:00.380	0.88042				2
2025.11.06	00:57:01.167		0.88069			4
2025.11.06	00:57:02.447		0.88068			4
2025.11.06	00:57:12.793	0.88041	0.88069			6
2025.11.06	00:57:18.381	0.88042	0.88068			6
2025.11.06	00:57:19.279	0.88043	0.88067			6
2025.11.06	00:57:23.480		0.88068			4
2025.11.06	00:57:27.606	0.88042				2
2025.11.06	00:57:33.983	0.88041				2
2025.11.06	00:57:37.748	0.88043	0.88066			6
2025.11.06	00:57:39.714	0.88044	0.88065			6
2025.11.06	00:57:45.263	0.88042	0.88067			6
2025.11.06	00:57:45.651	0.88043	0.88066			6
2025.11.06	00:57:53.303	0.88044	0.88065			6
2025.11.06	00:58:01.412	0.88044				2
2025.11.06	00:58:29.269	0.88041	0.88068			6
2025.11.06	00:58:29.594	0.88044	0.88065			6
2025.11.06	00:58:34.500	0.88041	0.88068			6
2025.11.06	00:58:35.017	0.88040	0.88069			6
2025.11.06	00:58:36.743	0.88042	0.88066			6
2025.11.06	00:58:38.522	0.88041	0.88068			6
2025.11.06	00:58:39.270	0.88038	0.88070			6
2025.11.06	00:58:39.689	0.88040	0.88068			6
2025.11.06	00:58:40.688		0.88069			4
2025.11.06	00:58:41.781	0.88039	0.88070			6
2025.11.06	00:58:42.819	0.88040	0.88069			6
2025.11.06	00:58:43.581	0.88039	0.88070			6
2025.11.06	00:58:44.081	0.88040	0.88069			6
2025.11.06	00:58:45.256	0.88043	0.88065			6
2025.11.06	00:58:46.399	0.88041	0.88068			6
2025.11.06	00:58:46.954	0.88042	0.88067			6
2025.11.06	00:58:47.375	0.88041	0.88068			6
2025.11.06	00:58:47.840		0.88067			4
2025.11.06	00:58:48.744		0.88068			4
2025.11.06	00:58:49.755	0.88040	0.88069			6
2025.11.06	00:58:52.480	0.88042	0.88067			6
2025.11.06	00:58:54.488	0.88041	0.88068			6
2025.11.06	00:58:55.982	0.88040	0.88069			6
2025.11.06	00:58:59.107	0.88039	0.88070			6
2025.11.06	00:59:00.097	0.88039				2
2025.11.06	00:59:02.305	0.88040	0.88069			6
2025.11.06	00:59:02.751	0.88039	0.88070			6
2025.11.06	00:59:03.342	0.88040	0.88069			6
2025.11.06	00:59:03.765	0.88039				2
2025.11.06	00:59:04.695		0.88070			4
2025.11.06	00:59:07.189	0.88040	0.88069			6
2025.11.06	00:59:14.988	0.88041	0.88068			6
2025.11.06	00:59:20.308	0.88039	0.88070			6
2025.11.06	00:59:20.671	0.88040	0.88069			6
2025.11.06	00:59:21.761	0.88039	0.88070			6
2025.11.06	00:59:22.137	0.88040	0.88069			6
2025.11.06	00:59:23.917	0.88043	0.88066			6
2025.11.06	00:59:27.080	0.88042	0.88067			6
2025.11.06	00:59:29.716	0.88044	0.88065			6
2025.11.06	00:59:30.750	0.88045	0.88063			6
2025.11.06	00:59:34.771		0.88064			4
2025.11.06	00:59:40.532	0.88042	0.88067			6
2025.11.06	00:59:43.620	0.88041				2
2025.11.06	00:59:46.287	0.88042				2
2025.11.06	00:59:52.219	0.88043	0.88066			6
2025.11.06	00:59:53.215	0.88042	0.88067			6
2025.11.06	00:59:55.670	0.88065	0.88083			6
2025.11.06	00:59:56.254		0.88082			4
2025.11.06	00:59:56.768		0.88083			4
2025.11.06	00:59:57.318		0.88085			4
2025.11.06	00:59:57.793	0.88067	0.88082			6
2025.11.06	00:59:58.259	0.88065				2
2025.11.06	00:59:59.800		0.88091			4
2025.11.06	01:00:00.128	0.88065	0.88089			6
2025.11.06	01:00:00.433	0.88069	0.88087			6
2025.11.06	01:00:00.736	0.88051				2
2025.11.06	01:00:01.055	0.88047				2
2025.11.06	01:00:01.371	0.88069	0.88088			6
2025.11.06	01:00:01.754	0.88070				2
2025.11.06	01:00:02.076	0.88068				2
2025.11.06	01:00:02.380	0.88049	0.88085			6
2025.11.06	01:00:02.688	0.88058	0.88088			6
2025.11.06	01:00:03.003	0.88060				2
2025.11.06	01:00:03.696	0.88047	0.88089			6
2025.11.06	01:00:04.030	0.88040	0.88087			6
2025.11.06	01:00:04.378		0.88089			4
2025.11.06	01:00:04.679	0.88046				2
2025.11.06	01:00:05.330	0.88040	0.88090			6
2025.11.06	01:00:05.636	0.88047				2
2025.11.06	01:00:06.286	0.88040	0.88089			6
2025.11.06	01:00:06.633	0.88046				2
2025.11.06	01:00:07.545	0.88061	0.88087			6
2025.11.06	01:00:10.484	0.88062	0.88086			6
2025.11.06	01:00:10.829	0.88061				2
2025.11.06	01:00:11.137		0.88085			4
2025.11.06	01:00:12.017	0.88055	0.88083			6
2025.11.06	01:00:13.810	0.88057	0.88084			6
2025.11.06	01:00:14.769	0.88060	0.88085			6
2025.11.06	01:00:15.080	0.88058				2
2025.11.06	01:00:15.387	0.88060	0.88084			6
2025.11.06	01:00:16.033	0.88065	0.88083			6
2025.11.06	01:00:17.549	0.88056	0.88084			6
2025.11.06	01:00:17.855	0.88059	0.88082			6
2025.11.06	01:00:18.159	0.88058	0.88081			6
2025.11.06	01:00:18.483		0.88082			4
2025.11.06	01:00:21.072	0.88064	0.88083			6
2025.11.06	01:00:23.019	0.88066	0.88081			6
2025.11.06	01:00:23.364		0.88080			4
2025.11.06	01:00:24.140	0.88067				2
2025.11.06	01:00:24.868		0.88078			4
2025.11.06	01:00:26.089	0.88069	0.88080			6
2025.11.06	01:00:30.096	0.88070				2
2025.11.06	01:00:37.838	0.88068				2
2025.11.06	01:00:40.392	0.88069				2
2025.11.06	01:00:52.849		0.88079			4
2025.11.06	01:00:53.810		0.88080			4
2025.11.06	01:00:55.160	0.88068	0.88081			6
2025.11.06	01:00:55.480		0.88080			4
2025.11.06	01:00:57.422		0.88081			4
2025.11.06	01:00:57.723	0.88067				2
2025.11.06	01:00:58.960		0.88082			4
2025.11.06	01:01:00.097	0.88068	0.88081			6
2025.11.06	01:01:00.401	0.88067	0.88082			6
2025.11.06	01:01:03.816	0.88065	0.88081			6
2025.11.06	01:01:04.687	0.88067				2
2025.11.06	01:01:05.294	0.88066				2
2025.11.06	01:01:05.664	0.88065	0.88080			6
2025.11.06	01:01:07.725		0.88078			4
2025.11.06	01:01:09.242	0.88066	0.88081			6
2025.11.06	01:01:09.564		0.88079			4
2025.11.06	01:01:10.011		0.88081			4
2025.11.06	01:01:10.560	0.88065	0.88082			6
2025.11.06	01:01:10.965		0.88081			4
2025.11.06	01:01:13.111	0.88067	0.88082			6
2025.11.06	01:01:13.864	0.88068				2
2025.11.06	01:01:15.383	0.88071	0.88079			6
2025.11.06	01:01:16.857	0.88070				2
2025.11.06	01:01:19.580	0.88069	0.88082			6
2025.11.06	01:01:19.885	0.88070				2
2025.11.06	01:01:22.208	0.88074				2
2025.11.06	01:01:22.569	0.88073				2
2025.11.06	01:01:22.908		0.88081			4
2025.11.06	01:01:24.088	0.88070				2
2025.11.06	01:01:37.224	0.88069				2
2025.11.06	01:01:38.632		0.88082			4
2025.11.06	01:01:41.216	0.88070				2
2025.11.06	01:01:42.354	0.88069				2
2025.11.06	01:01:47.150	0.88073				2
2025.11.06	01:01:48.403	0.88069				2
2025.11.06	01:01:50.685		0.88079			4
2025.11.06	01:01:51.095		0.88080			4
2025.11.06	01:01:51.441	0.88062				2
2025.11.06	01:01:51.747		0.88079			4
2025.11.06	01:01:52.497	0.88067				2
2025.11.06	01:01:55.737		0.88078			4
2025.11.06	01:01:56.479	0.88068				2
2025.11.06	01:01:57.512	0.88067				2
2025.11.06	01:01:58.780	0.88066				2
2025.11.06	01:02:00.117	0.88062	0.88074			6
2025.11.06	01:02:02.490	0.88063				2
2025.11.06	01:02:03.802	0.88064				2
2025.11.06	01:02:05.178	0.88063				2
2025.11.06	01:02:05.750	0.88061				2
2025.11.06	01:02:06.062	0.88062	0.88076			6
2025.11.06	01:02:07.294	0.88063	0.88078			6
2025.11.06	01:02:07.625	0.88064				2
2025.11.06	01:02:07.941	0.88066	0.88079			6
2025.11.06	01:02:10.668	0.88067				2
2025.11.06	01:02:12.784		0.88080			4
2025.11.06	01:02:14.485		0.88081			4
2025.11.06	01:02:16.309	0.88069				2
2025.11.06	01:02:16.875	0.88068				2
2025.11.06	01:02:17.375	0.88069				2
2025.11.06	01:02:18.020	0.88072	0.88084			6
2025.11.06	01:02:18.327	0.88073	0.88083			6
2025.11.06	01:02:18.742	0.88072				2
2025.11.06	01:02:19.085	0.88073				2
2025.11.06	01:02:24.700	0.88072	0.88082			6
2025.11.06	01:02:25.126		0.88083			4
2025.11.06	01:02:25.989	0.88070	0.88101			6
2025.11.06	01:02:26.641	0.88071				2
2025.11.06	01:02:26.944	0.88070				2
2025.11.06	01:02:27.598	0.88069				2
2025.11.06	01:02:27.947	0.88070				2
2025.11.06	01:02:28.249	0.88069				2
2025.11.06	01:02:29.550	0.88072	0.88082			6
2025.11.06	01:02:30.025		0.88081			4
2025.11.06	01:02:31.875		0.88079			4
2025.11.06	01:02:35.618		0.88082			4
2025.11.06	01:02:39.287		0.88079			4
2025.11.06	01:02:48.039		0.88081			4
2025.11.06	01:02:53.663		0.88079			4
2025.11.06	01:02:58.188		0.88081			4
2025.11.06	01:03:00.334	0.88074	0.88082			6
2025.11.06	01:03:01.724	0.88068	0.88081			6
2025.11.06	01:03:03.181	0.88075	0.88082			6
2025.11.06	01:03:03.492		0.88085			4
2025.11.06	01:03:06.428		0.88086			4
2025.11.06	01:03:08.520	0.88079				2
2025.11.06	01:03:08.940		0.88089			4
2025.11.06	01:03:12.373		0.88090			4
2025.11.06	01:03:12.679	0.88080				2
2025.11.06	01:03:15.383	0.88078	0.88087			6
2025.11.06	01:03:18.488	0.88079				2
2025.11.06	01:03:19.616	0.88077	0.88086			6
2025.11.06	01:03:20.739		0.88085			4
2025.11.06	01:03:22.384		0.88086			4
2025.11.06	01:03:22.869	0.88076	0.88085			6
2025.11.06	01:03:23.422	0.88077				2
2025.11.06	01:03:28.760	0.88078				2
2025.11.06	01:03:32.554	0.88077				2
2025.11.06	01:03:33.474	0.88078				2
2025.11.06	01:03:34.454	0.88077				2
2025.11.06	01:03:38.248	0.88078				2
2025.11.06	01:03:39.449	0.88077				2
2025.11.06	01:03:39.750		0.88086			4
2025.11.06	01:03:56.780	0.88078				2
2025.11.06	01:03:59.799	0.88077				2
2025.11.06	01:04:01.603	0.88077				2
2025.11.06	01:04:09.183	0.88078				2
2025.11.06	01:04:27.541		0.88085			4
2025.11.06	01:04:33.822		0.88080			4
2025.11.06	01:04:34.138	0.88080	0.88083			6
2025.11.06	01:04:34.760	0.88076	0.88079			6
2025.11.06	01:04:35.064	0.88075	0.88078			6
2025.11.06	01:04:35.366	0.88074				2
2025.11.06	01:04:35.997	0.88076	0.88080			6
2025.11.06	01:04:37.603	0.88073	0.88081			6
2025.11.06	01:04:39.981	0.88074				2
2025.11.06	01:04:44.726	0.88076	0.88082			6
2025.11.06	01:05:00.378	0.88074				2
2025.11.06	01:05:01.907		0.88080			4
2025.11.06	01:05:05.252	0.88076	0.88082			6
2025.11.06	01:05:09.527	0.88075				2
2025.11.06	01:05:10.957	0.88074	0.88080			6
2025.11.06	01:05:11.259	0.88075				2
2025.11.06	01:05:12.442		0.88081			4
2025.11.06	01:05:13.280	0.88074				2
2025.11.06	01:05:15.926		0.88080			4
2025.11.06	01:05:21.944		0.88081			4
2025.11.06	01:05:22.546		0.88079			4
2025.11.06	01:05:28.976		0.88078			4
2025.11.06	01:05:30.995		0.88079			4
2025.11.06	01:05:31.581	0.88075				2
2025.11.06	01:05:32.632		0.88078			4
2025.11.06	01:05:35.481		0.88079			4
2025.11.06	01:05:45.165		0.88078			4
2025.11.06	01:05:45.631		0.88079			4
2025.11.06	01:05:53.864	0.88066	0.88074			6
2025.11.06	01:05:54.204	0.88068	0.88073			6
2025.11.06	01:05:56.780	0.88069				2
2025.11.06	01:06:00.319	0.88069				2
2025.11.06	01:06:04.771	0.88073	0.88076			6
2025.11.06	01:06:05.082	0.88074				2
2025.11.06	01:06:40.297	0.88077	0.88078			6
2025.11.06	01:06:41.886		0.88079			4
2025.11.06	01:06:42.981	0.88076				2
2025.11.06	01:06:55.622		0.88081			4
2025.11.06	01:06:57.680	0.88075				2
2025.11.06	01:06:58.334	0.88076	0.88080			6
2025.11.06	01:07:01.690	0.88076				2
2025.11.06	01:07:06.381		0.88081			4
2025.11.06	01:07:17.204	0.88075				2
2025.11.06	01:07:17.549	0.88076				2
2025.11.06	01:07:19.368		0.88082			4
2025.11.06	01:07:28.727	0.88079	0.88086			6
2025.11.06	01:07:31.175	0.88083	0.88090			6
2025.11.06	01:07:31.481	0.88089	0.88093			6
2025.11.06	01:07:31.812	0.88086	0.88092			6
2025.11.06	01:07:32.146		0.88091			4
2025.11.06	01:07:35.243	0.88085	0.88090			6
2025.11.06	01:07:36.350	0.88084	0.88091			6
2025.11.06	01:07:37.566		0.88092			4
2025.11.06	01:07:38.174	0.88085	0.88090			6
2025.11.06	01:07:38.482	0.88084	0.88089			6
2025.11.06	01:07:41.747	0.88085	0.88091			6
2025.11.06	01:07:42.116	0.88082	0.88087			6
2025.11.06	01:07:43.880		0.88086			4
2025.11.06	01:07:48.155	0.88079	0.88085			6
2025.11.06	01:07:52.331	0.88080	0.88084			6
2025.11.06	01:07:53.379	0.88079	0.88085			6
2025.11.06	01:08:04.567	0.88079				2
2025.11.06	01:08:40.791	0.88073	0.88079			6
2025.11.06	01:08:42.982	0.88074				2
2025.11.06	01:08:44.564	0.88078	0.88084			6
2025.11.06	01:08:45.570	0.88079				2
2025.11.06	01:08:55.282		0.88085			4
2025.11.06	01:09:00.078	0.88079				2
2025.11.06	01:09:18.326	0.88080	0.88084			6
2025.11.06	01:09:19.124	0.88079				2
2025.11.06	01:09:19.798		0.88085			4
2025.11.06	01:09:30.352	0.88080	0.88084			6
2025.11.06	01:09:36.358	0.88079				2
2025.11.06	01:09:42.379	0.88078	0.88082			6
2025.11.06	01:09:42.735	0.88075				2
2025.11.06	01:09:51.607	0.88077				2
2025.11.06	01:10:00.379	0.88077				2
2025.11.06	01:10:13.291	0.88081	0.88087			6
2025.11.06	01:10:13.767		0.88085			4
2025.11.06	01:10:19.460		0.88086			4
2025.11.06	01:10:20.271	0.88080	0.88085			6
2025.11.06	01:10:24.482	0.88081				2
2025.11.06	01:10:27.088	0.88080				2
2025.11.06	01:10:27.409	0.88081	0.88082			6
2025.11.06	01:10:38.324		0.88085			4
2025.11.06	01:10:39.121	0.88080	0.88086			6
2025.11.06	01:10:45.688	0.88082				2
2025.11.06	01:10:48.312	0.88079	0.88085			6
2025.11.06	01:10:48.632	0.88078				2
2025.11.06	01:10:50.688	0.88079				2
2025.11.06	01:10:51.147	0.88081				2
2025.11.06	01:10:52.482	0.88080				2
2025.11.06	01:11:00.816	0.88081				2
2025.11.06	01:11:05.125	0.88078				2
2025.11.06	01:11:07.657	0.88079				2
2025.11.06	01:11:08.089	0.88078	0.88086			6
2025.11.06	01:11:09.112	0.88079	0.88085			6
2025.11.06	01:11:12.382	0.88078				2
2025.11.06	01:11:23.748	0.88079				2
2025.11.06	01:11:30.331	0.88077	0.88082			6
2025.11.06	01:11:37.485	0.88076				2
2025.11.06	01:11:39.797	0.88079	0.88083			6
2025.11.06	01:11:57.606		0.88082			4
2025.11.06	01:12:00.679	0.88079				2
2025.11.06	01:12:02.642	0.88078				2
2025.11.06	01:12:45.644	0.88077				2
2025.11.06	01:12:47.698	0.88078	0.88081			6
2025.11.06	01:12:48.631		0.88082			4
2025.11.06	01:13:00.750	0.88078				2
2025.11.06	01:13:15.943	0.88079	0.88084			6
2025.11.06	01:13:17.039	0.88073	0.88078			6
2025.11.06	01:13:22.847	0.88077	0.88083			6
2025.11.06	01:13:23.740	0.88078				2
2025.11.06	01:13:26.115	0.88077				2
2025.11.06	01:13:31.879	0.88078				2
2025.11.06	01:13:38.640	0.88077	0.88082			6
2025.11.06	01:13:41.182	0.88076				2
2025.11.06	01:13:45.328		0.88081			4
2025.11.06	01:14:00.080	0.88077				2
2025.11.06	01:14:03.267	0.88076				2
2025.11.06	01:14:09.291	0.88077				2
2025.11.06	01:14:12.859	0.88078				2
2025.11.06	01:14:18.662	0.88077				2
2025.11.06	01:14:22.882	0.88076				2
2025.11.06	01:14:26.554	0.88074	0.88078			6
2025.11.06	01:14:27.880		0.88079			4
2025.11.06	01:14:32.588	0.88075				2
2025.11.06	01:14:38.271	0.88077				2
2025.11.06	01:14:50.825		0.88080			4
2025.11.06	01:14:53.493		0.88081			4
2025.11.06	01:14:55.659		0.88080			4
2025.11.06	01:15:00.311	0.88076				2
2025.11.06	01:15:10.593		0.88079			4
2025.11.06	01:15:21.821	0.88077	0.88080			6
2025.11.06	01:15:23.060		0.88081			4
2025.11.06	01:15:28.984		0.88080			4
2025.11.06	01:15:31.853	0.88076				2
2025.11.06	01:15:38.528	0.88077				2
2025.11.06	01:15:41.082	0.88076	0.88081			6
2025.11.06	01:15:42.980	0.88077				2
2025.11.06	01:15:47.129	0.88076	0.88082			6
2025.11.06	01:15:47.449		0.88080			4
2025.11.06	01:15:47.766		0.88082			4
2025.11.06	01:15:50.180	0.88077				2
2025.11.06	01:15:53.460		0.88081			4
2025.11.06	01:15:54.537		0.88082			4
2025.11.06	01:16:00.731	0.88077				2
2025.11.06	01:16:01.280		0.88081			4
2025.11.06	01:16:02.268		0.88082			4
2025.11.06	01:16:03.353		0.88081			4
2025.11.06	01:16:06.432		0.88082			4
2025.11.06	01:16:12.933	0.88078	0.88080			6
2025.11.06	01:16:16.880		0.88081			4
2025.11.06	01:16:18.948		0.88082			4
2025.11.06	01:16:20.317	0.88079				2
2025.11.06	01:16:23.526	0.88076				2
2025.11.06	01:16:35.575	0.88077				2
2025.11.06	01:16:35.959		0.88081			4
2025.11.06	01:16:41.662	0.88076				2
2025.11.06	01:17:00.759	0.88076				2
2025.11.06	01:17:25.683	0.88077				2
2025.11.06	01:17:29.620	0.88076	0.88082			6
2025.11.06	01:17:33.682	0.88075	0.88083			6
2025.11.06	01:17:34.803		0.88082			4
2025.11.06	01:17:45.818	0.88076				2
2025.11.06	01:18:00.252	0.88077	0.88084			6
2025.11.06	01:18:01.615		0.88082			4
2025.11.06	01:18:03.427	0.88078	0.88083			6
2025.11.06	01:18:04.276	0.88077				2
2025.11.06	01:18:09.434		0.88082			4
2025.11.06	01:18:15.379	0.88078				2
2025.11.06	01:18:20.329		0.88083			4
2025.11.06	01:18:24.603	0.88077				2
2025.11.06	01:18:26.816		0.88082			4
2025.11.06	01:18:33.682	0.88078	0.88083			6
2025.11.06	01:18:35.412	0.88077				2
2025.11.06	01:18:40.315		0.88082			4
2025.11.06	01:18:49.260		0.88083			4
2025.11.06	01:18:54.981	0.88078				2
2025.11.06	01:19:00.373	0.88078				2
2025.11.06	01:19:01.428		0.88082			4
2025.11.06	01:19:03.201		0.88081			4
2025.11.06	01:19:06.681		0.88082			4
2025.11.06	01:19:07.650	0.88077				2
2025.11.06	01:19:08.289	0.88078				2
2025.11.06	01:19:08.804		0.88083			4
2025.11.06	01:19:09.108		0.88082			4
2025.11.06	01:19:10.456	0.88074	0.88079			6
2025.11.06	01:19:21.424	0.88075				2
2025.11.06	01:19:54.605		0.88077			4
2025.11.06	01:19:58.557	0.88076	0.88080			6
2025.11.06	01:20:01.777	0.88075				2
2025.11.06	01:20:05.261	0.88076	0.88081			6
2025.11.06	01:20:05.969	0.88074	0.88079			6
2025.11.06	01:20:06.276	0.88075				2
2025.11.06	01:20:07.013		0.88080			4
2025.11.06	01:20:46.391		0.88079			4
2025.11.06	01:21:01.579	0.88075				2
2025.11.06	01:21:08.604		0.88080			4
2025.11.06	01:21:19.635		0.88079			4
2025.11.06	01:21:20.418		0.88078			4
2025.11.06	01:21:42.678	0.88076				2
2025.11.06	01:21:53.370		0.88077			4
2025.11.06	01:22:00.982	0.88076				2
2025.11.06	01:22:07.128	0.88075				2
2025.11.06	01:22:14.054	0.88077	0.88078			6
2025.11.06	01:22:18.657		0.88079			4
2025.11.06	01:22:25.311	0.88078				2
2025.11.06	01:22:41.994		0.88080			4
2025.11.06	01:22:50.473		0.88079			4
2025.11.06	01:22:52.817		0.88080			4
2025.11.06	01:22:56.319		0.88079			4
2025.11.06	01:23:00.261	0.88078				2
2025.11.06	01:23:02.575		0.88080			4
2025.11.06	01:23:03.071		0.88079			4
2025.11.06	01:23:13.160		0.88080			4
2025.11.06	01:23:14.104		0.88079			4
2025.11.06	01:23:16.371		0.88080			4
2025.11.06	01:23:44.265		0.88079			4
2025.11.06	01:23:47.070		0.88080			4
2025.11.06	01:24:03.022	0.88078				2
2025.11.06	01:24:03.324	0.88079	0.88081			6
2025.11.06	01:24:09.315	0.88078	0.88080			6
2025.11.06	01:24:15.507		0.88079			4
2025.11.06	01:24:29.799		0.88080			4
2025.11.06	01:24:36.183		0.88079			4
2025.11.06	01:24:39.380	0.88077				2
2025.11.06	01:24:40.643	0.88078				2
2025.11.06	01:24:49.188	0.88075	0.88078			6
2025.11.06	01:24:50.638		0.88077			4
2025.11.06	01:25:00.156	0.88075	0.88078			6
2025.11.06	01:25:01.690	0.88076	0.88079			6
2025.11.06	01:25:29.901	0.88078	0.88080			6
2025.11.06	01:25:36.066		0.88081			4
2025.11.06	01:25:44.885		0.88080			4
2025.11.06	01:26:01.676	0.88078				2
2025.11.06	01:26:06.170		0.88081			4
2025.11.06	01:27:03.916	0.88078				2
2025.11.06	01:27:05.178	0.88074	0.88077			6
2025.11.06	01:27:22.111	0.88073	0.88076			6
2025.11.06	01:27:23.469		0.88077			4
2025.11.06	01:28:00.276	0.88073				2
2025.11.06	01:28:12.071	0.88072				2
2025.11.06	01:28:29.026		0.88077			4
2025.11.06	01:28:58.154		0.88076			4
2025.11.06	01:29:00.347	0.88072				2
2025.11.06	01:29:04.582		0.88077			4
2025.11.06	01:29:09.196	0.88073				2
2025.11.06	01:29:18.079	0.88072				2
2025.11.06	01:29:24.209	0.88073				2
2025.11.06	01:29:35.180	0.88072				2
2025.11.06	01:29:55.991	0.88073				2
2025.11.06	01:29:56.994		0.88078			4
2025.11.06	01:30:00.368	0.88073				2
2025.11.06	01:30:00.727		0.88079			4
2025.11.06	01:30:01.051	0.88074	0.88078			6
2025.11.06	01:30:01.429		0.88079			4
2025.11.06	01:30:01.741		0.88078			4
2025.11.06	01:30:03.243	0.88076	0.88081			6
2025.11.06	01:30:04.573	0.88069	0.88074			6
2025.11.06	01:30:05.530	0.88068	0.88073			6
2025.11.06	01:30:06.893	0.88069				2
2025.11.06	01:30:13.307	0.88070	0.88074			6
2025.11.06	01:30:15.380		0.88073			4
2025.11.06	01:30:25.161		0.88074			4
2025.11.06	01:30:50.795		0.88073			4
2025.11.06	01:30:53.378		0.88074			4
2025.11.06	01:30:59.197	0.88069				2
2025.11.06	01:31:00.476	0.88069				2
2025.11.06	01:31:06.555	0.88070				2
2025.11.06	01:31:06.866	0.88069	0.88073			6
2025.11.06	01:31:10.037		0.88071			4
2025.11.06	01:31:10.840	0.88068				2
2025.11.06	01:31:18.204	0.88067	0.88070			6
2025.11.06	01:31:18.516	0.88066				2
2025.11.06	01:31:20.655	0.88065	0.88069			6
2025.11.06	01:31:21.248		0.88070			4
2025.11.06	01:31:21.726	0.88064	0.88069			6
2025.11.06	01:31:24.100	0.88065	0.88070			6
2025.11.06	01:31:24.495	0.88064				2
2025.11.06	01:31:26.351		0.88069			4
2025.11.06	01:31:30.198	0.88063				2
2025.11.06	01:31:33.389		0.88066			4
2025.11.06	01:31:33.915	0.88062				2
2025.11.06	01:31:35.323		0.88067			4
2025.11.06	01:31:36.247		0.88066			4
2025.11.06	01:31:36.551	0.88063				2
2025.11.06	01:31:40.810	0.88064	0.88067			6
2025.11.06	01:31:50.707		0.88068			4
2025.11.06	01:31:51.016		0.88066			4
2025.11.06	01:31:51.319		0.88068			4
2025.11.06	01:31:55.036	0.88063	0.88067			6
2025.11.06	01:31:56.460		0.88068			4
2025.11.06	01:31:57.492	0.88064				2
2025.11.06	01:32:00.346	0.88064				2
2025.11.06	01:32:04.118	0.88063				2
2025.11.06	01:32:48.195	0.88064				2
2025.11.06	01:32:51.847	0.88065	0.88069			6
2025.11.06	01:32:54.420		0.88068			4
2025.11.06	01:32:59.714	0.88064				2
2025.11.06	01:33:00.473	0.88064				2
2025.11.06	01:33:13.390	0.88066	0.88069			6
2025.11.06	01:33:14.472	0.88065	0.88068			6
2025.11.06	01:33:37.854	0.88064	0.88067			6
2025.11.06	01:33:49.699	0.88067	0.88070			6
2025.11.06	01:33:50.805	0.88068	0.88071			6
2025.11.06	01:33:51.862	0.88067	0.88072			6
2025.11.06	01:33:54.487	0.88068				2
2025.11.06	01:34:00.317	0.88068				2
2025.11.06	01:34:19.434		0.88071			4
2025.11.06	01:34:28.599	0.88067				2
2025.11.06	01:34:29.307	0.88068	0.88072			6
2025.11.06	01:34:32.339		0.88071			4
2025.11.06	01:35:01.969	0.88068				2
2025.11.06	01:35:32.339		0.88071			4
2025.11.06	01:36:01.933	0.88068				2
2025.11.06	01:36:13.516		0.88072			4
2025.11.06	01:36:33.075	0.88067	0.88070			6
2025.11.06	01:36:36.785	0.88065	0.88069			6
2025.11.06	01:36:40.486	0.88064	0.88068			6
2025.11.06	01:36:49.339	0.88065	0.88069			6
2025.11.06	01:37:00.982	0.88065				2
2025.11.06	01:37:12.306	0.88066				2
2025.11.06	01:37:21.278	0.88065				2
2025.11.06	01:37:27.496	0.88066				2
2025.11.06	01:37:57.446		0.88069			4
2025.11.06	01:38:00.954	0.88066				2
2025.11.06	01:38:05.180		0.88070			4
2025.11.06	01:38:07.912		0.88069			4
2025.11.06	01:38:09.886	0.88067	0.88070			6
2025.11.06	01:38:10.236	0.88068	0.88071			6
2025.11.06	01:38:14.309		0.88072			4
2025.11.06	01:38:27.582	0.88069				2
2025.11.06	01:38:51.444	0.88067	0.88071			6
2025.11.06	01:38:51.791	0.88066	0.88070			6
2025.11.06	01:39:02.910	0.88066				2
2025.11.06	01:39:52.309		0.88070			4
2025.11.06	01:40:00.602	0.88066				2
2025.11.06	01:40:11.046	0.88067				2
2025.11.06	01:40:41.861	0.88068	0.88071			6
2025.11.06	01:40:55.542		0.88070			4
2025.11.06	01:40:59.653	0.88067	0.88069			6
2025.11.06	01:41:04.521	0.88067				2
2025.11.06	01:41:10.637		0.88070			4
2025.11.06	01:41:19.737		0.88068			4
2025.11.06	01:41:20.291		0.88070			4
2025.11.06	01:41:25.282		0.88069			4
2025.11.06	01:41:26.110		0.88070			4
2025.11.06	01:41:37.379	0.88068				2
2025.11.06	01:42:01.268	0.88068				2
2025.11.06	01:42:04.380		0.88071			4
2025.11.06	01:42:09.534		0.88070			4
2025.11.06	01:42:22.477	0.88065	0.88068			6
2025.11.06	01:42:32.622	0.88066	0.88067			6
2025.11.06	01:42:50.481	0.88065				2
2025.11.06	01:43:06.080	0.88065	0.88068			6
2025.11.06	01:43:16.984	0.88066	0.88067			6
2025.11.06	01:43:19.395	0.88065	0.88068			6
2025.11.06	01:43:21.991		0.88067			4
2025.11.06	01:43:23.328		0.88068			4
2025.11.06	01:43:41.328	0.88062	0.88065			6
2025.11.06	01:43:42.942	0.88063				2
2025.11.06	01:44:01.296	0.88063				2
2025.11.06	01:44:10.865		0.88066			4
2025.11.06	01:44:11.797		0.88065			4
2025.11.06	01:44:16.059	0.88064	0.88067			6
2025.11.06	01:44:26.784	0.88065				2
2025.11.06	01:44:31.389		0.88068			4
2025.11.06	01:44:39.114	0.88064	0.88066			6
2025.11.06	01:44:45.183		0.88067			4
2025.11.06	01:44:51.583	0.88065	0.88068			6
2025.11.06	01:44:55.308	0.88066				2
2025.11.06	01:45:00.389	0.88066				2
2025.11.06	01:45:01.383	0.88065				2
2025.11.06	01:45:30.411	0.88064				2
2025.11.06	01:45:42.156		0.88066			4
2025.11.06	01:45:42.548		0.88068			4
2025.11.06	01:45:57.392	0.88063	0.88067			6
2025.11.06	01:46:00.561	0.88064				2
2025.11.06	01:46:01.801		0.88068			4
2025.11.06	01:46:07.701	0.88063	0.88067			6
2025.11.06	01:46:09.160		0.88066			4
2025.11.06	01:46:35.939		0.88067			4
2025.11.06	01:46:39.763		0.88066			4
2025.11.06	01:46:40.081		0.88065			4
2025.11.06	01:46:47.929		0.88066			4
2025.11.06	01:47:01.833	0.88063				2
2025.11.06	01:47:05.792	0.88065	0.88069			6
2025.11.06	01:47:06.346	0.88066				2
2025.11.06	01:47:19.672	0.88065				2
2025.11.06	01:47:21.204	0.88064				2
2025.11.06	01:47:25.461	0.88065				2
2025.11.06	01:47:28.655	0.88064				2
2025.11.06	01:47:34.672	0.88065				2
2025.11.06	01:48:02.671	0.88065				2
2025.11.06	01:48:05.912		0.88069			4
2025.11.06	01:48:06.443	0.88066				2
2025.11.06	01:48:09.680		0.88070			4
2025.11.06	01:48:14.582	0.88065				2
2025.11.06	01:48:36.365		0.88069			4
2025.11.06	01:49:00.681	0.88065				2
2025.11.06	01:49:01.211		0.88070			4
2025.11.06	01:49:16.835	0.88067				2
2025.11.06	01:49:25.268	0.88068				2
2025.11.06	01:49:37.363		0.88071			4
2025.11.06	01:49:45.357	0.88069	0.88072			6
2025.11.06	01:49:47.139		0.88071			4
2025.11.06	01:49:47.504	0.88071	0.88072			6
2025.11.06	01:49:48.799		0.88074			4
2025.11.06	01:49:53.669		0.88073			4
2025.11.06	01:49:55.397	0.88072				2
2025.11.06	01:50:00.605	0.88072				2
2025.11.06	01:50:03.461	0.88071				2
2025.11.06	01:50:08.407	0.88073	0.88075			6
2025.11.06	01:50:09.590		0.88074			4
2025.11.06	01:50:10.619		0.88075			4
2025.11.06	01:50:11.241		0.88074			4
2025.11.06	01:50:11.565		0.88075			4
2025.11.06	01:50:12.566		0.88074			4
2025.11.06	01:50:13.602	0.88074	0.88075			6
2025.11.06	01:50:17.330	0.88076	0.88078			6
2025.11.06	01:50:35.952		0.88077			4
2025.11.06	01:50:37.084		0.88078			4
2025.11.06	01:51:01.184	0.88074	0.88075			6
2025.11.06	01:51:37.309	0.88076	0.88079			6
2025.11.06	01:51:53.482		0.88078			4
2025.11.06	01:51:54.199		0.88079			4
2025.11.06	01:52:05.781	0.88076	0.88078			6
2025.11.06	01:52:47.266		0.88079			4
2025.11.06	01:53:00.788	0.88076				2
2025.11.06	01:53:09.281	0.88075	0.88076			6
2025.11.06	01:53:10.381	0.88074	0.88075			6
2025.11.06	01:53:13.095		0.88077			4
2025.11.06	01:53:16.616	0.88078	0.88080			6
2025.11.06	01:53:17.632	0.88079				2
2025.11.06	01:53:21.982	0.88080	0.88081			6
2025.11.06	01:53:23.044	0.88079	0.88080			6
2025.11.06	01:53:23.616		0.88081			4
2025.11.06	01:53:24.038		0.88080			4
2025.11.06	01:53:25.133	0.88078	0.88081			6
2025.11.06	01:53:39.731		0.88080			4
2025.11.06	01:53:50.506	0.88077	0.88079			6
2025.11.06	01:53:59.012		0.88080			4
2025.11.06	01:54:00.732	0.88077				2
2025.11.06	01:54:06.897		0.88079			4
2025.11.06	01:54:07.270		0.88080			4
2025.11.06	01:54:14.540		0.88079			4
2025.11.06	01:54:28.069	0.88076				2
2025.11.06	01:54:29.955	0.88077				2
2025.11.06	01:54:53.747		0.88080			4
2025.11.06	01:54:54.622		0.88079			4
2025.11.06	01:55:00.528	0.88077				2
2025.11.06	01:55:39.681	0.88076				2
2025.11.06	01:55:41.454	0.88077	0.88080			6
2025.11.06	01:55:41.942	0.88076	0.88079			6
2025.11.06	01:55:45.573	0.88077				2
2025.11.06	01:55:50.355	0.88079	0.88081			6
2025.11.06	01:55:50.783	0.88077	0.88079			6
2025.11.06	01:56:00.241	0.88077				2
2025.11.06	01:56:06.415	0.88076				2
2025.11.06	01:56:18.430	0.88077	0.88080			6
2025.11.06	01:56:26.351		0.88081			4
2025.11.06	01:56:29.800	0.88078				2
2025.11.06	01:56:54.981		0.88082			4
2025.11.06	01:57:00.529	0.88078				2
2025.11.06	01:57:07.047	0.88081	0.88085			6
2025.11.06	01:57:12.796	0.88082				2
2025.11.06	01:57:24.945	0.88081	0.88086			6
2025.11.06	01:57:31.328	0.88082				2
2025.11.06	01:57:36.983	0.88081	0.88084			6
2025.11.06	01:57:40.139		0.88085			4
2025.11.06	01:57:45.487	0.88080	0.88083			6
2025.11.06	01:57:49.026		0.88084			4
2025.11.06	01:57:55.606		0.88083			4
2025.11.06	01:58:01.457	0.88080				2
2025.11.06	01:58:20.758		0.88082			4
2025.11.06	01:58:37.205	0.88079	0.88081			6
2025.11.06	01:58:37.543	0.88078				2
2025.11.06	01:58:50.240	0.88079				2
2025.11.06	01:58:55.969	0.88077	0.88078			6
2025.11.06	01:58:56.293	0.88076				2
2025.11.06	01:59:00.083	0.88076				2
2025.11.06	01:59:01.376		0.88080			4
2025.11.06	01:59:02.393		0.88079			4
2025.11.06	01:59:13.526		0.88080			4
2025.11.06	01:59:14.293	0.88077				2
2025.11.06	01:59:16.667	0.88078	0.88081			6
2025.11.06	01:59:20.321		0.88082			4
2025.11.06	01:59:24.410	0.88077	0.88079			6
2025.11.06	01:59:25.337	0.88076				2
2025.11.06	01:59:41.729	0.88073	0.88076			6
2025.11.06	01:59:50.561	0.88075	0.88077			6
2025.11.06	01:59:53.162	0.88076				2
2025.11.06	02:00:00.328	0.88075				2
2025.11.06	02:00:07.998	0.88077	0.88078			6
2025.11.06	02:00:08.310	0.88073	0.88074			6
2025.11.06	02:00:08.763	0.88072	0.88073			6
2025.11.06	02:00:33.923	0.88071				2
2025.11.06	02:00:34.246	0.88069	0.88071			6
2025.11.06	02:00:34.593		0.88070			4
2025.11.06	02:00:36.469	0.88070	0.88071			6
2025.11.06	02:00:37.630	0.88071	0.88072			6
2025.11.06	02:00:39.101	0.88070	0.88071			6
2025.11.06	02:00:40.944	0.88071	0.88072			6
2025.11.06	02:00:45.364	0.88068	0.88069			6
2025.11.06	02:00:47.716	0.88067				2
2025.11.06	02:00:48.436		0.88068			4
2025.11.06	02:00:48.961	0.88068	0.88070			6
2025.11.06	02:00:49.598		0.88069			4
2025.11.06	02:00:49.900	0.88067				2
2025.11.06	02:00:50.893		0.88070			4
2025.11.06	02:00:55.574	0.88069				2
2025.11.06	02:01:01.127	0.88069				2
2025.11.06	02:01:39.497		0.88071			4
2025.11.06	02:01:40.180	0.88071	0.88072			6
2025.11.06	02:01:42.091	0.88070	0.88071			6
2025.11.06	02:02:01.509	0.88070				2
2025.11.06	02:02:07.936	0.88068	0.88069			6
2025.11.06	02:02:08.482	0.88067	0.88068			6
2025.11.06	02:02:17.353	0.88066	0.88069			6
2025.11.06	02:02:18.238		0.88068			4
2025.11.06	02:02:19.704		0.88069			4
2025.11.06	02:02:21.572	0.88067				2
2025.11.06	02:02:24.196	0.88068	0.88070			6
2025.11.06	02:02:27.677	0.88070	0.88071			6
2025.11.06	02:02:31.465	0.88069	0.88070			6
2025.11.06	02:02:32.811		0.88071			4
2025.11.06	02:02:34.091		0.88070			4
2025.11.06	02:02:50.758	0.88068	0.88069			6
2025.11.06	02:03:00.409	0.88068				2
2025.11.06	02:03:06.618	0.88069	0.88070			6
2025.11.06	02:03:06.925	0.88070	0.88071			6
2025.11.06	02:03:21.391	0.88068	0.88069			6
2025.11.06	02:03:49.283	0.88069	0.88070			6
2025.11.06	02:04:00.389	0.88069				2
2025.11.06	02:04:11.525	0.88070	0.88071			6
2025.11.06	02:04:17.710	0.88069	0.88070			6
2025.11.06	02:04:18.048	0.88070	0.88071			6
2025.11.06	02:04:21.277	0.88069	0.88070			6
2025.11.06	02:04:22.056	0.88067	0.88068			6
2025.11.06	02:04:24.391	0.88066	0.88067			6
2025.11.06	02:04:30.531	0.88068	0.88069			6
2025.11.06	02:04:32.094	0.88065	0.88067			6
2025.11.06	02:04:32.897	0.88066				2
2025.11.06	02:04:34.012	0.88065	0.88066			6
2025.11.06	02:04:45.389	0.88064	0.88065			6
2025.11.06	02:05:00.448	0.88064				2
2025.11.06	02:05:12.612		0.88066			4
2025.11.06	02:05:13.263	0.88068	0.88069			6
2025.11.06	02:05:13.921	0.88067	0.88068			6
2025.11.06	02:05:16.071	0.88068	0.88069			6
2025.11.06	02:05:17.071	0.88067	0.88068			6
2025.11.06	02:05:24.473	0.88069	0.88070			6
2025.11.06	02:05:25.498	0.88070	0.88071			6
2025.11.06	02:05:44.521	0.88071	0.88072			6
2025.11.06	02:05:44.823	0.88072	0.88073			6
2025.11.06	02:05:45.314	0.88071	0.88072			6
2025.11.06	02:05:46.073	0.88069	0.88070			6
2025.11.06	02:05:46.726	0.88070	0.88071			6
2025.11.06	02:06:03.125	0.88070				2
2025.11.06	02:06:07.962	0.88069	0.88070			6
2025.11.06	02:06:08.265	0.88070	0.88071			6
2025.11.06	02:06:12.838	0.88071	0.88072			6
2025.11.06	02:06:18.097	0.88069	0.88070			6
2025.11.06	02:06:32.776	0.88071	0.88072			6
2025.11.06	02:06:46.374	0.88070	0.88071			6
2025.11.06	02:06:51.053	0.88071	0.88072			6
2025.11.06	02:07:02.847	0.88071				2
2025.11.06	02:07:06.156	0.88069	0.88070			6
2025.11.06	02:07:10.922	0.88070	0.88071			6
2025.11.06	02:07:26.332	0.88069				2
2025.11.06	02:07:28.347		0.88070			4
2025.11.06	02:07:36.345		0.88071			4
2025.11.06	02:07:38.794	0.88072	0.88073			6
2025.11.06	02:07:39.116	0.88071	0.88072			6
2025.11.06	02:07:53.717	0.88072	0.88073			6
2025.11.06	02:07:56.283	0.88069	0.88072			6
2025.11.06	02:07:59.634	0.88068	0.88071			6
2025.11.06	02:08:00.387	0.88069				2
2025.11.06	02:08:01.434		0.88072			4
2025.11.06	02:08:02.471	0.88068				2
2025.11.06	02:08:07.999	0.88069				2
2025.11.06	02:08:08.330	0.88070	0.88073			6
2025.11.06	02:08:10.688		0.88072			4
2025.11.06	02:08:15.634	0.88069				2
2025.11.06	02:08:17.021		0.88073			4
2025.11.06	02:08:19.148	0.88070				2
2025.11.06	02:08:23.919	0.88069	0.88071			6
2025.11.06	02:08:28.869		0.88070			4
2025.11.06	02:08:30.013		0.88071			4
2025.11.06	02:08:31.809	0.88071	0.88072			6
2025.11.06	02:08:32.312	0.88070	0.88071			6
2025.11.06	02:08:32.618		0.88072			4
2025.11.06	02:08:34.105		0.88071			4
2025.11.06	02:08:37.157		0.88072			4
2025.11.06	02:08:42.635		0.88071			4
2025.11.06	02:08:46.343		0.88072			4
2025.11.06	02:08:48.316	0.88072	0.88073			6
2025.11.06	02:08:48.633	0.88070	0.88071			6
2025.11.06	02:08:58.197	0.88072	0.88073			6
2025.11.06	02:08:58.652	0.88070	0.88071			6
2025.11.06	02:09:00.724	0.88070				2
2025.11.06	02:09:03.199	0.88072	0.88073			6
2025.11.06	02:09:03.732	0.88071	0.88072			6
2025.11.06	02:09:10.417	0.88070	0.88071			6
2025.11.06	02:09:16.594	0.88071	0.88072			6
2025.11.06	02:09:24.682	0.88072	0.88073			6
2025.11.06	02:09:31.179	0.88070	0.88071			6
2025.11.06	02:09:36.047	0.88072	0.88073			6
2025.11.06	02:09:40.022	0.88070	0.88071			6
2025.11.06	02:09:40.526	0.88072	0.88073			6
2025.11.06	02:10:00.002	0.88072				2
2025.11.06	02:10:01.019	0.88070	0.88071			6
2025.11.06	02:10:01.322	0.88072	0.88073			6
2025.11.06	02:10:02.424	0.88070	0.88071			6
2025.11.06	02:10:02.729	0.88071	0.88072			6
2025.11.06	02:10:26.324	0.88072	0.88073			6
2025.11.06	02:10:31.415	0.88071	0.88072			6
2025.11.06	02:10:33.889	0.88070	0.88071			6
2025.11.06	02:10:37.075	0.88072	0.88073			6
2025.11.06	02:10:43.593	0.88073	0.88074			6
2025.11.06	02:10:50.564	0.88070	0.88073			6
2025.11.06	02:11:00.841	0.88070				2
2025.11.06	02:11:09.458	0.88069	0.88071			6
2025.11.06	02:11:13.459	0.88070	0.88072			6
2025.11.06	02:11:27.042	0.88071				2
2025.11.06	02:11:36.068	0.88072	0.88074			6
2025.11.06	02:11:36.374		0.88073			4
2025.11.06	02:11:36.798		0.88074			4
2025.11.06	02:11:37.154	0.88073				2
2025.11.06	02:11:38.306	0.88072	0.88073			6
2025.11.06	02:11:40.315		0.88074			4
2025.11.06	02:11:43.777		0.88073			4
2025.11.06	02:11:49.965		0.88074			4
2025.11.06	02:12:00.375	0.88072				2
2025.11.06	02:12:02.971	0.88073				2
2025.11.06	02:12:05.972	0.88072	0.88073			6
2025.11.06	02:12:07.442		0.88074			4
2025.11.06	02:12:11.858		0.88073			4
2025.11.06	02:12:29.610	0.88075	0.88076			6
2025.11.06	02:12:33.040	0.88076	0.88077			6
2025.11.06	02:12:34.179		0.88078			4
2025.11.06	02:12:36.581		0.88077			4
2025.11.06	02:12:46.469		0.88078			4
2025.11.06	02:13:00.687	0.88077				2
2025.11.06	02:13:03.617		0.88079			4
2025.11.06	02:13:03.926	0.88076	0.88078			6
2025.11.06	02:13:04.636		0.88079			4
2025.11.06	02:13:05.576		0.88078			4
2025.11.06	02:13:06.872		0.88079			4
2025.11.06	02:13:07.555	0.88077	0.88078			6
2025.11.06	02:13:17.776		0.88079			4
2025.11.06	02:13:24.889	0.88078				2
2025.11.06	02:13:25.872	0.88077				2
2025.11.06	02:13:31.434	0.88080	0.88081			6
2025.11.06	02:13:51.152		0.88082			4
2025.11.06	02:13:52.719		0.88081			4
2025.11.06	02:14:00.138	0.88080	0.88082			6
2025.11.06	02:14:03.316	0.88082	0.88084			6
2025.11.06	02:14:03.745		0.88083			4
2025.11.06	02:14:04.055	0.88081				2
2025.11.06	02:14:04.377	0.88082				2
2025.11.06	02:14:11.683	0.88081	0.88082			6
2025.11.06	02:14:33.064	0.88079	0.88081			6
2025.11.06	02:14:44.558	0.88078	0.88080			6
2025.11.06	02:14:45.665		0.88081			4
2025.11.06	02:14:46.119	0.88079				2
2025.11.06	02:14:46.707	0.88081	0.88083			6
2025.11.06	02:14:48.354		0.88082			4
2025.11.06	02:14:59.732	0.88080	0.88081			6
2025.11.06	02:15:00.306	0.88080				2
2025.11.06	02:15:04.062	0.88079				2
2025.11.06	02:15:04.383	0.88080				2
2025.11.06	02:15:06.423	0.88079				2
2025.11.06	02:15:12.369		0.88080			4
2025.11.06	02:15:12.683		0.88081			4
2025.11.06	02:15:14.571		0.88080			4
2025.11.06	02:15:14.994		0.88081			4
2025.11.06	02:15:15.394	0.88080				2
2025.11.06	02:15:32.780		0.88082			4
2025.11.06	02:15:39.967	0.88079				2
2025.11.06	02:15:41.343		0.88081			4
2025.11.06	02:15:48.199		0.88082			4
2025.11.06	02:15:57.734		0.88081			4
2025.11.06	02:16:00.693	0.88079				2
2025.11.06	02:16:09.594	0.88078				2
2025.11.06	02:16:40.007	0.88077	0.88080			6
2025.11.06	02:16:40.318		0.88081			4
2025.11.06	02:16:40.653		0.88080			4
2025.11.06	02:16:42.431	0.88076	0.88079			6
2025.11.06	02:16:43.717		0.88080			4
2025.11.06	02:16:45.601		0.88079			4
2025.11.06	02:17:05.675	0.88077				2
2025.11.06	02:17:06.032	0.88076	0.88078			6
2025.11.06	02:17:06.548	0.88077	0.88079			6
2025.11.06	02:17:07.826	0.88076				2
2025.11.06	02:17:19.402	0.88075				2
2025.11.06	02:17:21.007	0.88077				2
2025.11.06	02:17:32.238	0.88078				2
2025.11.06	02:17:33.249	0.88077				2
2025.11.06	02:18:00.762	0.88077				2
2025.11.06	02:18:03.681		0.88078			4
2025.11.06	02:18:07.275	0.88078	0.88080			6
2025.11.06	02:18:08.291	0.88077	0.88079			6
2025.11.06	02:18:09.534	0.88076				2
2025.11.06	02:18:12.104		0.88078			4
2025.11.06	02:18:18.176		0.88079			4
2025.11.06	02:18:22.485		0.88078			4
2025.11.06	02:18:29.204		0.88079			4
2025.11.06	02:18:32.376		0.88077			4
2025.11.06	02:18:32.832	0.88075				2
2025.11.06	02:19:00.758	0.88075				2
2025.11.06	02:19:16.182		0.88076			4
2025.11.06	02:19:16.509	0.88074	0.88077			6
2025.11.06	02:19:19.891	0.88076				2
2025.11.06	02:19:22.108	0.88075	0.88078			6
2025.11.06	02:19:26.774		0.88077			4
2025.11.06	02:19:49.489		0.88078			4
2025.11.06	02:19:52.534	0.88078	0.88079			6
2025.11.06	02:19:52.841	0.88077				2
2025.11.06	02:19:53.870	0.88078	0.88080			6
2025.11.06	02:19:54.189	0.88079				2
2025.11.06	02:20:00.695	0.88077				2
2025.11.06	02:20:01.010	0.88076	0.88078			6
2025.11.06	02:20:03.834	0.88077				2
2025.11.06	02:20:04.516	0.88076				2
2025.11.06	02:20:05.543		0.88077			4
2025.11.06	02:20:10.996		0.88078			4
2025.11.06	02:20:16.193		0.88077			4
2025.11.06	02:20:24.869		0.88078			4
2025.11.06	02:20:35.531		0.88079			4
2025.11.06	02:20:39.634		0.88078			4
2025.11.06	02:20:44.774		0.88079			4
2025.11.06	02:20:46.146	0.88077				2
2025.11.06	02:20:48.916	0.88076				2
2025.11.06	02:20:49.337	0.88077				2
2025.11.06	02:20:50.477		0.88078			4
2025.11.06	02:20:52.281		0.88079			4
2025.11.06	02:21:00.094	0.88077				2
2025.11.06	02:21:01.338	0.88076				2
2025.11.06	02:21:40.166	0.88077				2
2025.11.06	02:21:40.727	0.88076				2
2025.11.06	02:21:48.245	0.88074	0.88077			6
2025.11.06	02:21:49.191		0.88076			4
2025.11.06	02:21:51.808		0.88075			4
2025.11.06	02:21:54.422	0.88075	0.88076			6
2025.11.06	02:21:58.324	0.88073	0.88075			6
2025.11.06	02:21:58.650		0.88074			4
2025.11.06	02:21:59.675		0.88075			4
2025.11.06	02:21:59.982	0.88074				2
2025.11.06	02:22:01.331	0.88074				2
2025.11.06	02:22:03.247	0.88071	0.88073			6
2025.11.06	02:22:07.166		0.88074			4
2025.11.06	02:22:08.024	0.88073	0.88075			6
2025.11.06	02:22:09.620	0.88072	0.88074			6
2025.11.06	02:22:10.343	0.88073	0.88075			6
2025.11.06	02:22:16.893	0.88074				2
2025.11.06	02:22:17.467	0.88075	0.88076			6
2025.11.06	02:22:17.859	0.88074	0.88075			6
2025.11.06	02:22:18.179	0.88073	0.88074			6
2025.11.06	02:22:35.432		0.88075			4
2025.11.06	02:22:36.548		0.88074			4
2025.11.06	02:22:38.426		0.88075			4
2025.11.06	02:22:41.711		0.88074			4
2025.11.06	02:22:45.911	0.88072	0.88073			6
2025.11.06	02:23:01.162	0.88073	0.88074			6
2025.11.06	02:23:01.490	0.88072	0.88073			6
2025.11.06	02:23:03.647		0.88074			4
2025.11.06	02:23:03.982		0.88073			4
2025.11.06	02:23:06.312		0.88074			4
2025.11.06	02:23:07.682		0.88073			4
2025.11.06	02:23:08.660	0.88073	0.88074			6
2025.11.06	02:23:37.216	0.88072	0.88073			6
2025.11.06	02:23:39.372	0.88073	0.88074			6
2025.11.06	02:23:39.761	0.88072	0.88073			6
2025.11.06	02:23:41.833		0.88074			4
2025.11.06	02:23:49.328		0.88073			4
2025.11.06	02:23:52.236		0.88074			4
2025.11.06	02:24:00.900	0.88072	0.88073			6
2025.11.06	02:24:20.710	0.88073	0.88074			6
2025.11.06	02:24:34.933	0.88071	0.88073			6
2025.11.06	02:24:36.409	0.88072				2
2025.11.06	02:24:45.496	0.88071	0.88074			6
2025.11.06	02:24:50.107	0.88072				2
2025.11.06	02:25:00.394	0.88073				2
2025.11.06	02:25:01.762	0.88074	0.88075			6
2025.11.06	02:25:10.748	0.88075	0.88076			6
2025.11.06	02:25:12.696	0.88077	0.88078			6
2025.11.06	02:25:39.471		0.88079			4
2025.11.06	02:25:40.214	0.88075				2
2025.11.06	02:25:40.523	0.88076	0.88078			6
2025.11.06	02:25:45.783	0.88077	0.88079			6
2025.11.06	02:25:51.884	0.88078	0.88080			6
2025.11.06	02:25:52.446	0.88077				2
2025.11.06	02:25:56.095		0.88079			4
2025.11.06	02:26:00.596	0.88077				2
2025.11.06	02:26:01.479	0.88079	0.88080			6
2025.11.06	02:26:02.703		0.88081			4
2025.11.06	02:26:03.387		0.88080			4
2025.11.06	02:26:03.790		0.88081			4
2025.11.06	02:26:04.488		0.88080			4
2025.11.06	02:26:09.298	0.88080	0.88082			6
2025.11.06	02:26:10.046	0.88081				2
2025.11.06	02:26:12.458	0.88080				2
2025.11.06	02:26:12.908	0.88086	0.88088			6
2025.11.06	02:26:13.238	0.88087				2
2025.11.06	02:26:14.643	0.88086	0.88087			6
2025.11.06	02:26:20.861		0.88088			4
2025.11.06	02:26:21.698	0.88091	0.88094			6
2025.11.06	02:26:22.000		0.88093			4
2025.11.06	02:26:22.350	0.88092				2
2025.11.06	02:26:22.698	0.88091	0.88092			6
2025.11.06	02:26:23.001		0.88093			4
2025.11.06	02:26:23.308		0.88094			4
2025.11.06	02:26:24.169		0.88093			4
2025.11.06	02:26:24.745		0.88094			4
2025.11.06	02:26:25.447		0.88093			4
2025.11.06	02:26:27.357		0.88094			4
2025.11.06	02:26:28.809	0.88092				2
2025.11.06	02:26:30.214	0.88093				2
2025.11.06	02:26:31.312	0.88091	0.88093			6
2025.11.06	02:26:32.631	0.88092	0.88094			6
2025.11.06	02:26:33.557	0.88091				2
2025.11.06	02:26:37.068		0.88093			4
2025.11.06	02:26:39.953	0.88090	0.88092			6
2025.11.06	02:26:40.261		0.88091			4
2025.11.06	02:26:43.530	0.88091	0.88093			6
2025.11.06	02:26:44.290		0.88092			4
2025.11.06	02:26:45.087	0.88092	0.88093			6
2025.11.06	02:26:48.496	0.88093	0.88094			6
2025.11.06	02:26:50.932	0.88092				2
2025.11.06	02:26:53.029	0.88093				2
2025.11.06	02:27:00.478	0.88093				2
2025.11.06	02:27:02.920	0.88090	0.88091			6
2025.11.06	02:27:03.248	0.88089	0.88090			6
2025.11.06	02:27:05.880	0.88088	0.88089			6
2025.11.06	02:27:15.085	0.88087				2
2025.11.06	02:27:15.471	0.88088				2
2025.11.06	02:27:16.371	0.88087				2
2025.11.06	02:27:18.438		0.88088			4
2025.11.06	02:27:20.202	0.88086	0.88087			6
2025.11.06	02:27:35.497		0.88088			4
2025.11.06	02:27:40.599		0.88087			4
2025.11.06	02:27:41.376	0.88085	0.88088			6
2025.11.06	02:27:47.954	0.88087	0.88089			6
2025.11.06	02:27:48.305	0.88086				2
2025.11.06	02:27:52.977		0.88088			4
2025.11.06	02:27:53.354		0.88089			4
2025.11.06	02:28:02.288	0.88086				2
2025.11.06	02:28:03.454	0.88085	0.88087			6
2025.11.06	02:28:04.517		0.88088			4
2025.11.06	02:28:05.402		0.88087			4
2025.11.06	02:28:08.709		0.88088			4
2025.11.06	02:28:10.949	0.88086	0.88087			6
2025.11.06	02:28:11.421	0.88085	0.88088			6
2025.11.06	02:28:11.787	0.88086				2
2025.11.06	02:28:13.454		0.88087			4
2025.11.06	02:28:13.981	0.88087	0.88088			6
2025.11.06	02:28:20.151	0.88086				2
2025.11.06	02:28:23.141		0.88087			4
2025.11.06	02:28:26.577		0.88088			4
2025.11.06	02:28:33.371	0.88087				2
2025.11.06	02:28:49.822	0.88085	0.88086			6
2025.11.06	02:28:50.124		0.88087			4
2025.11.06	02:29:01.054	0.88086				2
2025.11.06	02:29:06.623	0.88085	0.88086			6
2025.11.06	02:29:07.472	0.88084	0.88085			6
2025.11.06	02:29:08.430	0.88083	0.88084			6
2025.11.06	02:29:13.772	0.88084	0.88085			6
2025.11.06	02:29:16.731	0.88083	0.88084			6
2025.11.06	02:29:20.385	0.88085	0.88086			6
2025.11.06	02:29:23.441	0.88084				2
2025.11.06	02:29:23.797		0.88085			4
2025.11.06	02:29:24.647	0.88085	0.88086			6
2025.11.06	02:29:28.121	0.88084	0.88085			6
2025.11.06	02:29:32.457	0.88083	0.88084			6
2025.11.06	02:29:34.590	0.88084	0.88085			6
2025.11.06	02:29:41.888	0.88083	0.88084			6
2025.11.06	02:29:42.356	0.88084	0.88085			6
2025.11.06	02:29:50.385	0.88083	0.88084			6
2025.11.06	02:29:54.454	0.88084	0.88085			6
2025.11.06	02:29:59.863	0.88083	0.88084			6
2025.11.06	02:30:00.417	0.88083				2
2025.11.06	02:30:10.224	0.88081	0.88082			6
2025.11.06	02:30:11.038	0.88080				2
2025.11.06	02:30:11.437	0.88081				2
2025.11.06	02:30:13.642	0.88079	0.88081			6
2025.11.06	02:30:14.703	0.88081	0.88082			6
2025.11.06	02:30:18.663	0.88080	0.88081			6
2025.11.06	02:30:24.642	0.88081	0.88082			6
2025.11.06	02:30:25.196		0.88083			4
2025.11.06	02:30:26.077	0.88082				2
2025.11.06	02:30:30.804	0.88083	0.88084			6
2025.11.06	02:30:35.074	0.88082	0.88083			6
2025.11.06	02:30:42.423	0.88080	0.88081			6
2025.11.06	02:30:44.199	0.88083	0.88084			6
2025.11.06	02:30:51.696	0.88082	0.88083			6
2025.11.06	02:30:54.009	0.88083	0.88084			6
2025.11.06	02:30:56.394	0.88082	0.88083			6
2025.11.06	02:31:00.169	0.88082				2
2025.11.06	02:31:33.380	0.88079	0.88080			6
2025.11.06	02:31:35.144	0.88080	0.88081			6
2025.11.06	02:31:47.400	0.88079	0.88080			6
2025.11.06	02:31:57.202	0.88081	0.88082			6
2025.11.06	02:32:00.315	0.88081				2
2025.11.06	02:32:09.986	0.88082	0.88083			6
2025.11.06	02:32:13.255	0.88083	0.88084			6
2025.11.06	02:32:15.665	0.88082	0.88083			6
2025.11.06	02:32:22.632		0.88084			4
2025.11.06	02:32:30.020		0.88083			4
2025.11.06	02:32:33.929		0.88084			4
2025.11.06	02:32:34.569		0.88083			4
2025.11.06	02:32:34.872		0.88084			4
2025.11.06	02:32:37.126	0.88080	0.88082			6
2025.11.06	02:32:37.445	0.88079				2
2025.11.06	02:32:38.143	0.88082	0.88084			6
2025.11.06	02:32:40.642	0.88081	0.88082			6
2025.11.06	02:32:41.952	0.88079	0.88080			6
2025.11.06	02:32:42.350	0.88081	0.88082			6
2025.11.06	02:32:43.111	0.88080	0.88081			6
2025.11.06	02:32:43.617	0.88081	0.88082			6
2025.11.06	02:32:44.801	0.88079	0.88080			6
2025.11.06	02:32:47.339	0.88078	0.88079			6
2025.11.06	02:32:50.461	0.88075	0.88076			6
2025.11.06	02:32:50.968	0.88077	0.88079			6
2025.11.06	02:32:58.741		0.88078			4
2025.11.06	02:33:00.132	0.88077				2
2025.11.06	02:33:01.543	0.88075	0.88077			6
2025.11.06	02:33:01.848	0.88077	0.88078			6
2025.11.06	02:33:15.738	0.88078	0.88079			6
2025.11.06	02:33:16.107	0.88077	0.88078			6
2025.11.06	02:33:17.182	0.88075	0.88077			6
2025.11.06	02:33:17.887	0.88078	0.88079			6
2025.11.06	02:33:27.753	0.88077	0.88078			6
2025.11.06	02:33:28.118	0.88078	0.88079			6
2025.11.06	02:33:31.791	0.88080	0.88081			6
2025.11.06	02:33:32.957	0.88078	0.88079			6
2025.11.06	02:33:40.047	0.88076	0.88077			6
2025.11.06	02:33:40.912		0.88078			4
2025.11.06	02:33:41.328		0.88077			4
2025.11.06	02:33:46.672	0.88079	0.88080			6
2025.11.06	02:33:48.450	0.88078	0.88079			6
2025.11.06	02:33:59.194	0.88079	0.88080			6
2025.11.06	02:33:59.554	0.88078				2
2025.11.06	02:34:00.315	0.88078	0.88079			6
2025.11.06	02:34:00.725	0.88079	0.88080			6
2025.11.06	02:34:01.303	0.88078	0.88079			6
2025.11.06	02:34:05.578	0.88079	0.88080			6
2025.11.06	02:34:11.163	0.88078	0.88079			6
2025.11.06	02:34:14.699	0.88079	0.88080			6
2025.11.06	02:34:15.621	0.88078	0.88079			6
2025.11.06	02:34:19.941	0.88079	0.88080			6
2025.11.06	02:34:20.451	0.88078	0.88079			6
2025.11.06	02:34:25.052	0.88079	0.88080			6
2025.11.06	02:34:25.404	0.88078	0.88079			6
2025.11.06	02:34:33.108	0.88079	0.88080			6
2025.11.06	02:34:33.882	0.88078	0.88079			6
2025.11.06	02:34:42.308	0.88077				2
2025.11.06	02:34:43.009	0.88078				2
2025.11.06	02:34:44.371		0.88080			4
2025.11.06	02:34:45.675		0.88079			4
2025.11.06	02:34:47.302	0.88077				2
2025.11.06	02:34:49.596		0.88078			4
2025.11.06	02:34:51.697		0.88079			4
2025.11.06	02:34:53.441		0.88078			4
2025.11.06	02:34:54.379	0.88078	0.88079			6
2025.11.06	02:34:55.126	0.88077	0.88078			6
2025.11.06	02:34:55.440	0.88076				2
2025.11.06	02:34:55.773	0.88077				2
2025.11.06	02:34:58.867		0.88079			4
2025.11.06	02:35:00.079	0.88077				2
2025.11.06	02:35:01.305		0.88078			4
2025.11.06	02:35:01.629	0.88076				2
2025.11.06	02:35:02.062	0.88077				2
2025.11.06	02:35:03.919		0.88079			4
2025.11.06	02:35:05.873	0.88076				2
2025.11.06	02:35:06.626	0.88077				2
2025.11.06	02:35:10.351		0.88078			4
2025.11.06	02:35:10.712	0.88076				2
2025.11.06	02:35:30.523		0.88077			4
2025.11.06	02:35:33.629		0.88078			4
2025.11.06	02:35:42.320		0.88077			4
2025.11.06	02:35:45.627	0.88077	0.88078			6
2025.11.06	02:35:46.151	0.88078	0.88079			6
2025.11.06	02:35:46.513	0.88077	0.88078			6
2025.11.06	02:35:50.379	0.88076	0.88077			6
2025.11.06	02:35:57.155	0.88077	0.88078			6
2025.11.06	02:35:57.470	0.88076	0.88077			6
2025.11.06	02:35:58.110	0.88077	0.88078			6
2025.11.06	02:35:59.981	0.88079	0.88080			6
2025.11.06	02:36:00.289	0.88079				2
2025.11.06	02:36:01.383	0.88076	0.88077			6
2025.11.06	02:36:11.875	0.88075	0.88076			6
2025.11.06	02:36:12.538	0.88076	0.88077			6
2025.11.06	02:36:21.930	0.88078	0.88079			6
2025.11.06	02:36:22.363	0.88077	0.88078			6
2025.11.06	02:36:22.687	0.88076				2
2025.11.06	02:36:28.411		0.88077			4
2025.11.06	02:36:41.270	0.88077	0.88078			6
2025.11.06	02:36:41.579	0.88078	0.88079			6
2025.11.06	02:36:47.159		0.88080			4
2025.11.06	02:36:48.410		0.88079			4
2025.11.06	02:36:59.855	0.88079	0.88080			6
2025.11.06	02:37:00.161	0.88079				2
2025.11.06	02:37:00.619	0.88078	0.88079			6
2025.11.06	02:37:00.923	0.88079	0.88080			6
2025.11.06	02:37:02.593	0.88078				2
2025.11.06	02:37:02.959		0.88079			4
2025.11.06	02:37:03.451		0.88080			4
2025.11.06	02:37:05.548	0.88079	0.88081			6
2025.11.06	02:37:06.102	0.88080				2
2025.11.06	02:37:08.566	0.88079	0.88080			6
2025.11.06	02:37:18.549	0.88080	0.88081			6
2025.11.06	02:37:20.314	0.88078	0.88079			6
2025.11.06	02:37:20.630	0.88077	0.88078			6
2025.11.06	02:37:26.598		0.88079			4
2025.11.06	02:37:31.993		0.88078			4
2025.11.06	02:37:42.842	0.88075				2
2025.11.06	02:37:43.146	0.88077				2
2025.11.06	02:37:43.898	0.88076	0.88077			6
2025.11.06	02:37:48.219		0.88078			4
2025.11.06	02:37:49.910		0.88077			4
2025.11.06	02:37:52.062	0.88077	0.88078			6
2025.11.06	02:37:55.663	0.88076	0.88077			6
2025.11.06	02:37:56.537	0.88075	0.88076			6
2025.11.06	02:37:57.071	0.88074				2
2025.11.06	02:37:57.634	0.88073				2
2025.11.06	02:37:59.861	0.88075	0.88077			6
2025.11.06	02:38:00.230	0.88076				2
2025.11.06	02:38:00.951	0.88075	0.88076			6
2025.11.06	02:38:02.170		0.88078			4
2025.11.06	02:38:02.489		0.88076			4
2025.11.06	02:38:02.806	0.88074	0.88075			6
2025.11.06	02:38:04.321	0.88075	0.88076			6
2025.11.06	02:38:08.640	0.88069	0.88071			6
2025.11.06	02:38:08.942	0.88071	0.88072			6
2025.11.06	02:38:15.836	0.88072	0.88073			6
2025.11.06	02:38:16.492	0.88073	0.88074			6
2025.11.06	02:38:16.817	0.88072	0.88073			6
2025.11.06	02:38:18.638	0.88073	0.88074			6
2025.11.06	02:38:21.714	0.88072	0.88073			6
2025.11.06	02:38:23.477	0.88073	0.88074			6
2025.11.06	02:38:24.536	0.88071	0.88073			6
2025.11.06	02:38:24.898		0.88074			4
2025.11.06	02:38:26.584		0.88073			4
2025.11.06	02:38:26.969		0.88074			4
2025.11.06	02:38:27.669		0.88073			4
2025.11.06	02:38:28.379	0.88073	0.88074			6
2025.11.06	02:38:31.506	0.88074	0.88075			6
2025.11.06	02:38:31.872	0.88075	0.88076			6
2025.11.06	02:38:34.711	0.88076	0.88077			6
2025.11.06	02:38:36.154	0.88075	0.88076			6
2025.11.06	02:38:36.460	0.88073	0.88074			6
2025.11.06	02:38:39.918	0.88070	0.88071			6
2025.11.06	02:38:40.305	0.88071	0.88072			6
2025.11.06	02:38:48.254	0.88072	0.88073			6
2025.11.06	02:38:56.374	0.88073	0.88074			6
2025.11.06	02:39:01.689	0.88073				2
2025.11.06	02:39:11.807	0.88074	0.88075			6
2025.11.06	02:39:12.136	0.88075	0.88076			6
2025.11.06	02:39:12.442	0.88076	0.88077			6
2025.11.06	02:39:21.339	0.88075	0.88076			6
2025.11.06	02:39:22.720	0.88073	0.88074			6
2025.11.06	02:39:23.497	0.88071	0.88072			6
2025.11.06	02:39:27.943	0.88072	0.88073			6
2025.11.06	02:39:36.181	0.88071	0.88072			6
2025.11.06	02:39:49.063	0.88070	0.88071			6
2025.11.06	02:39:49.915		0.88072			4
2025.11.06	02:39:51.226		0.88071			4
2025.11.06	02:40:00.200	0.88070				2
2025.11.06	02:40:00.677	0.88071	0.88072			6
2025.11.06	02:40:29.179	0.88070	0.88071			6
2025.11.06	02:40:29.543	0.88068	0.88069			6
2025.11.06	02:40:29.998	0.88067	0.88068			6
2025.11.06	02:40:34.659	0.88068	0.88069			6
2025.11.06	02:40:45.103	0.88069	0.88070			6
2025.11.06	02:40:57.206	0.88067	0.88068			6
2025.11.06	02:40:57.520	0.88065	0.88066			6
2025.11.06	02:40:59.021	0.88066	0.88067			6
2025.11.06	02:41:00.721	0.88066				2
2025.11.06	02:41:09.886	0.88067	0.88068			6
2025.11.06	02:41:14.722	0.88068	0.88069			6
2025.11.06	02:41:15.077	0.88067	0.88068			6
2025.11.06	02:41:28.259	0.88068	0.88069			6
2025.11.06	02:41:30.868	0.88067	0.88068			6
2025.11.06	02:41:50.653	0.88068	0.88069			6
2025.11.06	02:42:01.328	0.88068				2
2025.11.06	02:42:11.204	0.88066	0.88067			6
2025.11.06	02:42:11.717	0.88067	0.88068			6
2025.11.06	02:42:12.775	0.88068	0.88069			6
2025.11.06	02:42:13.106	0.88067	0.88068			6
2025.11.06	02:42:14.843	0.88063	0.88066			6
2025.11.06	02:42:15.516	0.88065				2
2025.11.06	02:42:15.890	0.88066	0.88067			6
2025.11.06	02:42:16.231	0.88063	0.88066			6
2025.11.06	02:42:19.726	0.88064				2
2025.11.06	02:42:20.039	0.88063				2
2025.11.06	02:42:28.892	0.88066	0.88067			6
2025.11.06	02:42:30.745	0.88064				2
2025.11.06	02:42:31.060		0.88066			4
2025.11.06	02:42:33.082	0.88066	0.88067			6
2025.11.06	02:42:42.472	0.88064	0.88065			6
2025.11.06	02:42:51.138	0.88066	0.88067			6
2025.11.06	02:42:54.947	0.88067	0.88068			6
2025.11.06	02:42:59.969	0.88066	0.88067			6
2025.11.06	02:43:00.304	0.88066				2
2025.11.06	02:43:04.898	0.88068	0.88069			6
2025.11.06	02:43:05.477	0.88067	0.88068			6
2025.11.06	02:43:10.326	0.88068	0.88069			6
2025.11.06	02:43:12.536	0.88067	0.88068			6
2025.11.06	02:43:19.269	0.88069	0.88070			6
2025.11.06	02:43:19.605	0.88068	0.88069			6
2025.11.06	02:43:43.485	0.88066	0.88067			6
2025.11.06	02:43:45.725	0.88067	0.88068			6
2025.11.06	02:43:46.066	0.88069	0.88070			6
2025.11.06	02:43:46.941	0.88068	0.88069			6
2025.11.06	02:43:55.260	0.88069	0.88070			6
2025.11.06	02:43:58.589	0.88068	0.88069			6
2025.11.06	02:44:00.355	0.88068				2
2025.11.06	02:44:01.932	0.88067	0.88068			6
2025.11.06	02:44:20.354	0.88069	0.88070			6
2025.11.06	02:44:20.993	0.88070	0.88071			6
2025.11.06	02:44:21.310	0.88069	0.88070			6
2025.11.06	02:44:22.354	0.88070	0.88071			6
2025.11.06	02:44:23.999	0.88069	0.88070			6
2025.11.06	02:44:24.954	0.88070	0.88071			6
2025.11.06	02:44:32.185	0.88071	0.88072			6
2025.11.06	02:44:32.882	0.88070	0.88071			6
2025.11.06	02:44:39.449	0.88069	0.88070			6
2025.11.06	02:44:39.770	0.88068	0.88069			6
2025.11.06	02:44:40.354	0.88067	0.88068			6
2025.11.06	02:44:45.689	0.88068	0.88069			6
2025.11.06	02:44:46.596	0.88069	0.88070			6
2025.11.06	02:44:47.216	0.88070	0.88071			6
2025.11.06	02:45:00.186	0.88070				2
2025.11.06	02:45:13.344	0.88069	0.88070			6
2025.11.06	02:45:30.770		0.88071			4
2025.11.06	02:45:34.777	0.88071	0.88072			6
2025.11.06	02:45:57.977	0.88072	0.88073			6
2025.11.06	02:45:58.546	0.88071	0.88072			6
2025.11.06	02:46:00.447	0.88071				2
2025.11.06	02:46:09.339	0.88072	0.88073			6
2025.11.06	02:46:10.156	0.88071	0.88072			6
2025.11.06	02:46:14.196	0.88072	0.88073			6
2025.11.06	02:46:24.449	0.88071	0.88072			6
2025.11.06	02:46:28.161	0.88072	0.88073			6
2025.11.06	02:46:28.463	0.88071				2
2025.11.06	02:46:28.942		0.88072			4
2025.11.06	02:46:34.087	0.88072	0.88073			6
2025.11.06	02:46:39.824	0.88068	0.88069			6
2025.11.06	02:46:46.979	0.88069	0.88070			6
2025.11.06	02:46:47.382	0.88068				2
2025.11.06	02:46:47.838		0.88069			4
2025.11.06	02:46:49.594		0.88070			4
2025.11.06	02:46:50.696	0.88069				2
2025.11.06	02:46:54.971	0.88068				2
2025.11.06	02:46:56.139		0.88069			4
2025.11.06	02:47:00.491	0.88069	0.88070			6
2025.11.06	02:47:01.031	0.88070	0.88071			6
2025.11.06	02:47:02.854	0.88067	0.88068			6
2025.11.06	02:47:03.498	0.88068	0.88069			6
2025.11.06	02:47:03.826	0.88067	0.88068			6
2025.11.06	02:47:04.484	0.88068	0.88069			6
2025.11.06	02:47:04.800	0.88067	0.88068			6
2025.11.06	02:47:05.226	0.88068	0.88069			6
2025.11.06	02:47:06.212		0.88070			4
2025.11.06	02:47:07.461	0.88069				2
2025.11.06	02:47:28.476	0.88070	0.88071			6
2025.11.06	02:47:32.188	0.88069	0.88070			6
2025.11.06	02:47:37.446	0.88070	0.88071			6
2025.11.06	02:47:39.123	0.88069	0.88070			6
2025.11.06	02:47:47.353	0.88068	0.88069			6
2025.11.06	02:47:48.305	0.88067	0.88068			6
2025.11.06	02:47:48.656	0.88068	0.88069			6
2025.11.06	02:47:48.967	0.88071	0.88072			6
2025.11.06	02:47:50.526		0.88073			4
2025.11.06	02:47:53.479		0.88072			4
2025.11.06	02:47:53.875		0.88073			4
2025.11.06	02:47:54.239		0.88072			4
2025.11.06	02:48:00.198	0.88071				2
2025.11.06	02:48:00.633	0.88070	0.88071			6
2025.11.06	02:48:00.959		0.88072			4
2025.11.06	02:48:04.847	0.88071				2
2025.11.06	02:48:11.847	0.88072	0.88073			6
2025.11.06	02:48:12.639	0.88071				2
2025.11.06	02:48:13.957		0.88072			4
2025.11.06	02:48:18.144	0.88067	0.88070			6
2025.11.06	02:48:19.151	0.88068	0.88069			6
2025.11.06	02:48:19.811	0.88069	0.88070			6
2025.11.06	02:48:20.691	0.88068				2
2025.11.06	02:48:21.306	0.88069				2
2025.11.06	02:48:23.905	0.88070	0.88071			6
2025.11.06	02:48:24.530		0.88072			4
2025.11.06	02:48:24.860	0.88071				2
2025.11.06	02:48:29.487	0.88072	0.88073			6
2025.11.06	02:48:29.799	0.88071	0.88072			6
2025.11.06	02:48:37.481	0.88072	0.88073			6
2025.11.06	02:48:39.443	0.88071	0.88072			6
2025.11.06	02:48:40.433	0.88070	0.88071			6
2025.11.06	02:48:40.741	0.88071	0.88072			6
2025.11.06	02:48:47.885	0.88070	0.88071			6
2025.11.06	02:48:48.317	0.88071	0.88072			6
2025.11.06	02:49:00.380	0.88072	0.88073			6
2025.11.06	02:49:01.032	0.88073	0.88074			6
2025.11.06	02:49:07.305		0.88075			4
2025.11.06	02:49:07.618		0.88074			4
2025.11.06	02:49:14.722	0.88074	0.88075			6
2025.11.06	02:49:21.040	0.88075	0.88076			6
2025.11.06	02:49:21.896	0.88076	0.88077			6
2025.11.06	02:49:47.455		0.88078			4
2025.11.06	02:49:47.763	0.88077				2
2025.11.06	02:49:49.818	0.88076				2
2025.11.06	02:49:50.779	0.88079	0.88080			6
2025.11.06	02:49:51.300		0.88081			4
2025.11.06	02:49:51.605	0.88080				2
2025.11.06	02:49:57.776	0.88079	0.88080			6
2025.11.06	02:49:59.958	0.88080	0.88081			6
2025.11.06	02:50:00.264	0.88080				2
2025.11.06	02:50:02.214	0.88076	0.88078			6
2025.11.06	02:50:07.517	0.88077				2
2025.11.06	02:50:10.585	0.88078	0.88079			6
2025.11.06	02:50:18.143	0.88076	0.88077			6
2025.11.06	02:50:18.740		0.88078			4
2025.11.06	02:50:19.316	0.88078	0.88079			6
2025.11.06	02:50:19.935	0.88077	0.88078			6
2025.11.06	02:50:20.968	0.88075	0.88077			6
2025.11.06	02:50:26.184		0.88076			4
2025.11.06	02:50:29.191	0.88074	0.88075			6
2025.11.06	02:50:39.139	0.88073	0.88074			6
2025.11.06	02:50:39.864	0.88074	0.88075			6
2025.11.06	02:50:45.841	0.88075	0.88076			6
2025.11.06	02:50:56.298	0.88074	0.88075			6
2025.11.06	02:51:00.429	0.88074				2
2025.11.06	02:51:08.401	0.88073	0.88074			6
2025.11.06	02:51:11.168	0.88074	0.88075			6
2025.11.06	02:51:21.626	0.88075	0.88076			6
2025.11.06	02:51:21.993	0.88074	0.88075			6
2025.11.06	02:51:22.436	0.88073	0.88074			6
2025.11.06	02:51:29.338	0.88070	0.88072			6
2025.11.06	02:51:30.215	0.88073	0.88074			6
2025.11.06	02:51:30.794	0.88071	0.88072			6
2025.11.06	02:51:31.302	0.88073	0.88074			6
2025.11.06	02:51:32.962	0.88071	0.88072			6
2025.11.06	02:51:34.995	0.88072	0.88073			6
2025.11.06	02:51:35.317	0.88070	0.88072			6
2025.11.06	02:51:36.714	0.88071				2
2025.11.06	02:51:50.614	0.88073	0.88074			6
2025.11.06	02:51:52.546	0.88071	0.88072			6
2025.11.06	02:51:54.710	0.88073	0.88074			6
2025.11.06	02:51:55.154	0.88071	0.88072			6
2025.11.06	02:52:00.681	0.88071				2
2025.11.06	02:52:07.379	0.88073	0.88074			6
2025.11.06	02:52:14.736	0.88074	0.88075			6
2025.11.06	02:52:22.347	0.88071	0.88072			6
2025.11.06	02:52:35.505	0.88075	0.88076			6
2025.11.06	02:52:37.726	0.88074	0.88075			6
2025.11.06	02:53:00.365	0.88075	0.88077			6
2025.11.06	02:53:00.782	0.88076				2
2025.11.06	02:53:02.550		0.88078			4
2025.11.06	02:53:09.863		0.88077			4
2025.11.06	02:53:13.190	0.88075	0.88076			6
2025.11.06	02:53:17.188	0.88076	0.88077			6
2025.11.06	02:53:18.733	0.88075	0.88076			6
2025.11.06	02:53:19.640	0.88076	0.88077			6
2025.11.06	02:53:33.487	0.88077	0.88078			6
2025.11.06	02:53:34.094	0.88075	0.88076			6
2025.11.06	02:53:35.316	0.88076	0.88077			6
2025.11.06	02:53:36.943	0.88077	0.88078			6
2025.11.06	02:53:37.719	0.88076	0.88077			6
2025.11.06	02:53:41.077	0.88075	0.88076			6
2025.11.06	02:53:44.280	0.88076	0.88077			6
2025.11.06	02:53:50.368	0.88075	0.88076			6
2025.11.06	02:54:00.737	0.88075				2
2025.11.06	02:54:03.998		0.88077			4
2025.11.06	02:54:05.555		0.88076			4
2025.11.06	02:54:11.737		0.88077			4
2025.11.06	02:54:15.199	0.88076				2
2025.11.06	02:54:15.503	0.88077	0.88079			6
2025.11.06	02:54:15.819		0.88078			4
2025.11.06	02:54:16.342		0.88079			4
2025.11.06	02:54:19.052		0.88078			4
2025.11.06	02:54:21.616	0.88078	0.88079			6
2025.11.06	02:54:21.925		0.88080			4
2025.11.06	02:54:23.626		0.88079			4
2025.11.06	02:54:30.392		0.88080			4
2025.11.06	02:54:31.133	0.88079				2
2025.11.06	02:54:31.970		0.88081			4
2025.11.06	02:54:33.298	0.88080				2
2025.11.06	02:54:33.988		0.88082			4
2025.11.06	02:54:41.473	0.88081				2
2025.11.06	02:54:42.254	0.88082	0.88083			6
2025.11.06	02:54:43.082	0.88081	0.88082			6
2025.11.06	02:54:46.382	0.88080	0.88081			6
2025.11.06	02:54:48.145	0.88079	0.88080			6
2025.11.06	02:54:48.452	0.88081	0.88082			6
2025.11.06	02:54:51.751	0.88082	0.88083			6
2025.11.06	02:54:52.095	0.88081	0.88082			6
2025.11.06	02:54:55.791	0.88080	0.88081			6
2025.11.06	02:54:59.487	0.88081	0.88082			6
2025.11.06	02:54:59.802	0.88076	0.88077			6
2025.11.06	02:55:00.110	0.88075	0.88076			6
2025.11.06	02:55:00.411	0.88077	0.88078			6
2025.11.06	02:55:01.383	0.88076	0.88077			6
2025.11.06	02:55:01.744	0.88077	0.88078			6
2025.11.06	02:55:03.754	0.88076	0.88077			6
2025.11.06	02:55:04.197	0.88077	0.88078			6
2025.11.06	02:55:04.517	0.88076	0.88077			6
2025.11.06	02:55:07.223	0.88077	0.88078			6
2025.11.06	02:55:15.385	0.88076	0.88077			6
2025.11.06	02:55:17.569	0.88077	0.88078			6
2025.11.06	02:55:18.487	0.88076	0.88077			6
2025.11.06	02:55:19.948	0.88077	0.88078			6
2025.11.06	02:55:22.863	0.88078	0.88079			6
2025.11.06	02:55:26.282	0.88077	0.88078			6
2025.11.06	02:55:26.917	0.88078	0.88079			6
2025.11.06	02:55:36.384	0.88077	0.88078			6
2025.11.06	02:55:47.619	0.88076	0.88077			6
2025.11.06	02:55:55.519	0.88075	0.88076			6
2025.11.06	02:55:59.749	0.88074	0.88075			6
2025.11.06	02:56:00.051	0.88074				2
2025.11.06	02:56:01.834	0.88075	0.88076			6
2025.11.06	02:56:02.373	0.88074	0.88075			6
2025.11.06	02:56:04.027	0.88073	0.88074			6
2025.11.06	02:56:12.612	0.88072	0.88073			6
2025.11.06	02:56:16.050	0.88073	0.88074			6
2025.11.06	02:56:17.727	0.88074	0.88075			6
2025.11.06	02:56:34.119	0.88073	0.88074			6
2025.11.06	02:56:36.074	0.88072	0.88073			6
2025.11.06	02:56:46.318	0.88073	0.88074			6
2025.11.06	02:56:53.114	0.88072	0.88073			6
2025.11.06	02:56:53.515	0.88071	0.88072			6
2025.11.06	02:56:57.765	0.88070	0.88071			6
2025.11.06	02:56:59.747	0.88069	0.88070			6
2025.11.06	02:57:00.053	0.88069				2
2025.11.06	02:57:11.838	0.88068	0.88069			6
2025.11.06	02:57:12.597	0.88070	0.88071			6
2025.11.06	02:57:14.662	0.88069	0.88070			6
2025.11.06	02:57:14.985	0.88071	0.88072			6
2025.11.06	02:57:23.035	0.88072	0.88073			6
2025.11.06	02:57:23.645	0.88073	0.88074			6
2025.11.06	02:57:27.970	0.88072	0.88073			6
2025.11.06	02:57:28.527	0.88071	0.88072			6
2025.11.06	02:57:29.289	0.88072	0.88073			6
2025.11.06	02:57:29.627	0.88070	0.88071			6
2025.11.06	02:57:31.437	0.88071	0.88072			6
2025.11.06	02:57:36.417	0.88070	0.88071			6
2025.11.06	02:57:36.779	0.88071	0.88072			6
2025.11.06	02:57:38.068	0.88070	0.88071			6
2025.11.06	02:57:38.685	0.88071	0.88072			6
2025.11.06	02:57:45.912	0.88069	0.88070			6
2025.11.06	02:57:46.688	0.88070	0.88071			6
2025.11.06	02:57:47.162	0.88069	0.88070			6
2025.11.06	02:57:56.792	0.88068	0.88069			6
2025.11.06	02:58:01.261	0.88069	0.88070			6
2025.11.06	02:58:01.581	0.88070	0.88071			6
2025.11.06	02:58:01.884	0.88071	0.88072			6
2025.11.06	02:58:02.215	0.88070	0.88071			6
2025.11.06	02:58:03.514	0.88069	0.88070			6
2025.11.06	02:58:08.872	0.88068	0.88069			6
2025.11.06	02:58:15.233	0.88066	0.88067			6
2025.11.06	02:58:15.592	0.88065	0.88066			6
2025.11.06	02:58:16.681	0.88064	0.88065			6
2025.11.06	02:58:17.665	0.88063	0.88064			6
2025.11.06	02:58:20.052	0.88062	0.88063			6
2025.11.06	02:58:21.029	0.88061	0.88062			6
2025.11.06	02:58:27.154	0.88062	0.88063			6
2025.11.06	02:58:34.752	0.88058	0.88059			6
2025.11.06	02:58:36.124	0.88057	0.88058			6
2025.11.06	02:58:45.418	0.88056	0.88057			6
2025.11.06	02:59:00.349	0.88056				2
2025.11.06	02:59:01.386	0.88054	0.88055			6
2025.11.06	02:59:01.709	0.88053	0.88054			6
2025.11.06	02:59:03.102	0.88054	0.88055			6
2025.11.06	02:59:11.295	0.88057	0.88058			6
2025.11.06	02:59:11.603	0.88055	0.88056			6
2025.11.06	02:59:12.649	0.88054	0.88055			6
2025.11.06	02:59:13.472	0.88055	0.88056			6
2025.11.06	02:59:17.216	0.88056	0.88057			6
2025.11.06	02:59:20.379	0.88055	0.88056			6
2025.11.06	02:59:24.139	0.88056	0.88057			6
2025.11.06	02:59:28.389	0.88058	0.88059			6
2025.11.06	02:59:28.699	0.88059	0.88060			6
2025.11.06	02:59:41.396	0.88058	0.88059			6
2025.11.06	02:59:47.108	0.88061	0.88062			6
2025.11.06	02:59:48.233	0.88060	0.88061			6
2025.11.06	02:59:55.069	0.88063	0.88064			6
2025.11.06	02:59:55.603	0.88062	0.88063			6
2025.11.06	02:59:57.834	0.88063	0.88064			6
2025.11.06	03:00:00.178	0.88064	0.88065			6
2025.11.06	03:00:00.808	0.88065	0.88066			6
2025.11.06	03:00:01.834	0.88066	0.88067			6
2025.11.06	03:00:02.161	0.88067	0.88068			6
2025.11.06	03:00:02.790	0.88066	0.88067			6
2025.11.06	03:00:03.102	0.88067	0.88068			6
2025.11.06	03:00:04.457	0.88070	0.88071			6
2025.11.06	03:00:06.120	0.88068	0.88069			6
2025.11.06	03:00:08.556	0.88069	0.88070			6
2025.11.06	03:00:08.871	0.88067	0.88068			6
2025.11.06	03:00:09.205		0.88069			4
2025.11.06	03:00:10.139	0.88068				2
2025.11.06	03:00:12.381	0.88069	0.88071			6
2025.11.06	03:00:12.743	0.88070				2
2025.11.06	03:00:13.992	0.88071	0.88072			6
2025.11.06	03:00:16.283	0.88068	0.88069			6
2025.11.06	03:00:19.173	0.88069	0.88070			6
2025.11.06	03:00:19.876	0.88068	0.88069			6
2025.11.06	03:00:20.665	0.88070	0.88071			6
2025.11.06	03:00:21.318	0.88071	0.88072			6
2025.11.06	03:00:23.795	0.88070	0.88071			6
2025.11.06	03:00:24.574	0.88069	0.88070			6
2025.11.06	03:00:25.497	0.88068	0.88069			6
2025.11.06	03:00:25.800	0.88066	0.88067			6
2025.11.06	03:00:26.478	0.88065				2
2025.11.06	03:00:27.070	0.88066				2
2025.11.06	03:00:36.607	0.88065				2
2025.11.06	03:00:38.228	0.88066				2
2025.11.06	03:00:38.728	0.88065				2
2025.11.06	03:00:40.557	0.88066				2
2025.11.06	03:00:40.904	0.88069	0.88071			6
2025.11.06	03:00:41.222	0.88066	0.88067			6
2025.11.06	03:00:43.391	0.88065				2
2025.11.06	03:00:46.348		0.88066			4
2025.11.06	03:00:47.428		0.88067			4
2025.11.06	03:00:48.002		0.88066			4
2025.11.06	03:00:49.070		0.88067			4
2025.11.06	03:00:49.488		0.88066			4
2025.11.06	03:00:57.930		0.88067			4
2025.11.06	03:00:58.245		0.88066			4
2025.11.06	03:00:59.700	0.88069	0.88070			6
2025.11.06	03:01:00.033	0.88069				2
2025.11.06	03:01:00.349	0.88068	0.88069			6
2025.11.06	03:01:01.533	0.88067				2
2025.11.06	03:01:03.092	0.88068				2
2025.11.06	03:01:05.445	0.88069	0.88070			6
2025.11.06	03:01:07.522	0.88067	0.88069			6
2025.11.06	03:01:08.784	0.88068				2
2025.11.06	03:01:11.069		0.88070			4
2025.11.06	03:01:13.369	0.88067	0.88068			6
2025.11.06	03:01:17.002	0.88066	0.88067			6
2025.11.06	03:01:19.146	0.88064	0.88065			6
2025.11.06	03:01:24.014	0.88065	0.88066			6
2025.11.06	03:01:24.328	0.88064	0.88065			6
2025.11.06	03:01:28.478	0.88061	0.88063			6
2025.11.06	03:01:28.807	0.88062				2
2025.11.06	03:01:30.571	0.88064	0.88065			6
2025.11.06	03:01:30.883	0.88063	0.88064			6
2025.11.06	03:01:31.223	0.88064	0.88065			6
2025.11.06	03:01:31.704	0.88063	0.88064			6
2025.11.06	03:01:32.017		0.88065			4
2025.11.06	03:01:32.793	0.88064				2
2025.11.06	03:01:33.103	0.88065	0.88066			6
2025.11.06	03:01:33.727		0.88067			4
2025.11.06	03:01:35.039	0.88066				2
2025.11.06	03:01:35.452	0.88067	0.88068			6
2025.11.06	03:01:36.266		0.88069			4
2025.11.06	03:01:36.575	0.88069	0.88071			6
2025.11.06	03:01:37.213	0.88070				2
2025.11.06	03:01:37.531	0.88069				2
2025.11.06	03:01:37.937	0.88071	0.88072			6
2025.11.06	03:01:38.609	0.88072	0.88073			6
2025.11.06	03:01:40.861	0.88069	0.88071			6
2025.11.06	03:01:42.811		0.88070			4
2025.11.06	03:01:43.130		0.88071			4
2025.11.06	03:01:47.518	0.88070	0.88072			6
2025.11.06	03:01:48.370		0.88071			4
2025.11.06	03:01:49.214	0.88068	0.88070			6
2025.11.06	03:01:49.900	0.88067	0.88069			6
2025.11.06	03:01:50.557		0.88068			4
2025.11.06	03:01:50.915		0.88069			4
2025.11.06	03:01:51.219	0.88068				2
2025.11.06	03:01:51.529	0.88067	0.88068			6
2025.11.06	03:01:53.302	0.88068	0.88069			6
2025.11.06	03:01:54.527	0.88067	0.88068			6
2025.11.06	03:01:55.653	0.88068	0.88069			6
2025.11.06	03:01:56.478	0.88067				2
2025.11.06	03:01:56.807		0.88068			4
2025.11.06	03:01:57.744		0.88069			4
2025.11.06	03:01:58.747	0.88068				2
2025.11.06	03:01:59.368	0.88070	0.88071			6
2025.11.06	03:01:59.754	0.88069	0.88070			6
2025.11.06	03:02:00.110	0.88069				2
2025.11.06	03:02:00.906	0.88068				2
2025.11.06	03:02:01.255	0.88069				2
2025.11.06	03:02:03.842		0.88071			4
2025.11.06	03:02:09.650	0.88070	0.88072			6
2025.11.06	03:02:11.553	0.88072	0.88073			6
2025.11.06	03:02:13.297	0.88073	0.88074			6
2025.11.06	03:02:13.604	0.88075	0.88076			6
2025.11.06	03:02:13.922	0.88076	0.88077			6
2025.11.06	03:02:16.292	0.88075	0.88076			6
2025.11.06	03:02:21.289	0.88074				2
2025.11.06	03:02:23.993	0.88075				2
2025.11.06	03:02:25.448		0.88077			4
2025.11.06	03:02:27.125		0.88076			4
2025.11.06	03:02:28.969		0.88077			4
2025.11.06	03:02:30.854	0.88076				2
2025.11.06	03:02:31.497	0.88075				2
2025.11.06	03:02:33.074	0.88074	0.88076			6
2025.11.06	03:02:35.719	0.88075				2
2025.11.06	03:02:36.979	0.88076	0.88077			6
2025.11.06	03:02:37.831	0.88075	0.88076			6
2025.11.06	03:02:40.026	0.88074	0.88075			6
2025.11.06	03:02:44.863		0.88076			4
2025.11.06	03:02:46.999	0.88075				2
2025.11.06	03:02:48.220	0.88074				2
2025.11.06	03:02:49.366	0.88076	0.88077			6
2025.11.06	03:02:49.674		0.88078			4
2025.11.06	03:02:50.081		0.88077			4
2025.11.06	03:02:52.181	0.88077	0.88078			6
2025.11.06	03:02:52.510	0.88078	0.88079			6
2025.11.06	03:02:52.913	0.88077	0.88078			6
2025.11.06	03:02:53.318	0.88076				2
2025.11.06	03:02:53.672	0.88075	0.88077			6
2025.11.06	03:02:54.010	0.88074				2
2025.11.06	03:02:55.431	0.88076	0.88078			6
2025.11.06	03:02:55.749	0.88075	0.88077			6
2025.11.06	03:02:56.465	0.88074	0.88078			6
2025.11.06	03:02:56.989	0.88077				2
2025.11.06	03:02:59.374	0.88076				2
2025.11.06	03:03:00.043	0.88076				2
2025.11.06	03:03:01.384		0.88077			4
2025.11.06	03:03:02.064		0.88078			4
2025.11.06	03:03:02.366	0.88078	0.88079			6
2025.11.06	03:03:02.985	0.88079	0.88080			6
2025.11.06	03:03:04.317		0.88081			4
2025.11.06	03:03:04.617	0.88080				2
2025.11.06	03:03:04.921	0.88079				2
2025.11.06	03:03:07.250		0.88080			4
2025.11.06	03:03:09.626	0.88080	0.88081			6
2025.11.06	03:03:11.625	0.88079				2
2025.11.06	03:03:12.280	0.88080				2
2025.11.06	03:03:12.585	0.88079				2
2025.11.06	03:03:13.089	0.88080				2
2025.11.06	03:03:13.955	0.88079	0.88080			6
2025.11.06	03:03:14.290	0.88080	0.88081			6
2025.11.06	03:03:15.113		0.88082			4
2025.11.06	03:03:15.693	0.88079	0.88081			6
2025.11.06	03:03:18.784	0.88078	0.88080			6
2025.11.06	03:03:19.940	0.88079				2
2025.11.06	03:03:31.341	0.88084	0.88086			6
2025.11.06	03:03:32.454	0.88083				2
2025.11.06	03:03:32.784	0.88085	0.88087			6
2025.11.06	03:03:33.101	0.88084	0.88086			6
2025.11.06	03:03:34.905		0.88087			4
2025.11.06	03:03:35.679	0.88086	0.88088			6
2025.11.06	03:03:36.023	0.88085				2
2025.11.06	03:03:36.429	0.88083				2
2025.11.06	03:03:37.526	0.88084				2
2025.11.06	03:03:37.940	0.88085				2
2025.11.06	03:03:38.247	0.88086				2
2025.11.06	03:03:39.258		0.88089			4
2025.11.06	03:03:40.318	0.88085				2
2025.11.06	03:03:42.276	0.88089	0.88090			6
2025.11.06	03:03:42.582		0.88091			4
2025.11.06	03:03:42.895		0.88090			4
2025.11.06	03:03:43.213	0.88088	0.88089			6
2025.11.06	03:03:44.127	0.88087				2
2025.11.06	03:03:44.578	0.88088				2
2025.11.06	03:03:46.236	0.88087	0.88090			6
2025.11.06	03:03:46.541	0.88086				2
2025.11.06	03:03:47.896	0.88087	0.88089			6
2025.11.06	03:03:50.303	0.88086				2
2025.11.06	03:03:51.491		0.88088			4
2025.11.06	03:03:51.803	0.88083	0.88086			6
2025.11.06	03:03:54.828		0.88087			4
2025.11.06	03:03:57.408		0.88088			4
2025.11.06	03:03:57.714	0.88086	0.88089			6
2025.11.06	03:03:58.050	0.88088	0.88091			6
2025.11.06	03:03:59.653	0.88090	0.88093			6
2025.11.06	03:03:59.964	0.88095	0.88097			6
2025.11.06	03:04:00.267	0.88094				2
2025.11.06	03:04:00.754	0.88092	0.88096			6
2025.11.06	03:04:01.106	0.88093	0.88095			6
2025.11.06	03:04:03.669	0.88091	0.88094			6
2025.11.06	03:04:04.052	0.88092				2
2025.11.06	03:04:04.494	0.88093	0.88095			6
2025.11.06	03:04:04.798	0.88092				2
2025.11.06	03:04:05.165	0.88093	0.88094			6
2025.11.06	03:04:05.870	0.88090	0.88093			6
2025.11.06	03:04:06.668	0.88089				2
2025.11.06	03:04:07.125	0.88091				2
2025.11.06	03:04:10.779	0.88089	0.88091			6
2025.11.06	03:04:15.887	0.88087	0.88089			6
2025.11.06	03:04:16.193	0.88088	0.88090			6
2025.11.06	03:04:17.147	0.88087	0.88089			6
2025.11.06	03:04:17.569	0.88086				2
2025.11.06	03:04:18.222	0.88087	0.88088			6
2025.11.06	03:04:19.236		0.88089			4
2025.11.06	03:04:19.648	0.88088	0.88091			6
2025.11.06	03:04:20.017		0.88090			4
2025.11.06	03:04:20.901	0.88087	0.88089			6
2025.11.06	03:04:21.210	0.88085	0.88088			6
2025.11.06	03:04:23.408	0.88086	0.88089			6
2025.11.06	03:04:24.969	0.88085				2
2025.11.06	03:04:25.437		0.88088			4
2025.11.06	03:04:26.014		0.88089			4
2025.11.06	03:04:32.103		0.88088			4
2025.11.06	03:04:32.740	0.88086				2
2025.11.06	03:04:33.173	0.88085				2
2025.11.06	03:04:33.581	0.88084				2
2025.11.06	03:04:34.344		0.88089			4
2025.11.06	03:04:34.848	0.88085				2
2025.11.06	03:04:35.731		0.88088			4
2025.11.06	03:04:36.518		0.88087			4
2025.11.06	03:04:36.878	0.88084	0.88088			6
2025.11.06	03:04:37.627	0.88085				2
2025.11.06	03:04:38.504	0.88084				2
2025.11.06	03:04:39.658		0.88089			4
2025.11.06	03:04:40.689	0.88086				2
2025.11.06	03:04:42.241	0.88084	0.88088			6
2025.11.06	03:04:43.128		0.88085			4
2025.11.06	03:04:43.622	0.88083	0.88087			6
2025.11.06	03:04:43.936	0.88084	0.88088			6
2025.11.06	03:04:44.239	0.88083				2
2025.11.06	03:04:46.216		0.88087			4
2025.11.06	03:04:47.174	0.88084				2
2025.11.06	03:04:47.484	0.88082	0.88086			6
2025.11.06	03:04:49.280	0.88081				2
2025.11.06	03:04:49.803		0.88085			4
2025.11.06	03:04:50.174	0.88082	0.88086			6
2025.11.06	03:04:51.685	0.88081	0.88085			6
2025.11.06	03:04:54.690	0.88082	0.88086			6
2025.11.06	03:04:55.004	0.88083				2
2025.11.06	03:04:57.031	0.88082				2
2025.11.06	03:05:01.259	0.88083				2
2025.11.06	03:05:04.852	0.88082	0.88085			6
2025.11.06	03:05:05.395	0.88083				2
2025.11.06	03:05:06.778	0.88080	0.88084			6
2025.11.06	03:05:07.079	0.88079				2
2025.11.06	03:05:08.385	0.88080				2
2025.11.06	03:05:10.762	0.88079				2
2025.11.06	03:05:11.989	0.88082	0.88083			6
2025.11.06	03:05:12.301	0.88081	0.88086			6
2025.11.06	03:05:18.109		0.88085			4
2025.11.06	03:05:18.761	0.88080	0.88084			6
2025.11.06	03:05:20.466	0.88082	0.88085			6
2025.11.06	03:05:26.720		0.88086			4
2025.11.06	03:05:27.143	0.88083	0.88085			6
2025.11.06	03:05:31.741		0.88086			4
2025.11.06	03:05:36.096		0.88087			4
2025.11.06	03:05:36.415	0.88084	0.88088			6
2025.11.06	03:05:40.443		0.88087			4
2025.11.06	03:05:40.882		0.88086			4
2025.11.06	03:05:41.214	0.88083	0.88085			6
2025.11.06	03:05:45.229		0.88087			4
2025.11.06	03:05:48.811		0.88086			4
2025.11.06	03:05:50.658		0.88087			4
2025.11.06	03:05:51.589		0.88085			4
2025.11.06	03:05:52.892	0.88084	0.88088			6
2025.11.06	03:05:54.488		0.88087			4
2025.11.06	03:05:56.217		0.88086			4
2025.11.06	03:05:59.278	0.88085				2
2025.11.06	03:05:59.805		0.88087			4
2025.11.06	03:06:00.307	0.88085				2
2025.11.06	03:06:01.290	0.88083	0.88085			6
2025.11.06	03:06:06.198	0.88082	0.88084			6
2025.11.06	03:06:07.128		0.88083			4
2025.11.06	03:06:11.154		0.88084			4
2025.11.06	03:06:11.869	0.88081	0.88083			6
2025.11.06	03:06:12.174	0.88082				2
2025.11.06	03:06:13.026		0.88084			4
2025.11.06	03:06:13.434		0.88083			4
2025.11.06	03:06:16.892	0.88081				2
2025.11.06	03:06:17.620	0.88082				2
2025.11.06	03:06:19.601	0.88083	0.88084			6
2025.11.06	03:06:20.578	0.88082				2
2025.11.06	03:06:21.718		0.88083			4
2025.11.06	03:06:23.273	0.88081	0.88084			6
2025.11.06	03:06:25.423		0.88083			4
2025.11.06	03:06:26.817	0.88082				2
2025.11.06	03:06:37.665	0.88081				2
2025.11.06	03:06:38.112	0.88082				2
2025.11.06	03:06:41.111		0.88085			4
2025.11.06	03:06:45.681		0.88084			4
2025.11.06	03:06:51.667	0.88084	0.88085			6
2025.11.06	03:06:56.023	0.88083	0.88084			6
2025.11.06	03:06:59.981	0.88085	0.88087			6
2025.11.06	03:07:00.427	0.88085				2
2025.11.06	03:07:04.687		0.88086			4
2025.11.06	03:07:09.595	0.88084	0.88085			6
2025.11.06	03:07:11.085	0.88083	0.88084			6
2025.11.06	03:07:23.919		0.88085			4
2025.11.06	03:07:24.915		0.88084			4
2025.11.06	03:07:27.764		0.88085			4
2025.11.06	03:07:29.454		0.88084			4
2025.11.06	03:07:30.447		0.88085			4
2025.11.06	03:07:32.115		0.88084			4
2025.11.06	03:07:37.023	0.88084	0.88085			6
2025.11.06	03:07:39.602	0.88083				2
2025.11.06	03:07:45.228	0.88084				2
2025.11.06	03:07:48.762	0.88080	0.88083			6
2025.11.06	03:07:49.142	0.88082				2
2025.11.06	03:07:50.253	0.88083	0.88084			6
2025.11.06	03:07:51.064	0.88084	0.88085			6
2025.11.06	03:07:51.777	0.88081	0.88084			6
2025.11.06	03:07:52.086	0.88082				2
2025.11.06	03:07:54.910	0.88079	0.88080			6
2025.11.06	03:07:55.251		0.88081			4
2025.11.06	03:07:56.087	0.88081	0.88082			6
2025.11.06	03:08:00.975	0.88081				2
2025.11.06	03:08:03.123	0.88078	0.88081			6
2025.11.06	03:08:04.348	0.88079				2
2025.11.06	03:08:05.731	0.88081	0.88082			6
2025.11.06	03:08:21.546	0.88082	0.88083			6
