<DATE>	<TIME>	<BID>	<ASK>	<LAST>	<VOLUME>	<FLAGS>
2025.05.20	00:03:30.715	0.84030	0.84218			6
2025.05.20	00:03:32.860	0.84028	0.84216			6
2025.05.20	00:03:37.734	0.84030	0.84218			6
2025.05.20	00:03:39.863	0.84028	0.84216			6
2025.05.20	00:03:41.381	0.84021	0.84243			6
2025.05.20	00:03:47.540	0.84027	0.84215			6
2025.05.20	00:03:49.364	0.84029				2
2025.05.20	00:03:49.667	0.84031	0.84218			6
2025.05.20	00:03:59.976	0.84060	0.84253			6
2025.05.20	00:04:00.853	0.84060				2
2025.05.20	00:04:12.056	0.84078	0.84266			6
2025.05.20	00:04:30.850	0.84080				2
2025.05.20	00:04:31.849	0.84079				2
2025.05.20	00:04:37.184	0.84092				2
2025.05.20	00:04:39.850	0.84091				2
2025.05.20	00:04:41.277	0.84087				2
2025.05.20	00:04:42.347	0.84094				2
2025.05.20	00:04:43.681		0.84267			4
2025.05.20	00:04:49.606	0.84106				2
2025.05.20	00:05:00.852	0.84106				2
2025.05.20	00:05:06.161		0.84228			4
2025.05.20	00:05:06.582		0.84224			4
2025.05.20	00:05:08.238		0.84229			4
2025.05.20	00:05:08.542		0.84224			4
2025.05.20	00:05:09.217		0.84226			4
2025.05.20	00:05:11.320		0.84227			4
2025.05.20	00:05:12.289		0.84226			4
2025.05.20	00:05:16.695		0.84227			4
2025.05.20	00:05:18.021		0.84225			4
2025.05.20	00:05:21.532		0.84226			4
2025.05.20	00:05:25.789		0.84227			4
2025.05.20	00:05:26.487		0.84226			4
2025.05.20	00:05:30.005		0.84225			4
2025.05.20	00:05:35.900		0.84224			4
2025.05.20	00:05:40.826		0.84226			4
2025.05.20	00:05:50.523		0.84225			4
2025.05.20	00:05:51.130		0.84224			4
2025.05.20	00:05:54.436	0.84142	0.84236			6
2025.05.20	00:05:55.462		0.84235			4
2025.05.20	00:05:55.803		0.84237			4
2025.05.20	00:05:56.350		0.84244			4
2025.05.20	00:06:00.722	0.84142	0.84242			6
2025.05.20	00:06:06.136		0.84237			4
2025.05.20	00:06:25.308		0.84236			4
2025.05.20	00:06:30.357		0.84235			4
2025.05.20	00:06:58.350		0.84234			4
2025.05.20	00:07:00.531	0.84142	0.84235			6
2025.05.20	00:07:05.241		0.84234			4
2025.05.20	00:07:08.350		0.84224			4
2025.05.20	00:07:11.662		0.84234			4
2025.05.20	00:07:12.436	0.84109	0.84233			6
2025.05.20	00:07:14.360	0.84130	0.84236			6
2025.05.20	00:07:14.925		0.84237			4
2025.05.20	00:07:19.042		0.84242			4
2025.05.20	00:07:19.636		0.84241			4
2025.05.20	00:07:24.352		0.84239			4
2025.05.20	00:07:24.787		0.84240			4
2025.05.20	00:07:28.359		0.84239			4
2025.05.20	00:07:35.022		0.84240			4
2025.05.20	00:07:39.953		0.84239			4
2025.05.20	00:07:40.316		0.84238			4
2025.05.20	00:07:44.921		0.84239			4
2025.05.20	00:07:49.685		0.84240			4
2025.05.20	00:07:52.063	0.84129	0.84230			6
2025.05.20	00:07:54.911		0.84229			4
2025.05.20	00:08:02.353	0.84129	0.84227			6
2025.05.20	00:08:05.141		0.84226			4
2025.05.20	00:08:06.352		0.84225			4
2025.05.20	00:08:23.023	0.84127	0.84213			6
2025.05.20	00:08:24.354		0.84216			4
2025.05.20	00:08:30.050		0.84215			4
2025.05.20	00:08:34.141		0.84212			4
2025.05.20	00:08:39.508		0.84215			4
2025.05.20	00:08:40.362		0.84214			4
2025.05.20	00:08:49.088		0.84212			4
2025.05.20	00:08:53.924		0.84211			4
2025.05.20	00:08:59.322		0.84212			4
2025.05.20	00:09:01.321	0.84127				2
2025.05.20	00:09:04.412		0.84214			4
2025.05.20	00:09:05.135		0.84213			4
2025.05.20	00:09:09.699		0.84212			4
2025.05.20	00:09:19.278		0.84211			4
2025.05.20	00:09:23.918		0.84213			4
2025.05.20	00:09:28.649		0.84212			4
2025.05.20	00:09:49.983	0.84130				2
2025.05.20	00:10:00.342	0.84130	0.84199			6
2025.05.20	00:10:11.942	0.84128	0.84189			6
2025.05.20	00:10:20.451	0.84130	0.84192			6
2025.05.20	00:10:25.300	0.84129	0.84191			6
2025.05.20	00:10:46.518	0.84131	0.84193			6
2025.05.20	00:10:52.885	0.84126	0.84207			6
2025.05.20	00:10:54.476	0.84127	0.84198			6
2025.05.20	00:10:57.284		0.84197			4
2025.05.20	00:10:58.347	0.84131	0.84193			6
2025.05.20	00:10:59.251	0.84127	0.84197			6
2025.05.20	00:11:01.322	0.84127				2
2025.05.20	00:11:03.309	0.84130				2
2025.05.20	00:11:05.618	0.84131	0.84192			6
2025.05.20	00:11:06.224	0.84130	0.84197			6
2025.05.20	00:11:12.468	0.84131	0.84192			6
2025.05.20	00:11:13.101	0.84130	0.84197			6
2025.05.20	00:11:19.520	0.84131	0.84192			6
2025.05.20	00:11:20.173	0.84130	0.84197			6
2025.05.20	00:11:26.365	0.84131	0.84194			6
2025.05.20	00:11:26.995	0.84130	0.84197			6
2025.05.20	00:11:30.283		0.84196			4
2025.05.20	00:12:01.323	0.84130				2
2025.05.20	00:12:30.585		0.84195			4
2025.05.20	00:13:00.855	0.84130				2
2025.05.20	00:13:31.717		0.84195			4
2025.05.20	00:13:48.583		0.84194			4
2025.05.20	00:13:51.217		0.84193			4
2025.05.20	00:13:52.307	0.84127				2
2025.05.20	00:14:00.852	0.84127				2
2025.05.20	00:14:02.682		0.84192			4
2025.05.20	00:15:00.471	0.84127				2
2025.05.20	00:15:03.233	0.84128	0.84192			6
2025.05.20	00:15:16.573	0.84125				2
2025.05.20	00:15:17.314	0.84130				2
2025.05.20	00:16:02.065	0.84130	0.84191			6
2025.05.20	00:16:13.566	0.84124	0.84189			6
2025.05.20	00:16:22.098		0.84186			4
2025.05.20	00:16:50.850	0.84125				2
2025.05.20	00:16:53.940	0.84124	0.84183			6
2025.05.20	00:16:58.782		0.84182			4
2025.05.20	00:17:00.848	0.84124				2
2025.05.20	00:17:03.341		0.84183			4
2025.05.20	00:17:06.354	0.84101	0.84197			6
2025.05.20	00:17:06.884		0.84196			4
2025.05.20	00:17:08.986		0.84195			4
2025.05.20	00:17:09.585		0.84194			4
2025.05.20	00:17:10.783		0.84193			4
2025.05.20	00:17:11.406		0.84192			4
2025.05.20	00:17:11.983		0.84191			4
2025.05.20	00:17:13.184	0.84113	0.84190			6
2025.05.20	00:17:14.385		0.84188			4
2025.05.20	00:17:14.985		0.84187			4
2025.05.20	00:17:16.036		0.84180			4
2025.05.20	00:17:16.483		0.84179			4
2025.05.20	00:17:16.785		0.84178			4
2025.05.20	00:17:17.383		0.84177			4
2025.05.20	00:17:18.284		0.84176			4
2025.05.20	00:17:19.187	0.84100	0.84175			6
2025.05.20	00:17:20.849		0.84174			4
2025.05.20	00:17:21.291		0.84168			4
2025.05.20	00:17:23.024	0.84102	0.84174			6
2025.05.20	00:17:30.395		0.84173			4
2025.05.20	00:17:32.422		0.84175			4
2025.05.20	00:17:33.034		0.84167			4
2025.05.20	00:17:37.917		0.84166			4
2025.05.20	00:17:41.457	0.84113				2
2025.05.20	00:17:43.689		0.84165			4
2025.05.20	00:17:48.321	0.84102				2
2025.05.20	00:17:48.975		0.84164			4
2025.05.20	00:17:49.941		0.84163			4
2025.05.20	00:18:00.848	0.84102				2
2025.05.20	00:18:04.433		0.84164			4
2025.05.20	00:18:07.933	0.84106				2
2025.05.20	00:18:12.980	0.84113				2
2025.05.20	00:18:19.289	0.84106				2
2025.05.20	00:18:25.482		0.84163			4
2025.05.20	00:18:27.061		0.84167			4
2025.05.20	00:18:46.581	0.84113				2
2025.05.20	00:18:52.570	0.84116	0.84198			6
2025.05.20	00:18:52.886	0.84115	0.84199			6
2025.05.20	00:18:53.570	0.84114	0.84200			6
2025.05.20	00:18:54.071	0.84115	0.84199			6
2025.05.20	00:18:54.815	0.84114	0.84200			6
2025.05.20	00:18:55.122	0.84113				2
2025.05.20	00:18:57.808		0.84201			4
2025.05.20	00:19:01.484	0.84113				2
2025.05.20	00:19:03.865	0.84115	0.84198			6
2025.05.20	00:19:07.024	0.84116				2
2025.05.20	00:19:09.058	0.84118	0.84196			6
2025.05.20	00:19:13.265		0.84195			4
2025.05.20	00:19:14.382	0.84119				2
2025.05.20	00:19:18.173		0.84194			4
2025.05.20	00:19:19.784	0.84120				2
2025.05.20	00:19:35.986	0.84119				2
2025.05.20	00:19:36.807	0.84115	0.84199			6
2025.05.20	00:19:45.286	0.84114	0.84200			6
2025.05.20	00:19:48.108		0.84198			4
2025.05.20	00:19:51.904		0.84199			4
2025.05.20	00:19:52.294	0.84105	0.84173			6
2025.05.20	00:19:53.228	0.84101	0.84169			6
2025.05.20	00:19:53.531		0.84170			4
2025.05.20	00:19:54.746	0.84108	0.84194			6
2025.05.20	00:20:00.847	0.84108				2
2025.05.20	00:20:15.098	0.84113				2
2025.05.20	00:20:20.802	0.84108				2
2025.05.20	00:20:23.656	0.84105	0.84203			6
2025.05.20	00:20:25.898		0.84211			4
2025.05.20	00:20:26.199		0.84213			4
2025.05.20	00:20:30.440		0.84212			4
2025.05.20	00:20:36.175		0.84211			4
2025.05.20	00:20:41.904		0.84210			4
2025.05.20	00:20:48.213	0.84113				2
2025.05.20	00:20:51.586		0.84211			4
2025.05.20	00:20:54.827	0.84105	0.84210			6
2025.05.20	00:20:55.939		0.84212			4
2025.05.20	00:21:00.075	0.84105				2
2025.05.20	00:21:03.438	0.84107	0.84207			6
2025.05.20	00:21:03.939	0.84105	0.84210			6
2025.05.20	00:21:04.440	0.84107	0.84207			6
2025.05.20	00:21:04.785	0.84105	0.84209			6
2025.05.20	00:21:05.445	0.84107	0.84207			6
2025.05.20	00:21:07.664	0.84105	0.84209			6
2025.05.20	00:21:16.087	0.84113	0.84207			6
2025.05.20	00:21:16.764		0.84209			4
2025.05.20	00:21:19.483		0.84207			4
2025.05.20	00:21:19.824		0.84209			4
2025.05.20	00:21:20.976		0.84208			4
2025.05.20	00:21:21.307		0.84209			4
2025.05.20	00:21:22.446	0.84105				2
2025.05.20	00:21:24.583		0.84208			4
2025.05.20	00:21:24.962		0.84209			4
2025.05.20	00:21:26.383		0.84207			4
2025.05.20	00:21:26.736		0.84209			4
2025.05.20	00:21:27.385		0.84207			4
2025.05.20	00:21:27.776		0.84206			4
2025.05.20	00:21:41.684		0.84209			4
2025.05.20	00:21:42.075		0.84207			4
2025.05.20	00:21:42.405		0.84208			4
2025.05.20	00:21:42.783		0.84206			4
2025.05.20	00:21:43.563		0.84208			4
2025.05.20	00:21:43.928		0.84206			4
2025.05.20	00:21:44.284		0.84208			4
2025.05.20	00:21:45.461		0.84206			4
2025.05.20	00:21:45.803		0.84208			4
2025.05.20	00:21:46.185		0.84206			4
2025.05.20	00:21:46.527	0.84113	0.84208			6
2025.05.20	00:21:46.863		0.84222			4
2025.05.20	00:21:47.183		0.84208			4
2025.05.20	00:21:47.584		0.84206			4
2025.05.20	00:21:47.965		0.84208			4
2025.05.20	00:21:48.723		0.84206			4
2025.05.20	00:21:49.027		0.84208			4
2025.05.20	00:21:49.344		0.84206			4
2025.05.20	00:21:49.691		0.84208			4
2025.05.20	00:21:50.025		0.84206			4
2025.05.20	00:21:50.765		0.84208			4
2025.05.20	00:21:51.077		0.84206			4
2025.05.20	00:21:51.416	0.84105				2
2025.05.20	00:21:52.131		0.84208			4
2025.05.20	00:21:52.474		0.84222			4
2025.05.20	00:21:52.793		0.84206			4
2025.05.20	00:21:53.563		0.84208			4
2025.05.20	00:21:53.874		0.84206			4
2025.05.20	00:21:54.674		0.84208			4
2025.05.20	00:21:55.467		0.84222			4
2025.05.20	00:21:55.783		0.84208			4
2025.05.20	00:21:56.183		0.84207			4
2025.05.20	00:21:57.775		0.84205			4
2025.05.20	00:21:58.563		0.84207			4
2025.05.20	00:21:58.874		0.84205			4
2025.05.20	00:21:59.224		0.84207			4
2025.05.20	00:21:59.524		0.84222			4
2025.05.20	00:21:59.864		0.84207			4
2025.05.20	00:22:00.264	0.84105				2
2025.05.20	00:22:00.627		0.84205			4
2025.05.20	00:22:01.004		0.84207			4
2025.05.20	00:22:01.383		0.84205			4
2025.05.20	00:22:02.165		0.84207			4
2025.05.20	00:22:02.476		0.84205			4
2025.05.20	00:22:02.874		0.84207			4
2025.05.20	00:22:04.324		0.84206			4
2025.05.20	00:22:04.724		0.84205			4
2025.05.20	00:22:05.038		0.84207			4
2025.05.20	00:22:06.075		0.84205			4
2025.05.20	00:22:06.424		0.84207			4
2025.05.20	00:22:07.627		0.84205			4
2025.05.20	00:22:08.004		0.84207			4
2025.05.20	00:22:08.324		0.84205			4
2025.05.20	00:22:08.682		0.84207			4
2025.05.20	00:22:09.466		0.84205			4
2025.05.20	00:22:09.778		0.84207			4
2025.05.20	00:22:10.125		0.84205			4
2025.05.20	00:22:11.328		0.84207			4
2025.05.20	00:22:11.677		0.84205			4
2025.05.20	00:22:12.025		0.84207			4
2025.05.20	00:22:12.375		0.84205			4
2025.05.20	00:22:13.160		0.84207			4
2025.05.20	00:22:13.476		0.84205			4
2025.05.20	00:22:13.828		0.84208			4
2025.05.20	00:22:14.174		0.84205			4
2025.05.20	00:22:15.174		0.84208			4
2025.05.20	00:22:15.531		0.84205			4
2025.05.20	00:22:15.876		0.84208			4
2025.05.20	00:22:16.925		0.84222			4
2025.05.20	00:22:17.265		0.84208			4
2025.05.20	00:22:17.624		0.84205			4
2025.05.20	00:22:17.925		0.84208			4
2025.05.20	00:22:18.282		0.84205			4
2025.05.20	00:22:18.629	0.84113				2
2025.05.20	00:22:18.943		0.84222			4
2025.05.20	00:22:19.263		0.84208			4
2025.05.20	00:22:20.385		0.84222			4
2025.05.20	00:22:20.712		0.84205			4
2025.05.20	00:22:21.027		0.84208			4
2025.05.20	00:22:22.838		0.84205			4
2025.05.20	00:22:23.148		0.84214			4
2025.05.20	00:22:25.587	0.84106				2
2025.05.20	00:22:50.176		0.84212			4
2025.05.20	00:22:50.525		0.84214			4
2025.05.20	00:22:50.874		0.84212			4
2025.05.20	00:22:51.924		0.84214			4
2025.05.20	00:22:52.243		0.84212			4
2025.05.20	00:22:52.579		0.84211			4
2025.05.20	00:22:53.308	0.84113	0.84214			6
2025.05.20	00:22:54.024		0.84211			4
2025.05.20	00:22:54.378		0.84214			4
2025.05.20	00:22:54.774		0.84211			4
2025.05.20	00:22:55.125		0.84214			4
2025.05.20	00:22:55.474		0.84211			4
2025.05.20	00:22:55.784		0.84214			4
2025.05.20	00:22:56.166		0.84211			4
2025.05.20	00:22:56.577		0.84214			4
2025.05.20	00:22:58.292	0.84106				2
2025.05.20	00:23:02.423	0.84105				2
2025.05.20	00:23:05.378	0.84104				2
2025.05.20	00:23:07.627	0.84105				2
2025.05.20	00:23:08.125	0.84104				2
2025.05.20	00:23:08.437	0.84105				2
2025.05.20	00:23:11.384	0.84104	0.84211			6
2025.05.20	00:23:11.715		0.84210			4
2025.05.20	00:23:12.380		0.84214			4
2025.05.20	00:23:14.387	0.84105				2
2025.05.20	00:23:18.880		0.84210			4
2025.05.20	00:23:19.376		0.84214			4
2025.05.20	00:23:21.390		0.84210			4
2025.05.20	00:23:22.038	0.84119				2
2025.05.20	00:23:22.375		0.84214			4
2025.05.20	00:23:23.883		0.84210			4
2025.05.20	00:23:24.378		0.84214			4
2025.05.20	00:23:26.378		0.84210			4
2025.05.20	00:23:27.379		0.84214			4
2025.05.20	00:23:27.705	0.84114				2
2025.05.20	00:23:29.379		0.84211			4
2025.05.20	00:23:30.376		0.84214			4
2025.05.20	00:23:31.778	0.84105				2
2025.05.20	00:23:32.376		0.84211			4
2025.05.20	00:23:33.375		0.84214			4
2025.05.20	00:23:35.375		0.84211			4
2025.05.20	00:23:36.375		0.84214			4
2025.05.20	00:23:38.382		0.84211			4
2025.05.20	00:23:39.375		0.84214			4
2025.05.20	00:23:40.021	0.84101	0.84197			6
2025.05.20	00:23:50.357		0.84193			4
2025.05.20	00:23:53.143	0.84113				2
2025.05.20	00:23:58.251	0.84101				2
2025.05.20	00:24:00.852	0.84101				2
2025.05.20	00:24:10.404		0.84190			4
2025.05.20	00:24:11.235		0.84193			4
2025.05.20	00:24:20.611		0.84192			4
2025.05.20	00:24:21.232		0.84191			4
2025.05.20	00:24:22.358		0.84190			4
2025.05.20	00:24:23.609	0.84113	0.84191			6
2025.05.20	00:24:27.912		0.84189			4
2025.05.20	00:24:28.485	0.84101				2
2025.05.20	00:24:40.315		0.84183			4
2025.05.20	00:24:56.406	0.84113				2
2025.05.20	00:25:00.313	0.84113				2
2025.05.20	00:25:01.704	0.84101				2
2025.05.20	00:25:11.927	0.84106				2
2025.05.20	00:25:24.390	0.84113				2
2025.05.20	00:25:30.322	0.84108				2
2025.05.20	00:25:34.990		0.84198			4
2025.05.20	00:25:35.581	0.84111				2
2025.05.20	00:26:00.856	0.84111				2
2025.05.20	00:26:29.889		0.84194			4
2025.05.20	00:26:42.954	0.84105				2
2025.05.20	00:26:56.885	0.84107				2
2025.05.20	00:27:00.291	0.84107				2
2025.05.20	00:27:02.387	0.84111				2
2025.05.20	00:27:07.274	0.84117	0.84218			6
2025.05.20	00:27:09.256		0.84219			4
2025.05.20	00:27:15.860	0.84126	0.84215			6
2025.05.20	00:27:30.213		0.84220			4
2025.05.20	00:27:30.526		0.84219			4
2025.05.20	00:27:35.821	0.84132				2
2025.05.20	00:27:36.162		0.84233			4
2025.05.20	00:27:36.583		0.84246			4
2025.05.20	00:27:37.032		0.84236			4
2025.05.20	00:27:46.285		0.84235			4
2025.05.20	00:27:47.028		0.84232			4
2025.05.20	00:27:47.396		0.84235			4
2025.05.20	00:27:52.965		0.84233			4
2025.05.20	00:28:00.292	0.84132				2
2025.05.20	00:28:02.061		0.84232			4
2025.05.20	00:28:14.372		0.84234			4
2025.05.20	00:28:15.009		0.84237			4
2025.05.20	00:28:15.904		0.84245			4
2025.05.20	00:28:21.804		0.84244			4
2025.05.20	00:28:29.805		0.84245			4
2025.05.20	00:28:31.587		0.84236			4
2025.05.20	00:28:31.899		0.84241			4
2025.05.20	00:28:32.224		0.84236			4
2025.05.20	00:28:32.928		0.84243			4
2025.05.20	00:28:34.624		0.84242			4
2025.05.20	00:28:34.965		0.84244			4
2025.05.20	00:28:35.624		0.84243			4
2025.05.20	00:28:37.808		0.84244			4
2025.05.20	00:28:38.307		0.84242			4
2025.05.20	00:28:38.682		0.84243			4
2025.05.20	00:28:39.764	0.84130	0.84244			6
2025.05.20	00:28:40.095		0.84239			4
2025.05.20	00:28:40.398		0.84242			4
2025.05.20	00:28:42.019		0.84244			4
2025.05.20	00:28:45.474	0.84128				2
2025.05.20	00:28:48.230	0.84129	0.84256			6
2025.05.20	00:28:50.089	0.84131				2
2025.05.20	00:28:52.061	0.84128	0.84255			6
2025.05.20	00:28:53.199	0.84136	0.84262			6
2025.05.20	00:28:54.013		0.84254			4
2025.05.20	00:28:54.714	0.84131	0.84262			6
2025.05.20	00:28:55.042	0.84132				2
2025.05.20	00:28:55.415		0.84244			4
2025.05.20	00:28:55.818		0.84262			4
2025.05.20	00:28:58.171	0.84134				2
2025.05.20	00:29:00.884	0.84134				2
2025.05.20	00:29:02.741	0.84131				2
2025.05.20	00:29:04.111	0.84127				2
2025.05.20	00:29:04.794	0.84128				2
2025.05.20	00:29:05.114	0.84129				2
2025.05.20	00:29:07.240	0.84128				2
2025.05.20	00:29:07.544	0.84129				2
2025.05.20	00:29:08.084	0.84126				2
2025.05.20	00:29:08.395	0.84129	0.84261			6
2025.05.20	00:29:09.759	0.84120				2
2025.05.20	00:29:10.061	0.84121				2
2025.05.20	00:29:10.583		0.84259			4
2025.05.20	00:29:12.227	0.84120				2
2025.05.20	00:29:12.700	0.84119				2
2025.05.20	00:29:16.557	0.84116	0.84262			6
2025.05.20	00:29:16.865	0.84114	0.84247			6
2025.05.20	00:29:17.177	0.84116				2
2025.05.20	00:29:18.468	0.84115	0.84242			6
2025.05.20	00:29:19.271	0.84114	0.84246			6
2025.05.20	00:29:19.571		0.84239			4
2025.05.20	00:29:22.341	0.84108	0.84164			6
2025.05.20	00:29:29.216	0.84111				2
2025.05.20	00:29:29.970	0.84113				2
2025.05.20	00:29:30.636	0.84114				2
2025.05.20	00:29:31.297	0.84126				2
2025.05.20	00:29:31.943	0.84127				2
2025.05.20	00:29:32.622	0.84125				2
2025.05.20	00:29:34.097	0.84127				2
2025.05.20	00:29:34.999	0.84126				2
2025.05.20	00:29:35.300	0.84127				2
2025.05.20	00:29:36.943	0.84126				2
2025.05.20	00:29:37.584	0.84128				2
2025.05.20	00:29:37.885	0.84127				2
2025.05.20	00:29:39.746	0.84126				2
2025.05.20	00:29:40.813	0.84127				2
2025.05.20	00:29:41.534	0.84130				2
2025.05.20	00:29:45.139	0.84131				2
2025.05.20	00:29:49.763	0.84132				2
2025.05.20	00:29:50.441	0.84131	0.84245			6
2025.05.20	00:29:50.781	0.84132				2
2025.05.20	00:29:51.450		0.84242			4
2025.05.20	00:29:51.893		0.84245			4
2025.05.20	00:29:52.302		0.84242			4
2025.05.20	00:29:53.025	0.84130	0.84245			6
2025.05.20	00:29:53.342	0.84132	0.84242			6
2025.05.20	00:29:53.764		0.84245			4
2025.05.20	00:30:00.313	0.84130				2
2025.05.20	00:30:00.633	0.84129	0.84242			6
2025.05.20	00:30:01.324	0.84130	0.84245			6
2025.05.20	00:30:01.702	0.84129	0.84242			6
2025.05.20	00:30:02.053	0.84130	0.84245			6
2025.05.20	00:30:02.454	0.84129	0.84242			6
2025.05.20	00:30:02.894	0.84130	0.84245			6
2025.05.20	00:30:03.361	0.84129	0.84242			6
2025.05.20	00:30:03.845	0.84130	0.84245			6
2025.05.20	00:30:04.330	0.84129	0.84242			6
2025.05.20	00:30:04.817	0.84130	0.84245			6
2025.05.20	00:30:05.124	0.84129	0.84242			6
2025.05.20	00:30:05.720	0.84130	0.84245			6
2025.05.20	00:30:06.114	0.84129	0.84242			6
2025.05.20	00:30:06.612	0.84130	0.84245			6
2025.05.20	00:30:07.014	0.84129				2
2025.05.20	00:30:07.356	0.84127	0.84242			6
2025.05.20	00:30:07.751	0.84130				2
2025.05.20	00:30:08.059		0.84245			4
2025.05.20	00:30:08.432	0.84127	0.84242			6
2025.05.20	00:30:09.180	0.84129	0.84245			6
2025.05.20	00:30:10.001	0.84128	0.84242			6
2025.05.20	00:30:10.420		0.84245			4
2025.05.20	00:30:10.742	0.84130				2
2025.05.20	00:30:11.100	0.84128	0.84242			6
2025.05.20	00:30:11.882	0.84129	0.84245			6
2025.05.20	00:30:12.231	0.84128	0.84242			6
2025.05.20	00:30:12.897	0.84130	0.84245			6
2025.05.20	00:30:13.313	0.84125				2
2025.05.20	00:30:15.311	0.84113				2
2025.05.20	00:30:18.586	0.84114				2
2025.05.20	00:30:25.320	0.84099				2
2025.05.20	00:30:26.618	0.84094	0.84240			6
2025.05.20	00:30:26.984	0.84096	0.84212			6
2025.05.20	00:30:28.720	0.84084	0.84211			6
2025.05.20	00:30:30.319	0.84093				2
2025.05.20	00:30:34.013	0.84094				2
2025.05.20	00:30:36.001	0.84112				2
2025.05.20	00:30:39.112	0.84110	0.84205			6
2025.05.20	00:30:41.870	0.84091				2
2025.05.20	00:30:49.366	0.84089	0.84199			6
2025.05.20	00:30:53.579	0.84091	0.84200			6
2025.05.20	00:31:01.787	0.84091				2
2025.05.20	00:31:05.384	0.84092				2
2025.05.20	00:31:05.783	0.84112				2
2025.05.20	00:31:11.620	0.84092				2
2025.05.20	00:31:15.885	0.84093				2
2025.05.20	00:31:19.236	0.84090	0.84196			6
2025.05.20	00:31:20.941	0.84091				2
2025.05.20	00:31:26.345	0.84095	0.84200			6
2025.05.20	00:31:26.695	0.84096				2
2025.05.20	00:31:27.176	0.84097				2
2025.05.20	00:31:32.989	0.84095				2
2025.05.20	00:31:33.298	0.84099				2
2025.05.20	00:31:34.517	0.84097				2
2025.05.20	00:31:34.819	0.84099				2
2025.05.20	00:31:35.283	0.84098				2
2025.05.20	00:31:35.598	0.84100				2
2025.05.20	00:31:36.207	0.84101				2
2025.05.20	00:31:37.298	0.84112				2
2025.05.20	00:31:39.022		0.84198			4
2025.05.20	00:31:42.808	0.84096				2
2025.05.20	00:31:43.577	0.84094				2
2025.05.20	00:31:44.082	0.84095				2
2025.05.20	00:31:51.666	0.84097				2
2025.05.20	00:32:00.439	0.84097				2
2025.05.20	00:32:03.886	0.84098				2
2025.05.20	00:32:08.033	0.84112				2
2025.05.20	00:32:13.503	0.84098				2
2025.05.20	00:32:20.195	0.84102	0.84200			6
2025.05.20	00:32:30.139	0.84103				2
2025.05.20	00:32:36.200		0.84201			4
2025.05.20	00:32:38.296	0.84112				2
2025.05.20	00:32:43.509	0.84103				2
2025.05.20	00:32:44.062	0.84098				2
2025.05.20	00:32:46.205	0.84095				2
2025.05.20	00:32:47.806	0.84096				2
2025.05.20	00:32:50.153		0.84189			4
2025.05.20	00:32:52.484	0.84097				2
2025.05.20	00:32:54.405	0.84099				2
2025.05.20	00:32:55.385	0.84098				2
2025.05.20	00:32:58.727	0.84100				2
2025.05.20	00:32:59.424	0.84099				2
2025.05.20	00:33:00.283	0.84100				2
2025.05.20	00:33:07.565	0.84099				2
2025.05.20	00:33:08.033	0.84100				2
2025.05.20	00:33:08.342	0.84112	0.84182			6
2025.05.20	00:33:14.135	0.84099				2
2025.05.20	00:33:18.827	0.84100				2
2025.05.20	00:33:21.069	0.84102				2
2025.05.20	00:33:37.985	0.84112				2
2025.05.20	00:33:44.354	0.84102				2
2025.05.20	00:34:00.851	0.84102				2
2025.05.20	00:34:08.544		0.84182			4
2025.05.20	00:34:11.960	0.84108				2
2025.05.20	00:34:18.673	0.84102				2
2025.05.20	00:34:19.483	0.84103				2
2025.05.20	00:34:20.849		0.84181			4
2025.05.20	00:34:26.985	0.84102				2
2025.05.20	00:34:46.669	0.84108				2
2025.05.20	00:34:53.483	0.84102				2
2025.05.20	00:35:00.848	0.84102				2
2025.05.20	00:35:14.653	0.84108				2
2025.05.20	00:35:20.276	0.84102				2
2025.05.20	00:35:20.850		0.84181			4
2025.05.20	00:35:39.589	0.84103				2
2025.05.20	00:35:40.848		0.84180			4
2025.05.20	00:35:46.285	0.84108				2
2025.05.20	00:35:51.957	0.84102				2
2025.05.20	00:35:54.649	0.84100	0.84177			6
2025.05.20	00:36:00.849	0.84100				2
2025.05.20	00:36:13.055	0.84108				2
2025.05.20	00:36:18.446	0.84101				2
2025.05.20	00:36:31.159	0.84102				2
2025.05.20	00:36:36.196		0.84174			4
2025.05.20	00:36:40.181	0.84108				2
2025.05.20	00:36:47.036	0.84102				2
2025.05.20	00:36:58.733	0.84099	0.84172			6
2025.05.20	00:37:00.863	0.84099				2
2025.05.20	00:37:02.584	0.84101	0.84173			6
2025.05.20	00:37:14.011	0.84108				2
2025.05.20	00:37:19.721	0.84101				2
2025.05.20	00:37:22.483	0.84102				2
2025.05.20	00:37:22.857	0.84101				2
2025.05.20	00:37:46.532	0.84108				2
2025.05.20	00:37:52.419	0.84101				2
2025.05.20	00:38:00.851	0.84101				2
2025.05.20	00:38:02.085	0.84102				2
2025.05.20	00:38:04.109		0.84173			4
2025.05.20	00:38:05.812	0.84103				2
2025.05.20	00:38:06.485	0.84104				2
2025.05.20	00:38:07.765	0.84103				2
2025.05.20	00:38:13.483	0.84102				2
2025.05.20	00:38:18.531	0.84108				2
2025.05.20	00:38:23.291	0.84102				2
2025.05.20	00:38:28.968	0.84101				2
2025.05.20	00:38:31.927	0.84106	0.84193			6
2025.05.20	00:38:44.524	0.84108				2
2025.05.20	00:38:49.824	0.84106				2
2025.05.20	00:39:01.330	0.84106				2
2025.05.20	00:39:14.266	0.84108				2
2025.05.20	00:39:20.472	0.84106				2
2025.05.20	00:39:39.319		0.84193			4
2025.05.20	00:39:47.622	0.84108				2
2025.05.20	00:39:53.793	0.84106				2
2025.05.20	00:40:00.589	0.84106				2
2025.05.20	00:40:07.571	0.84105				2
2025.05.20	00:40:14.572		0.84198			4
2025.05.20	00:40:15.854	0.84108				2
2025.05.20	00:40:17.563		0.84201			4
2025.05.20	00:40:20.567	0.84105				2
2025.05.20	00:40:21.884	0.84106				2
2025.05.20	00:40:32.569		0.84198			4
2025.05.20	00:40:33.563		0.84201			4
2025.05.20	00:40:34.483	0.84105				2
2025.05.20	00:40:35.320		0.84193			4
2025.05.20	00:40:36.570		0.84201			4
2025.05.20	00:40:45.883	0.84108				2
2025.05.20	00:40:51.786	0.84105				2
2025.05.20	00:41:00.847	0.84105				2
2025.05.20	00:41:10.075		0.84198			4
2025.05.20	00:41:10.565		0.84201			4
2025.05.20	00:41:14.272	0.84108	0.84198			6
2025.05.20	00:41:15.075		0.84196			4
2025.05.20	00:41:15.568		0.84198			4
2025.05.20	00:41:19.425	0.84105				2
2025.05.20	00:41:20.562		0.84196			4
2025.05.20	00:41:35.074		0.84193			4
2025.05.20	00:41:44.194	0.84108				2
2025.05.20	00:41:50.708	0.84105				2
2025.05.20	00:41:52.115	0.84109				2
2025.05.20	00:41:52.501	0.84107				2
2025.05.20	00:42:01.322	0.84107				2
2025.05.20	00:42:12.477	0.84108				2
2025.05.20	00:42:16.748	0.84107				2
2025.05.20	00:42:19.062	0.84106				2
2025.05.20	00:42:31.487	0.84105				2
2025.05.20	00:42:36.267	0.84106	0.84193			6
2025.05.20	00:42:41.930	0.84108				2
2025.05.20	00:42:48.308	0.84106				2
2025.05.20	00:42:50.681	0.84105	0.84188			6
2025.05.20	00:43:01.492	0.84104				2
2025.05.20	00:43:06.285	0.84105				2
2025.05.20	00:43:10.705	0.84108				2
2025.05.20	00:43:16.985	0.84105				2
2025.05.20	00:43:41.224		0.84193			4
2025.05.20	00:43:42.487	0.84108				2
2025.05.20	00:43:47.580	0.84106				2
2025.05.20	00:43:56.199	0.84105				2
2025.05.20	00:44:04.183	0.84105				2
2025.05.20	00:44:10.826	0.84108				2
2025.05.20	00:44:17.401	0.84105				2
2025.05.20	00:44:21.617	0.84097	0.84241			6
2025.05.20	00:44:22.181	0.84096	0.84242			6
2025.05.20	00:44:22.784	0.84097				2
2025.05.20	00:44:23.858	0.84096				2
2025.05.20	00:44:25.362	0.84097				2
2025.05.20	00:44:27.282	0.84098				2
2025.05.20	00:44:30.283	0.84099				2
2025.05.20	00:44:32.357		0.84240			4
2025.05.20	00:44:33.885	0.84100				2
2025.05.20	00:44:34.541		0.84239			4
2025.05.20	00:44:38.958	0.84110				2
2025.05.20	00:44:41.173		0.84240			4
2025.05.20	00:44:44.084	0.84101				2
2025.05.20	00:44:44.427	0.84103				2
2025.05.20	00:44:47.984	0.84104				2
2025.05.20	00:44:48.965	0.84103	0.84241			6
2025.05.20	00:44:49.397	0.84101				2
2025.05.20	00:44:50.072	0.84099				2
2025.05.20	00:44:53.025		0.84240			4
2025.05.20	00:44:54.426		0.84241			4
2025.05.20	00:44:57.285	0.84100				2
2025.05.20	00:44:59.046		0.84240			4
2025.05.20	00:45:00.582	0.84100				2
2025.05.20	00:45:01.957	0.84105	0.84186			6
2025.05.20	00:45:02.300	0.84116				2
2025.05.20	00:45:02.607	0.84115				2
2025.05.20	00:45:04.175	0.84116				2
2025.05.20	00:45:04.482	0.84100	0.84240			6
2025.05.20	00:45:05.165	0.84110				2
2025.05.20	00:45:08.912	0.84122	0.84228			6
2025.05.20	00:45:10.484		0.84232			4
2025.05.20	00:45:11.426	0.84123	0.84220			6
2025.05.20	00:45:25.795	0.84124				2
2025.05.20	00:45:28.082	0.84115	0.84195			6
2025.05.20	00:45:28.438	0.84116				2
2025.05.20	00:45:33.883		0.84194			4
2025.05.20	00:45:35.096	0.84122	0.84196			6
2025.05.20	00:45:41.118	0.84113				2
2025.05.20	00:45:41.739	0.84114				2
2025.05.20	00:45:48.559	0.84112	0.84163			6
2025.05.20	00:45:48.882		0.84173			4
2025.05.20	00:45:58.154	0.84115	0.84191			6
2025.05.20	00:45:58.459	0.84116				2
2025.05.20	00:46:00.116	0.84116				2
2025.05.20	00:46:02.389	0.84122				2
2025.05.20	00:46:07.638	0.84116				2
2025.05.20	00:46:12.295		0.84189			4
2025.05.20	00:46:12.675		0.84191			4
2025.05.20	00:46:16.607	0.84117				2
2025.05.20	00:46:18.308	0.84116				2
2025.05.20	00:46:20.846	0.84117				2
2025.05.20	00:46:21.883	0.84116				2
2025.05.20	00:46:32.459	0.84122				2
2025.05.20	00:46:37.915	0.84116				2
2025.05.20	00:46:38.805		0.84189			4
2025.05.20	00:46:44.984	0.84117				2
2025.05.20	00:46:49.624		0.84191			4
2025.05.20	00:46:58.259	0.84116				2
2025.05.20	00:47:00.736	0.84116				2
2025.05.20	00:47:01.914		0.84153			4
2025.05.20	00:47:02.535	0.84115				2
2025.05.20	00:47:03.149		0.84152			4
2025.05.20	00:47:03.754	0.84113				2
2025.05.20	00:47:04.663	0.84116	0.84191			6
2025.05.20	00:47:05.668	0.84122				2
2025.05.20	00:47:11.488		0.84186			4
2025.05.20	00:47:11.812	0.84116				2
2025.05.20	00:47:16.586		0.84187			4
2025.05.20	00:47:17.985	0.84117				2
2025.05.20	00:47:20.305	0.84118	0.84191			6
2025.05.20	00:47:27.656		0.84177			4
2025.05.20	00:47:29.678		0.84178			4
2025.05.20	00:47:30.386		0.84179			4
2025.05.20	00:47:34.784		0.84178			4
2025.05.20	00:47:35.408	0.84122				2
2025.05.20	00:47:41.957	0.84118				2
2025.05.20	00:47:48.419	0.84117				2
2025.05.20	00:47:51.335	0.84118	0.84182			6
2025.05.20	00:47:52.746		0.84181			4
2025.05.20	00:47:53.082		0.84179			4
2025.05.20	00:48:00.390	0.84118				2
2025.05.20	00:48:01.922		0.84183			4
2025.05.20	00:48:09.075	0.84122				2
2025.05.20	00:48:12.283		0.84179			4
2025.05.20	00:48:15.058	0.84118				2
2025.05.20	00:48:16.271		0.84184			4
2025.05.20	00:48:19.019	0.84119	0.84183			6
2025.05.20	00:48:23.084		0.84184			4
2025.05.20	00:48:28.182		0.84186			4
2025.05.20	00:48:30.849		0.84185			4
2025.05.20	00:48:31.338		0.84184			4
2025.05.20	00:48:34.484		0.84185			4
2025.05.20	00:48:39.282		0.84184			4
2025.05.20	00:48:39.586		0.84182			4
2025.05.20	00:48:40.053		0.84186			4
2025.05.20	00:48:40.854	0.84122				2
2025.05.20	00:48:45.923		0.84182			4
2025.05.20	00:48:47.069	0.84119				2
2025.05.20	00:48:48.585		0.84181			4
2025.05.20	00:48:51.685		0.84179			4
2025.05.20	00:49:00.848	0.84119				2
2025.05.20	00:49:09.879	0.84122				2
2025.05.20	00:49:16.850	0.84119				2
2025.05.20	00:49:28.484	0.84120				2
2025.05.20	00:49:31.175	0.84121	0.84178			6
2025.05.20	00:49:32.061	0.84120	0.84179			6
2025.05.20	00:49:40.528	0.84122				2
2025.05.20	00:50:00.851	0.84122				2
2025.05.20	00:50:11.960		0.84178			4
2025.05.20	00:50:12.286		0.84179			4
2025.05.20	00:50:16.268		0.84178			4
2025.05.20	00:50:26.266		0.84180			4
2025.05.20	00:50:28.081		0.84179			4
2025.05.20	00:50:39.863		0.84180			4
2025.05.20	00:50:46.484		0.84179			4
2025.05.20	00:50:48.104		0.84180			4
2025.05.20	00:50:52.162		0.84178			4
2025.05.20	00:51:00.148	0.84122				2
2025.05.20	00:51:02.087		0.84180			4
2025.05.20	00:51:18.883		0.84179			4
2025.05.20	00:51:30.849		0.84180			4
2025.05.20	00:51:35.886		0.84182			4
2025.05.20	00:51:36.537		0.84180			4
2025.05.20	00:51:36.860		0.84178			4
2025.05.20	00:51:42.584		0.84179			4
2025.05.20	00:51:53.693	0.84121				2
2025.05.20	00:51:55.539		0.84180			4
2025.05.20	00:51:57.999		0.84179			4
2025.05.20	00:51:58.482	0.84122				2
2025.05.20	00:51:58.932	0.84121	0.84180			6
2025.05.20	00:52:00.084	0.84121				2
2025.05.20	00:52:05.382	0.84120	0.84182			6
2025.05.20	00:52:05.981		0.84180			4
2025.05.20	00:52:06.810	0.84122	0.84179			6
2025.05.20	00:52:12.282		0.84177			4
2025.05.20	00:52:22.483		0.84179			4
2025.05.20	00:52:51.009		0.84190			4
2025.05.20	00:52:57.249	0.84121	0.84187			6
2025.05.20	00:52:58.144	0.84120				2
2025.05.20	00:53:01.395	0.84120				2
2025.05.20	00:53:06.282	0.84122				2
2025.05.20	00:53:12.914	0.84121	0.84180			6
2025.05.20	00:53:18.217		0.84178			4
2025.05.20	00:53:26.725		0.84179			4
2025.05.20	00:53:30.124	0.84120	0.84181			6
2025.05.20	00:53:33.537		0.84180			4
2025.05.20	00:54:00.943	0.84122	0.84179			6
2025.05.20	00:54:06.882	0.84121				2
2025.05.20	00:54:49.018	0.84122				2
2025.05.20	00:54:52.141	0.84121	0.84175			6
2025.05.20	00:55:00.408	0.84121				2
2025.05.20	00:55:00.849		0.84176			4
2025.05.20	00:55:01.588		0.84175			4
2025.05.20	00:55:10.483		0.84176			4
2025.05.20	00:55:21.157	0.84120	0.84177			6
2025.05.20	00:55:22.545	0.84121	0.84175			6
2025.05.20	00:55:31.183	0.84129	0.84172			6
2025.05.20	00:55:47.275		0.84173			4
2025.05.20	00:55:51.995	0.84128	0.84174			6
2025.05.20	00:55:56.683	0.84117	0.84177			6
2025.05.20	00:55:57.068	0.84115	0.84174			6
2025.05.20	00:56:00.407	0.84115				2
2025.05.20	00:56:00.867		0.84175			4
2025.05.20	00:56:03.064	0.84121	0.84173			6
2025.05.20	00:56:06.350	0.84122	0.84172			6
2025.05.20	00:56:10.025	0.84121	0.84173			6
2025.05.20	00:56:52.788		0.84171			4
2025.05.20	00:56:59.984		0.84173			4
2025.05.20	00:57:05.049	0.84121				2
2025.05.20	00:57:39.584	0.84120				2
2025.05.20	00:58:01.085	0.84121	0.84172			6
2025.05.20	00:58:01.482	0.84122	0.84171			6
2025.05.20	00:58:06.558	0.84123				2
2025.05.20	00:58:06.859		0.84170			4
2025.05.20	00:58:16.509		0.84187			4
2025.05.20	00:58:19.424	0.84124	0.84192			6
2025.05.20	00:58:22.368	0.84125	0.84194			6
2025.05.20	00:58:23.016		0.84196			4
2025.05.20	00:58:24.285		0.84194			4
2025.05.20	00:58:25.864	0.84123	0.84196			6
2025.05.20	00:58:26.927	0.84122	0.84199			6
2025.05.20	00:58:27.538		0.84197			4
2025.05.20	00:58:27.969		0.84198			4
2025.05.20	00:58:31.099	0.84123	0.84197			6
2025.05.20	00:58:35.865		0.84198			4
2025.05.20	00:58:41.254		0.84201			4
2025.05.20	00:58:42.282		0.84199			4
2025.05.20	00:58:43.727	0.84124				2
2025.05.20	00:58:44.038		0.84202			4
2025.05.20	00:59:00.183	0.84124				2
2025.05.20	00:59:00.644		0.84199			4
2025.05.20	00:59:01.483		0.84201			4
2025.05.20	00:59:02.416		0.84200			4
2025.05.20	00:59:05.535		0.84201			4
2025.05.20	00:59:08.394		0.84199			4
2025.05.20	00:59:16.184		0.84201			4
2025.05.20	00:59:16.516		0.84202			4
2025.05.20	00:59:17.384		0.84201			4
2025.05.20	00:59:18.107	0.84123	0.84202			6
2025.05.20	00:59:26.354		0.84201			4
2025.05.20	00:59:35.953	0.84122				2
2025.05.20	00:59:40.975	0.84123				2
2025.05.20	00:59:41.342		0.84202			4
2025.05.20	00:59:48.137	0.84122	0.84185			6
2025.05.20	00:59:48.885		0.84184			4
2025.05.20	00:59:52.784	0.84123	0.84183			6
2025.05.20	00:59:54.583		0.84182			4
2025.05.20	00:59:55.183		0.84183			4
2025.05.20	00:59:55.588		0.84189			4
2025.05.20	00:59:57.159		0.84183			4
2025.05.20	00:59:58.433	0.84122				2
2025.05.20	01:00:00.324	0.84122	0.84172			6
2025.05.20	01:00:00.627	0.84124	0.84171			6
2025.05.20	01:00:00.970	0.84123	0.84175			6
2025.05.20	01:00:01.383	0.84120	0.84179			6
2025.05.20	01:00:01.718	0.84122	0.84176			6
2025.05.20	01:00:02.270	0.84123	0.84174			6
2025.05.20	01:00:02.633	0.84134	0.84143			6
2025.05.20	01:00:03.267	0.84133	0.84142			6
2025.05.20	01:00:03.873	0.84132	0.84141			6
2025.05.20	01:00:04.177	0.84134	0.84140			6
2025.05.20	01:00:05.085	0.84123	0.84177			6
2025.05.20	01:00:05.480		0.84174			4
2025.05.20	01:00:06.206	0.84129	0.84168			6
2025.05.20	01:00:06.518	0.84126	0.84170			6
2025.05.20	01:00:06.947		0.84172			4
2025.05.20	01:00:07.389		0.84171			4
2025.05.20	01:00:07.785	0.84128	0.84195			6
2025.05.20	01:00:08.874	0.84127	0.84193			6
2025.05.20	01:00:09.726	0.84126	0.84194			6
2025.05.20	01:00:10.824	0.84124	0.84152			6
2025.05.20	01:00:11.140	0.84127	0.84168			6
2025.05.20	01:00:12.760		0.84172			4
2025.05.20	01:00:13.594	0.84125	0.84174			6
2025.05.20	01:00:15.320	0.84124				2
2025.05.20	01:00:15.639		0.84175			4
2025.05.20	01:00:16.414	0.84125	0.84174			6
2025.05.20	01:00:17.496	0.84124	0.84176			6
2025.05.20	01:00:20.083		0.84173			4
2025.05.20	01:00:21.322		0.84175			4
2025.05.20	01:00:21.811		0.84174			4
2025.05.20	01:00:22.498		0.84171			4
2025.05.20	01:00:23.911		0.84173			4
2025.05.20	01:00:24.868		0.84175			4
2025.05.20	01:00:25.183		0.84178			4
2025.05.20	01:00:28.183		0.84177			4
2025.05.20	01:00:30.534	0.84143	0.84165			6
2025.05.20	01:00:30.861	0.84144	0.84166			6
2025.05.20	01:00:31.185	0.84142	0.84164			6
2025.05.20	01:00:33.228	0.84143	0.84165			6
2025.05.20	01:00:33.887	0.84142	0.84164			6
2025.05.20	01:00:35.696	0.84144	0.84166			6
2025.05.20	01:00:36.354	0.84145	0.84168			6
2025.05.20	01:00:36.734		0.84167			4
2025.05.20	01:00:39.506	0.84144	0.84166			6
2025.05.20	01:00:41.985		0.84165			4
2025.05.20	01:00:43.064	0.84145	0.84166			6
2025.05.20	01:00:43.379	0.84146	0.84159			6
2025.05.20	01:00:45.423	0.84139	0.84149			6
2025.05.20	01:00:45.730	0.84138				2
2025.05.20	01:00:46.353	0.84130	0.84143			6
2025.05.20	01:00:52.476	0.84131	0.84144			6
2025.05.20	01:00:56.353	0.84132				2
2025.05.20	01:00:58.295	0.84137	0.84151			6
2025.05.20	01:00:59.392	0.84141				2
2025.05.20	01:01:00.324	0.84145	0.84156			6
2025.05.20	01:01:01.582	0.84147				2
2025.05.20	01:01:02.156	0.84148	0.84159			6
2025.05.20	01:01:02.468		0.84162			4
2025.05.20	01:01:03.401	0.84152	0.84161			6
2025.05.20	01:01:04.413		0.84162			4
2025.05.20	01:01:08.701		0.84164			4
2025.05.20	01:01:10.850	0.84149	0.84163			6
2025.05.20	01:01:11.501		0.84160			4
2025.05.20	01:01:12.057	0.84148				2
2025.05.20	01:01:20.402	0.84150	0.84161			6
2025.05.20	01:01:21.962	0.84155	0.84166			6
2025.05.20	01:01:22.866	0.84153				2
2025.05.20	01:01:23.707	0.84154				2
2025.05.20	01:01:25.381	0.84156				2
2025.05.20	01:01:27.146	0.84152				2
2025.05.20	01:01:30.505	0.84154	0.84167			6
2025.05.20	01:01:43.399	0.84158				2
2025.05.20	01:01:44.433		0.84168			4
2025.05.20	01:01:46.035	0.84157	0.84170			6
2025.05.20	01:01:46.369	0.84160	0.84167			6
2025.05.20	01:01:46.672	0.84159	0.84168			6
2025.05.20	01:01:46.979	0.84155	0.84169			6
2025.05.20	01:01:50.084	0.84161	0.84173			6
2025.05.20	01:01:51.299	0.84162				2
2025.05.20	01:01:53.203	0.84163				2
2025.05.20	01:01:59.272		0.84169			4
2025.05.20	01:02:01.877	0.84163				2
2025.05.20	01:02:20.735		0.84172			4
2025.05.20	01:02:32.684	0.84165	0.84173			6
2025.05.20	01:02:54.132		0.84172			4
2025.05.20	01:02:55.945		0.84173			4
2025.05.20	01:03:00.396	0.84166				2
2025.05.20	01:03:03.317	0.84165	0.84172			6
2025.05.20	01:03:04.009	0.84166				2
2025.05.20	01:03:06.085	0.84167				2
2025.05.20	01:03:28.189		0.84173			4
2025.05.20	01:03:28.498	0.84166				2
2025.05.20	01:03:32.080	0.84165				2
2025.05.20	01:04:04.570	0.84165				2
2025.05.20	01:04:18.282	0.84164				2
2025.05.20	01:04:18.590	0.84165				2
2025.05.20	01:04:24.925	0.84164				2
2025.05.20	01:04:28.416		0.84173			4
2025.05.20	01:04:50.306	0.84163				2
2025.05.20	01:04:52.392	0.84164				2
2025.05.20	01:04:56.249	0.84165				2
2025.05.20	01:05:00.358	0.84165				2
2025.05.20	01:05:05.608	0.84163	0.84170			6
2025.05.20	01:05:07.690	0.84162				2
2025.05.20	01:05:08.294	0.84163				2
2025.05.20	01:05:17.817		0.84168			4
2025.05.20	01:05:18.121	0.84162	0.84169			6
2025.05.20	01:05:20.043		0.84168			4
2025.05.20	01:05:21.694	0.84161				2
2025.05.20	01:05:22.429	0.84162				2
2025.05.20	01:05:25.455	0.84161				2
2025.05.20	01:05:30.354	0.84162				2
2025.05.20	01:05:40.446		0.84170			4
2025.05.20	01:06:00.530	0.84162				2
2025.05.20	01:06:03.158	0.84161	0.84168			6
2025.05.20	01:06:09.484	0.84159				2
2025.05.20	01:06:37.404		0.84165			4
2025.05.20	01:06:38.261		0.84166			4
2025.05.20	01:06:40.815		0.84165			4
2025.05.20	01:06:42.455		0.84163			4
2025.05.20	01:07:04.988	0.84159	0.84165			6
2025.05.20	01:07:20.576		0.84163			4
2025.05.20	01:07:57.217	0.84152	0.84159			6
2025.05.20	01:08:00.282	0.84152				2
2025.05.20	01:08:16.324	0.84153				2
2025.05.20	01:08:18.817	0.84155	0.84161			6
2025.05.20	01:08:20.765	0.84156	0.84162			6
2025.05.20	01:08:23.682	0.84155	0.84161			6
2025.05.20	01:08:24.199	0.84156	0.84162			6
2025.05.20	01:08:26.535	0.84153	0.84159			6
2025.05.20	01:08:31.820	0.84154				2
2025.05.20	01:08:35.383	0.84156	0.84164			6
2025.05.20	01:08:35.686	0.84157				2
2025.05.20	01:08:36.353	0.84156				2
2025.05.20	01:09:00.359	0.84156				2
2025.05.20	01:09:04.853		0.84163			4
2025.05.20	01:09:52.516	0.84150	0.84156			6
2025.05.20	01:09:56.088	0.84146	0.84154			6
2025.05.20	01:09:57.615	0.84153	0.84159			6
2025.05.20	01:10:00.400	0.84153				2
2025.05.20	01:10:03.118		0.84157			4
2025.05.20	01:10:30.869	0.84157	0.84162			6
2025.05.20	01:10:38.001	0.84152	0.84161			6
2025.05.20	01:10:42.766	0.84153				2
2025.05.20	01:10:55.076	0.84151	0.84158			6
2025.05.20	01:11:00.538	0.84151				2
2025.05.20	01:11:01.242		0.84161			4
2025.05.20	01:11:18.419		0.84159			4
2025.05.20	01:11:24.361		0.84160			4
2025.05.20	01:12:00.601	0.84150				2
2025.05.20	01:12:01.800	0.84149	0.84158			6
2025.05.20	01:12:37.729		0.84157			4
2025.05.20	01:12:43.550		0.84155			4
2025.05.20	01:13:01.189	0.84149				2
2025.05.20	01:13:07.051		0.84154			4
2025.05.20	01:13:21.917		0.84153			4
2025.05.20	01:13:29.753		0.84155			4
2025.05.20	01:13:55.872	0.84148	0.84154			6
2025.05.20	01:13:56.443	0.84147	0.84155			6
2025.05.20	01:13:56.985	0.84148				2
2025.05.20	01:13:58.783	0.84147				2
2025.05.20	01:14:01.776	0.84147				2
2025.05.20	01:14:05.696	0.84148				2
2025.05.20	01:14:06.951	0.84142	0.84143			6
2025.05.20	01:14:07.276	0.84141	0.84142			6
2025.05.20	01:14:07.582	0.84138	0.84139			6
2025.05.20	01:14:07.912	0.84137	0.84138			6
2025.05.20	01:14:08.221	0.84128	0.84135			6
2025.05.20	01:14:08.941	0.84136	0.84137			6
2025.05.20	01:14:18.371	0.84134	0.84135			6
2025.05.20	01:14:23.285	0.84133	0.84134			6
2025.05.20	01:14:23.916	0.84135	0.84136			6
2025.05.20	01:14:24.251	0.84133	0.84139			6
2025.05.20	01:14:24.559		0.84134			4
2025.05.20	01:14:24.884		0.84135			4
2025.05.20	01:14:25.191		0.84140			4
2025.05.20	01:14:25.526		0.84134			4
2025.05.20	01:14:25.912		0.84140			4
2025.05.20	01:14:26.466		0.84134			4
2025.05.20	01:14:26.817		0.84136			4
2025.05.20	01:14:27.136		0.84140			4
2025.05.20	01:14:27.471		0.84134			4
2025.05.20	01:14:27.803		0.84140			4
2025.05.20	01:14:28.410		0.84134			4
2025.05.20	01:14:28.722		0.84136			4
2025.05.20	01:14:29.081		0.84140			4
2025.05.20	01:14:29.467	0.84134				2
2025.05.20	01:14:30.228	0.84135				2
2025.05.20	01:14:31.081	0.84133	0.84144			6
2025.05.20	01:14:31.390		0.84134			4
2025.05.20	01:14:31.692		0.84140			4
2025.05.20	01:14:32.236		0.84134			4
2025.05.20	01:14:32.567		0.84140			4
2025.05.20	01:14:33.175		0.84134			4
2025.05.20	01:14:33.563		0.84140			4
2025.05.20	01:14:34.119		0.84134			4
2025.05.20	01:14:34.422		0.84136			4
2025.05.20	01:14:34.786		0.84144			4
2025.05.20	01:14:35.194	0.84132	0.84136			6
2025.05.20	01:14:35.494	0.84133	0.84140			6
2025.05.20	01:14:35.808		0.84134			4
2025.05.20	01:14:36.198	0.84134	0.84136			6
2025.05.20	01:14:37.073	0.84135				2
2025.05.20	01:14:38.077	0.84134				2
2025.05.20	01:14:39.818	0.84135	0.84144			6
2025.05.20	01:14:40.131		0.84137			4
2025.05.20	01:14:40.434	0.84134	0.84139			6
2025.05.20	01:14:40.783		0.84143			4
2025.05.20	01:14:41.166		0.84137			4
2025.05.20	01:14:41.633		0.84143			4
2025.05.20	01:14:41.983	0.84139	0.84140			6
2025.05.20	01:14:42.287	0.84138				2
2025.05.20	01:14:42.600	0.84139	0.84144			6
2025.05.20	01:14:42.969	0.84138	0.84140			6
2025.05.20	01:14:43.295		0.84144			4
2025.05.20	01:14:43.646	0.84137	0.84140			6
2025.05.20	01:14:44.029	0.84139				2
2025.05.20	01:14:44.686	0.84137	0.84144			6
2025.05.20	01:14:49.797	0.84138				2
2025.05.20	01:14:51.506	0.84137	0.84148			6
2025.05.20	01:14:52.183	0.84140				2
2025.05.20	01:14:55.079	0.84139				2
2025.05.20	01:14:56.824	0.84140				2
2025.05.20	01:14:58.359	0.84138				2
2025.05.20	01:15:00.285	0.84141	0.84152			6
2025.05.20	01:15:00.612	0.84140				2
2025.05.20	01:15:01.322	0.84139	0.84148			6
2025.05.20	01:15:01.963		0.84151			4
2025.05.20	01:15:02.280	0.84142				2
2025.05.20	01:15:02.586	0.84141	0.84149			6
2025.05.20	01:15:03.196		0.84151			4
2025.05.20	01:15:08.067	0.84142				2
2025.05.20	01:15:08.368	0.84141				2
2025.05.20	01:15:13.830	0.84142				2
2025.05.20	01:15:14.572	0.84141				2
2025.05.20	01:15:17.487	0.84142				2
2025.05.20	01:15:18.214	0.84143	0.84155			6
2025.05.20	01:15:18.524		0.84153			4
2025.05.20	01:15:18.837	0.84145				2
2025.05.20	01:15:19.140	0.84146	0.84156			6
2025.05.20	01:15:19.454	0.84147				2
2025.05.20	01:15:19.805	0.84146				2
2025.05.20	01:15:21.293		0.84155			4
2025.05.20	01:15:21.598		0.84156			4
2025.05.20	01:15:22.224	0.84147				2
2025.05.20	01:15:23.781	0.84146				2
2025.05.20	01:15:25.308	0.84145				2
2025.05.20	01:15:25.916	0.84146				2
2025.05.20	01:15:27.315	0.84145				2
2025.05.20	01:15:28.364	0.84146				2
2025.05.20	01:15:29.148	0.84145				2
2025.05.20	01:15:35.769		0.84155			4
2025.05.20	01:16:00.058	0.84145				2
2025.05.20	01:16:03.203	0.84144				2
2025.05.20	01:16:03.899	0.84145				2
2025.05.20	01:16:08.443	0.84144				2
2025.05.20	01:16:08.813	0.84145				2
2025.05.20	01:16:35.780		0.84155			4
2025.05.20	01:16:57.039	0.84147				2
2025.05.20	01:16:57.340	0.84145				2
2025.05.20	01:17:00.069	0.84145				2
2025.05.20	01:17:03.216		0.84154			4
2025.05.20	01:17:06.994	0.84147				2
2025.05.20	01:17:07.299	0.84145				2
2025.05.20	01:17:17.009		0.84152			4
2025.05.20	01:17:17.355		0.84154			4
2025.05.20	01:17:48.136	0.84143				2
2025.05.20	01:17:55.202	0.84144	0.84155			6
2025.05.20	01:17:55.525	0.84145	0.84152			6
2025.05.20	01:17:55.838		0.84155			4
2025.05.20	01:17:57.829	0.84146				2
2025.05.20	01:17:58.503	0.84145	0.84154			6
2025.05.20	01:18:00.172	0.84145				2
2025.05.20	01:18:11.713	0.84143				2
2025.05.20	01:18:12.497	0.84144				2
2025.05.20	01:18:13.937	0.84149	0.84157			6
2025.05.20	01:18:14.591	0.84148				2
2025.05.20	01:18:14.984	0.84147				2
2025.05.20	01:18:15.641	0.84150				2
2025.05.20	01:18:18.231	0.84149				2
2025.05.20	01:18:19.045	0.84150				2
2025.05.20	01:18:25.034	0.84147	0.84155			6
2025.05.20	01:18:25.339	0.84144	0.84154			6
2025.05.20	01:18:29.363	0.84143	0.84152			6
2025.05.20	01:18:29.682		0.84154			4
2025.05.20	01:18:34.362		0.84152			4
2025.05.20	01:18:34.739		0.84154			4
2025.05.20	01:18:55.854	0.84144				2
2025.05.20	01:19:00.104	0.84144				2
2025.05.20	01:19:05.544	0.84142	0.84151			6
2025.05.20	01:19:17.576	0.84141				2
2025.05.20	01:19:37.974	0.84143				2
2025.05.20	01:19:42.071	0.84140	0.84147			6
2025.05.20	01:20:00.291	0.84140	0.84148			6
2025.05.20	01:20:02.520	0.84139	0.84147			6
2025.05.20	01:20:02.912	0.84135	0.84143			6
2025.05.20	01:20:03.221	0.84134				2
2025.05.20	01:20:05.662	0.84136	0.84147			6
2025.05.20	01:20:05.967	0.84137				2
2025.05.20	01:20:06.281	0.84138				2
2025.05.20	01:20:06.975	0.84137				2
2025.05.20	01:20:07.366	0.84138				2
2025.05.20	01:20:08.019	0.84137				2
2025.05.20	01:20:08.373	0.84138				2
2025.05.20	01:20:09.067	0.84137	0.84145			6
2025.05.20	01:20:10.448	0.84138				2
2025.05.20	01:20:11.164	0.84137				2
2025.05.20	01:20:11.482	0.84138				2
2025.05.20	01:20:12.215	0.84137				2
2025.05.20	01:20:12.522	0.84138				2
2025.05.20	01:20:17.845	0.84137				2
2025.05.20	01:20:18.189	0.84138				2
2025.05.20	01:20:18.890	0.84137				2
2025.05.20	01:20:19.257	0.84138				2
2025.05.20	01:20:19.924	0.84137				2
2025.05.20	01:20:20.289	0.84138				2
2025.05.20	01:20:20.985	0.84137				2
2025.05.20	01:20:21.329	0.84138				2
2025.05.20	01:20:22.032	0.84137				2
2025.05.20	01:20:22.360	0.84138				2
2025.05.20	01:20:22.970	0.84137				2
2025.05.20	01:20:23.393	0.84138				2
2025.05.20	01:20:24.127	0.84137				2
2025.05.20	01:20:24.431	0.84138				2
2025.05.20	01:20:25.128	0.84136	0.84143			6
2025.05.20	01:20:25.436	0.84137	0.84145			6
2025.05.20	01:20:26.540	0.84138				2
2025.05.20	01:20:28.730		0.84147			4
2025.05.20	01:20:29.041	0.84137	0.84145			6
2025.05.20	01:20:30.131	0.84138				2
2025.05.20	01:20:30.496	0.84137				2
2025.05.20	01:20:31.939	0.84138				2
2025.05.20	01:20:33.734	0.84139	0.84147			6
2025.05.20	01:20:39.832	0.84136	0.84145			6
2025.05.20	01:20:40.141	0.84135	0.84144			6
2025.05.20	01:20:55.952		0.84145			4
2025.05.20	01:20:56.260	0.84137				2
2025.05.20	01:21:00.013	0.84135	0.84144			6
2025.05.20	01:21:02.467	0.84136				2
2025.05.20	01:21:04.203	0.84135				2
2025.05.20	01:21:04.993	0.84136				2
2025.05.20	01:21:09.020	0.84135				2
2025.05.20	01:21:17.058		0.84145			4
2025.05.20	01:21:17.362		0.84144			4
2025.05.20	01:21:25.682		0.84145			4
2025.05.20	01:21:36.283	0.84137				2
2025.05.20	01:21:41.137	0.84139				2
2025.05.20	01:21:50.949	0.84138				2
2025.05.20	01:22:00.261	0.84138				2
2025.05.20	01:22:06.722	0.84136	0.84143			6
2025.05.20	01:22:12.543	0.84139				2
2025.05.20	01:22:13.622	0.84137				2
2025.05.20	01:22:15.978	0.84138				2
2025.05.20	01:22:25.016	0.84135				2
2025.05.20	01:22:25.718	0.84136				2
2025.05.20	01:22:26.034	0.84137				2
2025.05.20	01:22:26.345	0.84135				2
2025.05.20	01:22:32.880	0.84136				2
2025.05.20	01:22:40.736	0.84135				2
2025.05.20	01:22:52.521	0.84138				2
2025.05.20	01:22:53.390	0.84137				2
2025.05.20	01:22:54.883	0.84138				2
2025.05.20	01:23:00.043	0.84137				2
2025.05.20	01:23:00.941		0.84141			4
2025.05.20	01:23:01.885	0.84138				2
2025.05.20	01:23:08.694	0.84137				2
2025.05.20	01:23:09.698	0.84138				2
2025.05.20	01:23:10.694	0.84137				2
2025.05.20	01:23:12.693	0.84136				2
2025.05.20	01:23:15.037	0.84137	0.84140			6
2025.05.20	01:23:15.367	0.84136	0.84138			6
2025.05.20	01:23:16.349	0.84134				2
2025.05.20	01:23:22.069	0.84135				2
2025.05.20	01:23:23.077	0.84134				2
2025.05.20	01:23:25.402	0.84135				2
2025.05.20	01:23:26.639	0.84134				2
2025.05.20	01:23:26.983	0.84133				2
2025.05.20	01:23:29.844	0.84134				2
2025.05.20	01:23:41.277	0.84133	0.84139			6
2025.05.20	01:23:47.788	0.84130	0.84132			6
2025.05.20	01:23:48.101		0.84133			4
2025.05.20	01:23:56.878	0.84129	0.84132			6
2025.05.20	01:23:57.180	0.84128				2
2025.05.20	01:23:59.968	0.84130	0.84133			6
2025.05.20	01:24:00.272	0.84131	0.84135			6
2025.05.20	01:24:00.586	0.84130	0.84132			6
2025.05.20	01:24:01.619	0.84131	0.84135			6
2025.05.20	01:24:04.198	0.84130				2
2025.05.20	01:24:05.731	0.84131				2
2025.05.20	01:24:08.415		0.84133			4
2025.05.20	01:24:09.887		0.84140			4
2025.05.20	01:24:10.579		0.84133			4
2025.05.20	01:24:51.006	0.84130				2
2025.05.20	01:24:56.125	0.84131				2
2025.05.20	01:24:56.440	0.84130				2
2025.05.20	01:25:00.191	0.84131				2
2025.05.20	01:25:00.501	0.84130				2
2025.05.20	01:25:00.802		0.84131			4
2025.05.20	01:25:05.197	0.84131	0.84132			6
2025.05.20	01:25:05.502	0.84130	0.84131			6
2025.05.20	01:25:08.339	0.84131	0.84133			6
2025.05.20	01:25:14.756		0.84132			4
2025.05.20	01:25:15.403		0.84133			4
2025.05.20	01:25:16.758		0.84132			4
2025.05.20	01:25:17.072		0.84133			4
2025.05.20	01:25:18.114		0.84132			4
2025.05.20	01:25:32.444	0.84130	0.84131			6
2025.05.20	01:25:32.801		0.84133			4
2025.05.20	01:25:33.123	0.84129	0.84132			6
2025.05.20	01:25:37.620	0.84130				2
2025.05.20	01:25:52.999		0.84135			4
2025.05.20	01:25:58.095	0.84131	0.84136			6
2025.05.20	01:26:01.680	0.84131				2
2025.05.20	01:26:02.176	0.84130				2
2025.05.20	01:26:28.764	0.84131	0.84135			6
2025.05.20	01:26:32.085	0.84130				2
2025.05.20	01:26:33.010		0.84137			4
2025.05.20	01:26:36.410	0.84131				2
2025.05.20	01:26:36.955	0.84132				2
2025.05.20	01:26:41.984	0.84131				2
2025.05.20	01:26:53.489	0.84134	0.84139			6
2025.05.20	01:27:00.170	0.84134				2
2025.05.20	01:27:04.278	0.84133				2
2025.05.20	01:27:12.988	0.84134				2
2025.05.20	01:27:34.056	0.84135	0.84142			6
2025.05.20	01:27:37.785	0.84134				2
2025.05.20	01:27:39.684		0.84141			4
2025.05.20	01:27:42.883	0.84135				2
2025.05.20	01:27:55.281	0.84136	0.84142			6
2025.05.20	01:27:55.674		0.84143			4
2025.05.20	01:27:56.983	0.84137				2
2025.05.20	01:28:02.357	0.84137				2
2025.05.20	01:28:10.288	0.84139	0.84147			6
2025.05.20	01:28:11.505	0.84140				2
2025.05.20	01:28:19.766	0.84139				2
2025.05.20	01:28:21.189		0.84149			4
2025.05.20	01:28:26.083	0.84140	0.84148			6
2025.05.20	01:28:26.484	0.84139	0.84149			6
2025.05.20	01:28:29.448	0.84140				2
2025.05.20	01:28:33.998	0.84139	0.84147			6
2025.05.20	01:28:35.005		0.84148			4
2025.05.20	01:28:37.222		0.84147			4
2025.05.20	01:28:39.440	0.84137	0.84146			6
2025.05.20	01:28:40.274		0.84145			4
2025.05.20	01:28:43.452	0.84139	0.84147			6
2025.05.20	01:28:45.902		0.84145			4
2025.05.20	01:28:49.615	0.84141	0.84147			6
2025.05.20	01:28:55.849	0.84139				2
2025.05.20	01:28:56.796		0.84146			4
2025.05.20	01:29:00.059	0.84139				2
2025.05.20	01:29:00.731	0.84142				2
2025.05.20	01:29:01.867	0.84141	0.84147			6
2025.05.20	01:29:04.732	0.84142				2
2025.05.20	01:29:05.830	0.84139				2
2025.05.20	01:29:06.144	0.84142				2
2025.05.20	01:29:30.032	0.84143	0.84150			6
2025.05.20	01:29:39.390	0.84144				2
2025.05.20	01:29:52.417	0.84145	0.84154			6
2025.05.20	01:29:52.729	0.84146				2
2025.05.20	01:29:53.087	0.84147	0.84151			6
2025.05.20	01:29:54.350	0.84146				2
2025.05.20	01:29:54.964	0.84145	0.84152			6
2025.05.20	01:30:00.306	0.84145				2
2025.05.20	01:30:02.254	0.84144	0.84148			6
2025.05.20	01:30:03.165		0.84147			4
2025.05.20	01:30:04.074	0.84145	0.84148			6
2025.05.20	01:30:04.376	0.84146				2
2025.05.20	01:30:04.683	0.84145	0.84152			6
2025.05.20	01:30:06.571		0.84151			4
2025.05.20	01:30:10.782		0.84152			4
2025.05.20	01:30:17.951	0.84144				2
2025.05.20	01:30:22.485	0.84145				2
2025.05.20	01:30:58.304	0.84144				2
2025.05.20	01:31:01.335	0.84144				2
2025.05.20	01:31:02.124	0.84145				2
2025.05.20	01:31:11.326		0.84152			4
2025.05.20	01:31:35.486	0.84143	0.84151			6
2025.05.20	01:31:36.637		0.84149			4
2025.05.20	01:31:37.710	0.84142				2
2025.05.20	01:31:50.123		0.84148			4
2025.05.20	01:32:00.772	0.84142				2
2025.05.20	01:32:17.786	0.84144				2
2025.05.20	01:32:21.713	0.84142				2
2025.05.20	01:32:22.041	0.84140				2
2025.05.20	01:32:22.435	0.84141	0.84149			6
2025.05.20	01:32:24.137	0.84142				2
2025.05.20	01:32:27.239	0.84144				2
2025.05.20	01:32:27.713	0.84143				2
2025.05.20	01:32:42.997	0.84140	0.84148			6
2025.05.20	01:33:01.182	0.84140				2
2025.05.20	01:33:03.220	0.84139	0.84147			6
2025.05.20	01:33:03.772	0.84137	0.84144			6
2025.05.20	01:33:10.717	0.84134	0.84141			6
2025.05.20	01:33:18.079	0.84135				2
2025.05.20	01:33:24.373	0.84136				2
2025.05.20	01:33:24.725	0.84135				2
2025.05.20	01:33:30.076	0.84137	0.84144			6
2025.05.20	01:33:31.117	0.84135	0.84141			6
2025.05.20	01:33:35.982	0.84136				2
2025.05.20	01:33:40.086	0.84135				2
2025.05.20	01:33:51.674	0.84136				2
2025.05.20	01:33:52.892	0.84135				2
2025.05.20	01:33:55.537		0.84142			4
2025.05.20	01:34:00.645	0.84135				2
2025.05.20	01:34:02.810		0.84141			4
2025.05.20	01:34:03.957	0.84134				2
2025.05.20	01:34:12.782	0.84135				2
2025.05.20	01:34:24.004	0.84134				2
2025.05.20	01:34:27.882	0.84135				2
2025.05.20	01:34:28.217		0.84139			4
2025.05.20	01:34:32.406		0.84140			4
2025.05.20	01:34:47.755		0.84139			4
2025.05.20	01:35:00.178	0.84135				2
2025.05.20	01:35:19.588	0.84138	0.84142			6
2025.05.20	01:35:23.725	0.84137				2
2025.05.20	01:35:24.041	0.84139				2
2025.05.20	01:35:26.270	0.84138				2
2025.05.20	01:36:00.034	0.84138				2
2025.05.20	01:36:05.757	0.84139				2
2025.05.20	01:36:06.997	0.84138				2
2025.05.20	01:36:20.846		0.84142			4
2025.05.20	01:36:31.942	0.84137	0.84141			6
2025.05.20	01:37:01.327	0.84137				2
2025.05.20	01:37:06.232	0.84135				2
2025.05.20	01:37:07.208		0.84139			4
2025.05.20	01:38:07.213	0.84135	0.84139			6
2025.05.20	01:38:16.830	0.84137	0.84142			6
2025.05.20	01:38:37.312	0.84136	0.84141			6
2025.05.20	01:38:43.072		0.84139			4
2025.05.20	01:38:44.401	0.84134	0.84138			6
2025.05.20	01:38:45.031	0.84133				2
2025.05.20	01:38:56.772	0.84134				2
2025.05.20	01:39:00.883	0.84134				2
2025.05.20	01:39:16.360	0.84133	0.84137			6
2025.05.20	01:39:50.978	0.84132				2
2025.05.20	01:40:00.187	0.84132				2
2025.05.20	01:40:19.517		0.84137			4
2025.05.20	01:40:32.394	0.84134	0.84138			6
2025.05.20	01:40:57.501	0.84135	0.84139			6
2025.05.20	01:41:00.541	0.84135				2
2025.05.20	01:41:04.728	0.84134	0.84138			6
2025.05.20	01:41:07.064	0.84136	0.84139			6
2025.05.20	01:41:08.668	0.84134	0.84138			6
2025.05.20	01:41:22.358	0.84136	0.84140			6
2025.05.20	01:41:24.547	0.84137				2
2025.05.20	01:41:25.052		0.84139			4
2025.05.20	01:41:27.111	0.84138	0.84142			6
2025.05.20	01:41:31.790	0.84136	0.84139			6
2025.05.20	01:42:00.276	0.84136				2
2025.05.20	01:42:34.184		0.84139			4
2025.05.20	01:42:37.764	0.84135	0.84138			6
2025.05.20	01:42:50.912	0.84136				2
2025.05.20	01:42:51.341	0.84135				2
2025.05.20	01:43:00.383	0.84135				2
2025.05.20	01:43:07.228	0.84133	0.84137			6
2025.05.20	01:43:11.117	0.84134				2
2025.05.20	01:44:01.935	0.84134				2
2025.05.20	01:44:05.314	0.84135				2
2025.05.20	01:44:10.966		0.84137			4
2025.05.20	01:44:59.995		0.84138			4
2025.05.20	01:45:00.302	0.84135				2
2025.05.20	01:45:01.410		0.84140			4
2025.05.20	01:45:01.800		0.84138			4
2025.05.20	01:45:05.485	0.84136				2
2025.05.20	01:45:24.981	0.84135	0.84137			6
2025.05.20	01:46:00.855	0.84135				2
2025.05.20	01:46:02.646	0.84131	0.84134			6
2025.05.20	01:46:02.960	0.84130	0.84133			6
2025.05.20	01:46:03.283	0.84131				2
2025.05.20	01:46:18.282	0.84130				2
2025.05.20	01:47:04.075	0.84130	0.84133			6
2025.05.20	01:47:28.557	0.84128				2
2025.05.20	01:47:31.170		0.84132			4
2025.05.20	01:47:31.680	0.84129	0.84133			6
2025.05.20	01:47:33.008		0.84132			4
2025.05.20	01:47:35.036	0.84131	0.84134			6
2025.05.20	01:47:39.317	0.84132				2
2025.05.20	01:47:47.181	0.84133	0.84135			6
2025.05.20	01:47:54.810	0.84132				2
2025.05.20	01:48:00.650	0.84132				2
2025.05.20	01:48:01.669		0.84134			4
2025.05.20	01:48:10.212	0.84133				2
2025.05.20	01:48:10.522	0.84132	0.84135			6
2025.05.20	01:48:14.910	0.84131	0.84133			6
2025.05.20	01:48:18.986	0.84132	0.84134			6
2025.05.20	01:48:19.298		0.84135			4
2025.05.20	01:48:23.702	0.84131	0.84133			6
2025.05.20	01:48:41.480	0.84132	0.84134			6
2025.05.20	01:48:41.821	0.84133	0.84135			6
2025.05.20	01:48:43.817	0.84132	0.84134			6
2025.05.20	01:48:46.897	0.84130	0.84133			6
2025.05.20	01:48:53.272	0.84131				2
2025.05.20	01:49:01.418	0.84131				2
2025.05.20	01:49:11.679	0.84130				2
2025.05.20	01:49:15.130	0.84131				2
2025.05.20	01:49:16.713		0.84134			4
2025.05.20	01:49:20.852	0.84132	0.84135			6
2025.05.20	01:49:26.225	0.84131	0.84134			6
2025.05.20	01:49:26.804		0.84133			4
2025.05.20	01:49:41.805		0.84134			4
2025.05.20	01:49:42.357	0.84132				2
2025.05.20	01:49:42.969	0.84130	0.84133			6
2025.05.20	01:49:48.426	0.84131	0.84132			6
2025.05.20	01:49:51.477	0.84130				2
2025.05.20	01:50:00.181	0.84130				2
2025.05.20	01:50:07.812	0.84131				2
2025.05.20	01:50:08.442		0.84133			4
2025.05.20	01:50:11.497	0.84130	0.84132			6
2025.05.20	01:50:18.038	0.84128	0.84131			6
2025.05.20	01:51:05.479	0.84128				2
2025.05.20	01:51:13.858		0.84130			4
2025.05.20	01:51:30.792	0.84127				2
2025.05.20	01:51:34.726	0.84125	0.84128			6
2025.05.20	01:51:35.901	0.84126				2
2025.05.20	01:51:47.689	0.84125				2
2025.05.20	01:51:48.820		0.84127			4
2025.05.20	01:51:51.520	0.84126				2
2025.05.20	01:51:51.887		0.84128			4
2025.05.20	01:51:54.584	0.84127				2
2025.05.20	01:52:01.968	0.84127				2
2025.05.20	01:52:12.442		0.84129			4
2025.05.20	01:52:46.608	0.84124	0.84127			6
2025.05.20	01:52:48.059	0.84127	0.84129			6
2025.05.20	01:52:48.368	0.84124	0.84127			6
2025.05.20	01:52:49.354		0.84126			4
2025.05.20	01:52:59.163		0.84127			4
2025.05.20	01:53:00.614	0.84124				2
2025.05.20	01:53:00.916	0.84125				2
2025.05.20	01:53:26.595	0.84123	0.84126			6
2025.05.20	01:53:26.904		0.84125			4
2025.05.20	01:53:38.844	0.84125	0.84128			6
2025.05.20	01:54:01.332	0.84125				2
2025.05.20	01:54:02.939		0.84127			4
2025.05.20	01:54:03.285	0.84124				2
2025.05.20	01:54:04.155	0.84122	0.84125			6
2025.05.20	01:54:12.399	0.84121	0.84124			6
2025.05.20	01:54:26.098	0.84122				2
2025.05.20	01:54:26.646		0.84125			4
2025.05.20	01:54:39.014	0.84121	0.84124			6
2025.05.20	01:54:39.571	0.84122				2
2025.05.20	01:54:40.298		0.84125			4
2025.05.20	01:55:01.324	0.84122				2
2025.05.20	01:55:21.977	0.84123				2
2025.05.20	01:55:34.349		0.84126			4
2025.05.20	01:55:48.044		0.84125			4
2025.05.20	01:56:00.450	0.84123				2
2025.05.20	01:56:15.029	0.84122				2
2025.05.20	01:56:15.338	0.84123				2
2025.05.20	01:56:28.682	0.84122				2
2025.05.20	01:56:29.946		0.84124			4
2025.05.20	01:56:31.371		0.84125			4
2025.05.20	01:56:53.244	0.84123	0.84126			6
2025.05.20	01:57:00.381	0.84122	0.84124			6
2025.05.20	01:57:00.852		0.84125			4
2025.05.20	01:57:01.421	0.84123				2
2025.05.20	01:57:01.872	0.84122				2
2025.05.20	01:57:02.791	0.84121	0.84123			6
2025.05.20	01:57:03.097	0.84120				2
2025.05.20	01:57:06.649	0.84121				2
2025.05.20	01:57:07.223	0.84120	0.84122			6
2025.05.20	01:57:07.961	0.84119				2
2025.05.20	01:57:10.221	0.84118	0.84121			6
2025.05.20	01:57:19.063	0.84117	0.84120			6
2025.05.20	01:57:25.344	0.84118				2
2025.05.20	01:57:25.668	0.84119	0.84121			6
2025.05.20	01:57:27.024	0.84118				2
2025.05.20	01:57:30.368	0.84120	0.84122			6
2025.05.20	01:57:40.570	0.84121	0.84123			6
2025.05.20	01:57:41.141		0.84124			4
2025.05.20	01:57:41.490	0.84120	0.84123			6
2025.05.20	01:57:42.507	0.84121	0.84124			6
2025.05.20	01:57:48.991		0.84123			4
2025.05.20	01:57:50.047		0.84124			4
2025.05.20	01:57:50.790	0.84122				2
2025.05.20	01:57:54.717	0.84117	0.84119			6
2025.05.20	01:57:58.281	0.84116				2
2025.05.20	01:58:00.840	0.84116				2
2025.05.20	01:58:02.945	0.84117				2
2025.05.20	01:58:04.571	0.84118	0.84120			6
2025.05.20	01:58:04.880		0.84121			4
2025.05.20	01:58:05.305	0.84119				2
2025.05.20	01:58:10.727	0.84118				2
2025.05.20	01:58:17.011	0.84117	0.84120			6
2025.05.20	01:58:17.549	0.84118				2
2025.05.20	01:58:23.571	0.84117				2
2025.05.20	01:58:25.476	0.84118				2
2025.05.20	01:58:25.796		0.84121			4
2025.05.20	01:58:38.164	0.84119				2
2025.05.20	01:58:39.171	0.84118				2
2025.05.20	01:58:49.407	0.84120				2
2025.05.20	01:58:49.731	0.84118				2
2025.05.20	01:58:53.764		0.84120			4
2025.05.20	01:58:56.838	0.84117				2
2025.05.20	01:59:00.382	0.84117				2
2025.05.20	01:59:04.495		0.84119			4
2025.05.20	01:59:12.180	0.84116				2
2025.05.20	01:59:17.542		0.84118			4
2025.05.20	01:59:25.478		0.84119			4
2025.05.20	01:59:30.391	0.84117				2
2025.05.20	01:59:31.160	0.84118				2
2025.05.20	01:59:31.777		0.84120			4
2025.05.20	01:59:50.717		0.84119			4
2025.05.20	01:59:59.498	0.84117				2
2025.05.20	02:00:00.367	0.84116	0.84118			6
2025.05.20	02:00:05.790	0.84115				2
2025.05.20	02:00:06.377	0.84116				2
2025.05.20	02:00:11.720	0.84114	0.84117			6
2025.05.20	02:00:18.723	0.84115	0.84118			6
2025.05.20	02:00:25.073	0.84116				2
2025.05.20	02:00:45.385	0.84117				2
2025.05.20	02:00:53.192	0.84116				2
2025.05.20	02:00:56.677	0.84115				2
2025.05.20	02:01:01.483	0.84116				2
2025.05.20	02:01:04.813	0.84117	0.84119			6
2025.05.20	02:01:05.871	0.84116				2
2025.05.20	02:01:07.585	0.84117				2
2025.05.20	02:01:13.484	0.84118				2
2025.05.20	02:01:15.884	0.84117				2
2025.05.20	02:01:17.457	0.84119	0.84120			6
2025.05.20	02:01:33.305	0.84118				2
2025.05.20	02:01:33.981	0.84117	0.84119			6
2025.05.20	02:01:35.984	0.84116				2
2025.05.20	02:01:41.383	0.84117	0.84120			6
2025.05.20	02:01:44.888	0.84115	0.84118			6
2025.05.20	02:01:45.211	0.84114	0.84117			6
2025.05.20	02:01:55.805	0.84112	0.84115			6
2025.05.20	02:01:56.952		0.84114			4
2025.05.20	02:01:58.574		0.84115			4
2025.05.20	02:02:00.438	0.84112				2
2025.05.20	02:02:01.455		0.84114			4
2025.05.20	02:02:07.918	0.84111				2
2025.05.20	02:02:21.792	0.84112	0.84115			6
2025.05.20	02:02:27.569		0.84114			4
2025.05.20	02:02:27.941	0.84114	0.84115			6
2025.05.20	02:02:28.246	0.84113				2
2025.05.20	02:02:30.181	0.84112	0.84114			6
2025.05.20	02:02:51.583	0.84111	0.84112			6
2025.05.20	02:02:52.322	0.84112	0.84113			6
2025.05.20	02:03:00.394	0.84112				2
2025.05.20	02:03:07.960	0.84111				2
2025.05.20	02:03:09.655	0.84113	0.84114			6
2025.05.20	02:03:10.023		0.84116			4
2025.05.20	02:03:10.390	0.84114	0.84115			6
2025.05.20	02:03:16.635		0.84116			4
2025.05.20	02:03:18.416		0.84115			4
2025.05.20	02:03:31.302	0.84113				2
2025.05.20	02:03:39.854	0.84114	0.84116			6
2025.05.20	02:03:40.159	0.84115				2
2025.05.20	02:03:40.483	0.84114				2
2025.05.20	02:03:41.945	0.84115	0.84117			6
2025.05.20	02:03:57.752	0.84116				2
2025.05.20	02:04:00.448	0.84114	0.84115			6
2025.05.20	02:04:11.951	0.84113				2
2025.05.20	02:04:26.186	0.84115	0.84116			6
2025.05.20	02:04:28.630	0.84113	0.84115			6
2025.05.20	02:04:35.983	0.84112				2
2025.05.20	02:04:38.993	0.84113				2
2025.05.20	02:04:58.109		0.84116			4
2025.05.20	02:04:58.609		0.84115			4
2025.05.20	02:05:00.284	0.84113				2
2025.05.20	02:05:08.882	0.84112				2
2025.05.20	02:05:29.587		0.84114			4
2025.05.20	02:05:37.640	0.84111				2
2025.05.20	02:05:51.884	0.84110	0.84113			6
2025.05.20	02:05:52.403	0.84109	0.84110			6
2025.05.20	02:05:52.823		0.84111			4
2025.05.20	02:05:54.991	0.84110	0.84112			6
2025.05.20	02:06:00.356	0.84110				2
2025.05.20	02:06:02.020	0.84109	0.84111			6
2025.05.20	02:06:03.030	0.84108	0.84110			6
2025.05.20	02:06:08.184	0.84107				2
2025.05.20	02:06:12.573	0.84109	0.84111			6
2025.05.20	02:06:29.189	0.84110	0.84112			6
2025.05.20	02:06:47.161	0.84109				2
2025.05.20	02:06:48.624	0.84110				2
2025.05.20	02:06:48.957		0.84113			4
2025.05.20	02:06:50.610		0.84112			4
2025.05.20	02:06:51.283	0.84108	0.84110			6
2025.05.20	02:07:02.349	0.84108				2
2025.05.20	02:07:03.266		0.84111			4
2025.05.20	02:07:13.727		0.84110			4
2025.05.20	02:07:16.329	0.84111	0.84112			6
2025.05.20	02:07:19.647	0.84110	0.84111			6
2025.05.20	02:07:19.959		0.84112			4
2025.05.20	02:07:20.413		0.84111			4
2025.05.20	02:07:48.994	0.84111	0.84112			6
2025.05.20	02:07:54.117		0.84113			4
2025.05.20	02:07:56.352		0.84112			4
2025.05.20	02:07:56.659	0.84110				2
2025.05.20	02:08:00.227	0.84110				2
2025.05.20	02:08:00.553	0.84109				2
2025.05.20	02:08:00.998	0.84108	0.84111			6
2025.05.20	02:08:03.103	0.84111	0.84112			6
2025.05.20	02:08:03.996		0.84113			4
2025.05.20	02:08:04.456		0.84112			4
2025.05.20	02:08:20.662	0.84113	0.84115			6
2025.05.20	02:08:41.980	0.84112	0.84113			6
2025.05.20	02:08:42.285	0.84109	0.84110			6
2025.05.20	02:08:48.657	0.84108				2
2025.05.20	02:08:52.407	0.84111	0.84112			6
2025.05.20	02:09:00.353	0.84111				2
2025.05.20	02:09:29.279	0.84110				2
2025.05.20	02:09:31.776	0.84111	0.84113			6
2025.05.20	02:09:58.974	0.84110	0.84112			6
2025.05.20	02:10:00.352	0.84110				2
2025.05.20	02:10:01.655		0.84113			4
2025.05.20	02:10:02.083	0.84111				2
2025.05.20	02:10:02.425		0.84112			4
2025.05.20	02:10:03.233	0.84110				2
2025.05.20	02:10:06.102	0.84109				2
2025.05.20	02:10:36.660	0.84108	0.84111			6
2025.05.20	02:10:38.826		0.84110			4
2025.05.20	02:10:42.324		0.84111			4
2025.05.20	02:10:52.932		0.84110			4
2025.05.20	02:10:54.773		0.84111			4
2025.05.20	02:10:55.808		0.84110			4
2025.05.20	02:11:00.083	0.84108				2
2025.05.20	02:11:56.997		0.84110			4
2025.05.20	02:12:00.199	0.84108				2
2025.05.20	02:12:14.104	0.84106	0.84108			6
2025.05.20	02:12:33.564	0.84107	0.84110			6
2025.05.20	02:12:33.888	0.84108				2
2025.05.20	02:12:36.279	0.84107	0.84108			6
2025.05.20	02:12:36.922	0.84106	0.84109			6
2025.05.20	02:12:44.937		0.84108			4
2025.05.20	02:12:55.621	0.84107	0.84109			6
2025.05.20	02:12:56.494	0.84106				2
2025.05.20	02:12:58.537		0.84108			4
2025.05.20	02:12:59.399	0.84104	0.84107			6
2025.05.20	02:13:00.357	0.84104	0.84106			6
2025.05.20	02:13:03.282	0.84103	0.84105			6
2025.05.20	02:13:20.683	0.84102				2
2025.05.20	02:13:23.013	0.84103				2
2025.05.20	02:13:25.706	0.84102				2
2025.05.20	02:13:26.301	0.84100	0.84103			6
2025.05.20	02:13:26.622	0.84099	0.84101			6
2025.05.20	02:13:26.982		0.84102			4
2025.05.20	02:13:27.288	0.84100				2
2025.05.20	02:13:37.449	0.84099				2
2025.05.20	02:13:45.551		0.84101			4
2025.05.20	02:13:46.779	0.84100	0.84103			6
2025.05.20	02:13:58.843	0.84101				2
2025.05.20	02:14:00.453	0.84101				2
2025.05.20	02:14:01.191	0.84102	0.84104			6
2025.05.20	02:14:02.435	0.84103	0.84105			6
2025.05.20	02:14:02.751		0.84106			4
2025.05.20	02:14:28.030	0.84105	0.84108			6
2025.05.20	02:14:29.114	0.84104	0.84107			6
2025.05.20	02:14:35.056	0.84105				2
2025.05.20	02:14:45.204	0.84104				2
2025.05.20	02:14:48.041	0.84105				2
2025.05.20	02:14:50.778	0.84104				2
2025.05.20	02:15:00.174	0.84104				2
2025.05.20	02:15:13.493	0.84105	0.84108			6
2025.05.20	02:15:16.234	0.84104	0.84106			6
2025.05.20	02:15:20.746	0.84103				2
2025.05.20	02:15:28.977	0.84104				2
2025.05.20	02:15:35.702	0.84105	0.84107			6
2025.05.20	02:15:47.396		0.84108			4
2025.05.20	02:15:47.854	0.84104	0.84106			6
2025.05.20	02:15:48.314	0.84103				2
2025.05.20	02:16:00.412	0.84103				2
2025.05.20	02:16:07.750	0.84104	0.84107			6
2025.05.20	02:16:08.276	0.84103	0.84105			6
2025.05.20	02:16:16.146		0.84106			4
2025.05.20	02:16:30.024	0.84101	0.84103			6
2025.05.20	02:16:30.344	0.84102	0.84104			6
2025.05.20	02:16:33.319		0.84105			4
2025.05.20	02:16:33.866	0.84103				2
2025.05.20	02:16:39.431	0.84102	0.84103			6
2025.05.20	02:17:00.851	0.84102				2
2025.05.20	02:17:11.325		0.84104			4
2025.05.20	02:17:13.501		0.84105			4
2025.05.20	02:17:21.705		0.84104			4
2025.05.20	02:17:25.180		0.84105			4
2025.05.20	02:17:26.276		0.84104			4
2025.05.20	02:17:26.926		0.84105			4
2025.05.20	02:17:27.481		0.84104			4
2025.05.20	02:17:47.021	0.84103	0.84105			6
2025.05.20	02:18:01.717	0.84102	0.84104			6
2025.05.20	02:18:02.377	0.84104	0.84105			6
2025.05.20	02:18:08.273	0.84105	0.84106			6
2025.05.20	02:18:11.454	0.84104	0.84105			6
2025.05.20	02:18:23.427	0.84105	0.84106			6
2025.05.20	02:18:23.762	0.84106	0.84107			6
2025.05.20	02:18:56.423	0.84103	0.84104			6
2025.05.20	02:19:00.318	0.84103				2
2025.05.20	02:19:03.469	0.84104	0.84105			6
2025.05.20	02:19:12.270	0.84105	0.84106			6
2025.05.20	02:19:20.414	0.84104	0.84105			6
2025.05.20	02:19:22.386	0.84106	0.84107			6
2025.05.20	02:19:28.896	0.84105	0.84106			6
2025.05.20	02:19:29.397	0.84106	0.84107			6
2025.05.20	02:19:30.634	0.84104	0.84105			6
2025.05.20	02:19:40.139	0.84106	0.84107			6
2025.05.20	02:19:40.780	0.84105	0.84106			6
2025.05.20	02:20:00.350	0.84105				2
2025.05.20	02:20:12.955	0.84103	0.84104			6
2025.05.20	02:20:27.535	0.84104	0.84105			6
2025.05.20	02:20:28.271	0.84103	0.84104			6
2025.05.20	02:20:31.627	0.84104	0.84105			6
2025.05.20	02:20:32.204	0.84103	0.84104			6
2025.05.20	02:20:57.823	0.84104	0.84105			6
2025.05.20	02:21:00.201	0.84104				2
2025.05.20	02:21:07.946	0.84105	0.84106			6
2025.05.20	02:21:08.276	0.84104	0.84105			6
2025.05.20	02:21:13.067	0.84105	0.84106			6
2025.05.20	02:21:14.365	0.84104	0.84105			6
2025.05.20	02:21:15.775	0.84105	0.84106			6
2025.05.20	02:22:00.847	0.84105				2
2025.05.20	02:22:09.274	0.84104	0.84105			6
2025.05.20	02:22:09.837	0.84105	0.84106			6
2025.05.20	02:22:11.971	0.84106	0.84107			6
2025.05.20	02:22:12.961	0.84104	0.84105			6
2025.05.20	02:22:15.491	0.84105	0.84106			6
2025.05.20	02:22:16.861	0.84106	0.84107			6
2025.05.20	02:22:27.416	0.84105	0.84106			6
2025.05.20	02:22:32.233	0.84106	0.84107			6
2025.05.20	02:22:38.385	0.84108	0.84109			6
2025.05.20	02:22:38.886	0.84107				2
2025.05.20	02:22:40.129	0.84106				2
2025.05.20	02:22:40.457	0.84107				2
2025.05.20	02:23:00.848	0.84107				2
2025.05.20	02:23:03.580	0.84104	0.84106			6
2025.05.20	02:23:03.898	0.84105				2
2025.05.20	02:23:04.429	0.84106	0.84109			6
2025.05.20	02:23:06.044		0.84108			4
2025.05.20	02:23:16.086	0.84105	0.84107			6
2025.05.20	02:23:17.015	0.84104				2
2025.05.20	02:23:17.329		0.84106			4
2025.05.20	02:23:22.246	0.84105				2
2025.05.20	02:23:23.777	0.84104				2
2025.05.20	02:23:24.342	0.84105				2
2025.05.20	02:23:27.202	0.84104				2
2025.05.20	02:23:33.636	0.84105	0.84107			6
2025.05.20	02:23:34.345	0.84104	0.84105			6
2025.05.20	02:24:00.849	0.84104				2
2025.05.20	02:24:07.325	0.84103	0.84104			6
2025.05.20	02:24:07.741	0.84102	0.84103			6
2025.05.20	02:24:10.596	0.84103	0.84104			6
2025.05.20	02:24:13.673		0.84105			4
2025.05.20	02:24:16.004		0.84106			4
2025.05.20	02:24:26.011	0.84104				2
2025.05.20	02:25:03.539	0.84104				2
2025.05.20	02:25:16.196		0.84106			4
2025.05.20	02:26:01.679	0.84105	0.84107			6
2025.05.20	02:26:27.574		0.84106			4
2025.05.20	02:26:28.402	0.84104	0.84105			6
2025.05.20	02:26:37.693		0.84106			4
2025.05.20	02:27:00.850	0.84104				2
2025.05.20	02:27:15.756	0.84103	0.84104			6
2025.05.20	02:27:17.665		0.84105			4
2025.05.20	02:27:18.345	0.84102	0.84103			6
2025.05.20	02:27:50.845	0.84100				2
2025.05.20	02:27:51.269	0.84102				2
2025.05.20	02:28:00.155	0.84103	0.84104			6
2025.05.20	02:28:05.850	0.84104	0.84105			6
2025.05.20	02:28:17.882	0.84103	0.84104			6
2025.05.20	02:28:22.306	0.84101	0.84102			6
2025.05.20	02:28:22.620	0.84100	0.84101			6
2025.05.20	02:28:40.216	0.84099				2
2025.05.20	02:28:57.573		0.84100			4
2025.05.20	02:29:00.360	0.84099	0.84101			6
2025.05.20	02:29:16.127	0.84100				2
2025.05.20	02:29:23.867		0.84102			4
2025.05.20	02:29:29.650	0.84102	0.84104			6
2025.05.20	02:29:41.290	0.84103	0.84105			6
2025.05.20	02:29:46.398	0.84105	0.84106			6
2025.05.20	02:29:50.672		0.84107			4
2025.05.20	02:29:53.006	0.84104	0.84105			6
2025.05.20	02:29:54.350	0.84103	0.84104			6
2025.05.20	02:30:00.457	0.84103				2
2025.05.20	02:30:05.095	0.84101	0.84102			6
2025.05.20	02:30:31.467	0.84100	0.84101			6
2025.05.20	02:30:38.244	0.84099	0.84100			6
2025.05.20	02:30:46.036	0.84098				2
2025.05.20	02:30:46.346	0.84099				2
2025.05.20	02:30:50.916	0.84098	0.84099			6
2025.05.20	02:30:51.232	0.84097				2
2025.05.20	02:30:54.585		0.84098			4
2025.05.20	02:30:57.847	0.84096				2
2025.05.20	02:31:02.397	0.84096				2
2025.05.20	02:31:10.970	0.84097				2
2025.05.20	02:31:11.286	0.84096				2
2025.05.20	02:31:15.946	0.84097				2
2025.05.20	02:31:18.493	0.84098	0.84099			6
2025.05.20	02:31:32.815		0.84100			4
2025.05.20	02:31:38.267		0.84101			4
2025.05.20	02:31:40.352		0.84099			4
2025.05.20	02:31:41.317	0.84097	0.84098			6
2025.05.20	02:31:42.581	0.84096	0.84097			6
2025.05.20	02:31:48.123	0.84095	0.84096			6
2025.05.20	02:31:57.516	0.84094	0.84095			6
2025.05.20	02:32:00.049	0.84094				2
2025.05.20	02:32:01.841		0.84096			4
2025.05.20	02:32:12.476	0.84095				2
2025.05.20	02:32:16.487	0.84094	0.84095			6
2025.05.20	02:32:23.943	0.84095	0.84097			6
2025.05.20	02:32:24.340		0.84096			4
2025.05.20	02:32:32.133	0.84094	0.84097			6
2025.05.20	02:32:32.466		0.84095			4
2025.05.20	02:33:02.349	0.84094				2
2025.05.20	02:33:08.967	0.84092	0.84093			6
2025.05.20	02:33:19.757	0.84093	0.84094			6
2025.05.20	02:33:23.591	0.84094	0.84095			6
2025.05.20	02:33:24.079	0.84091	0.84092			6
2025.05.20	02:33:24.463	0.84092	0.84093			6
2025.05.20	02:33:24.921	0.84093	0.84094			6
2025.05.20	02:33:26.562	0.84091				2
2025.05.20	02:33:27.785	0.84092				2
2025.05.20	02:33:28.717	0.84091				2
2025.05.20	02:33:29.458	0.84092				2
2025.05.20	02:33:32.663	0.84091				2
2025.05.20	02:33:33.196	0.84092				2
2025.05.20	02:33:52.363	0.84095	0.84096			6
2025.05.20	02:34:00.557	0.84095				2
2025.05.20	02:34:10.485	0.84096	0.84097			6
2025.05.20	02:34:16.208	0.84095	0.84096			6
2025.05.20	02:34:20.951	0.84096	0.84097			6
2025.05.20	02:34:23.016	0.84095	0.84096			6
2025.05.20	02:34:23.348	0.84094	0.84095			6
2025.05.20	02:34:40.783	0.84095	0.84096			6
2025.05.20	02:34:44.090	0.84094	0.84095			6
2025.05.20	02:34:44.423	0.84095	0.84096			6
2025.05.20	02:34:57.458	0.84094	0.84095			6
2025.05.20	02:35:00.025	0.84094				2
2025.05.20	02:35:16.834	0.84095	0.84096			6
2025.05.20	02:35:27.455	0.84094	0.84095			6
2025.05.20	02:35:32.413	0.84095	0.84096			6
2025.05.20	02:35:46.238	0.84093	0.84094			6
2025.05.20	02:35:57.476	0.84094	0.84095			6
2025.05.20	02:36:00.537	0.84094				2
2025.05.20	02:36:01.483	0.84095	0.84096			6
2025.05.20	02:36:09.026	0.84094	0.84095			6
2025.05.20	02:36:16.007	0.84095	0.84096			6
2025.05.20	02:36:16.307	0.84094	0.84095			6
2025.05.20	02:36:16.644	0.84095	0.84096			6
2025.05.20	02:36:22.778	0.84094	0.84095			6
2025.05.20	02:36:27.190	0.84095	0.84096			6
2025.05.20	02:36:27.791	0.84093	0.84094			6
2025.05.20	02:36:38.358	0.84095	0.84096			6
2025.05.20	02:36:44.090	0.84092	0.84093			6
2025.05.20	02:37:00.701	0.84092				2
2025.05.20	02:37:45.005		0.84093			4
2025.05.20	02:37:50.442	0.84093	0.84094			6
2025.05.20	02:37:55.736	0.84094	0.84095			6
2025.05.20	02:37:56.296	0.84093	0.84094			6
2025.05.20	02:38:00.531	0.84094	0.84095			6
2025.05.20	02:38:02.385	0.84093	0.84094			6
2025.05.20	02:38:04.692	0.84091	0.84093			6
2025.05.20	02:38:10.358	0.84093	0.84095			6
2025.05.20	02:38:13.679	0.84094				2
2025.05.20	02:38:16.278	0.84093	0.84094			6
2025.05.20	02:38:16.580	0.84092				2
2025.05.20	02:38:19.149		0.84093			4
2025.05.20	02:38:19.536	0.84093	0.84094			6
2025.05.20	02:38:23.483	0.84092	0.84093			6
2025.05.20	02:38:48.867	0.84091	0.84092			6
2025.05.20	02:39:00.521	0.84092	0.84093			6
2025.05.20	02:39:02.292	0.84090	0.84091			6
2025.05.20	02:39:11.013	0.84091	0.84092			6
2025.05.20	02:39:21.073	0.84090	0.84091			6
2025.05.20	02:39:22.317	0.84091	0.84092			6
2025.05.20	02:39:22.721	0.84092	0.84093			6
2025.05.20	02:39:23.620	0.84091	0.84092			6
2025.05.20	02:39:47.754	0.84090	0.84091			6
2025.05.20	02:39:48.156	0.84087	0.84090			6
2025.05.20	02:39:48.461	0.84088				2
2025.05.20	02:39:50.568	0.84091	0.84092			6
2025.05.20	02:39:55.741	0.84092	0.84093			6
2025.05.20	02:39:56.155	0.84091	0.84092			6
2025.05.20	02:40:01.320	0.84091				2
2025.05.20	02:40:15.918	0.84092	0.84093			6
2025.05.20	02:40:32.051	0.84093	0.84094			6
2025.05.20	02:40:35.915	0.84092	0.84093			6
2025.05.20	02:40:52.173	0.84091	0.84092			6
2025.05.20	02:40:57.119	0.84090	0.84091			6
2025.05.20	02:41:01.453	0.84090				2
2025.05.20	02:41:04.927	0.84091	0.84092			6
2025.05.20	02:41:18.684	0.84090	0.84091			6
2025.05.20	02:41:22.620	0.84091	0.84092			6
2025.05.20	02:41:44.955	0.84090	0.84091			6
2025.05.20	02:41:50.850	0.84091	0.84092			6
2025.05.20	02:41:51.160	0.84090	0.84091			6
2025.05.20	02:42:00.080	0.84090				2
2025.05.20	02:42:07.574	0.84088	0.84089			6
2025.05.20	02:42:08.699	0.84089	0.84090			6
2025.05.20	02:42:27.453	0.84088	0.84089			6
2025.05.20	02:43:00.386	0.84088				2
2025.05.20	02:43:05.601	0.84085	0.84086			6
2025.05.20	02:43:06.046	0.84086	0.84087			6
2025.05.20	02:43:07.265	0.84087	0.84088			6
2025.05.20	02:43:21.516	0.84088	0.84089			6
2025.05.20	02:43:22.264	0.84087	0.84088			6
2025.05.20	02:43:28.675	0.84086	0.84087			6
2025.05.20	02:43:32.223	0.84085	0.84086			6
2025.05.20	02:44:00.667	0.84085				2
2025.05.20	02:44:01.486	0.84084				2
2025.05.20	02:44:01.985		0.84085			4
2025.05.20	02:44:08.659		0.84086			4
2025.05.20	02:44:14.199		0.84085			4
2025.05.20	02:44:34.457	0.84086	0.84087			6
2025.05.20	02:44:41.008	0.84085	0.84086			6
2025.05.20	02:44:43.387	0.84086	0.84087			6
2025.05.20	02:44:45.092	0.84085	0.84086			6
2025.05.20	02:44:54.371	0.84082	0.84083			6
2025.05.20	02:44:54.681	0.84084	0.84085			6
2025.05.20	02:44:56.737	0.84082	0.84083			6
2025.05.20	02:45:01.381	0.84082				2
2025.05.20	02:45:06.845	0.84083	0.84084			6
2025.05.20	02:45:07.232	0.84082	0.84083			6
2025.05.20	02:45:12.823	0.84080	0.84081			6
2025.05.20	02:45:18.344	0.84079	0.84080			6
2025.05.20	02:45:19.022	0.84078	0.84079			6
2025.05.20	02:45:30.696	0.84077	0.84078			6
2025.05.20	02:45:32.398	0.84078	0.84079			6
2025.05.20	02:45:33.884	0.84077	0.84078			6
2025.05.20	02:45:43.477	0.84076	0.84077			6
2025.05.20	02:45:49.100	0.84077	0.84078			6
2025.05.20	02:45:49.412	0.84076	0.84077			6
2025.05.20	02:45:51.882	0.84078	0.84079			6
2025.05.20	02:46:00.320	0.84078				2
2025.05.20	02:46:12.989	0.84079	0.84080			6
2025.05.20	02:46:28.328		0.84081			4
2025.05.20	02:46:32.674	0.84078	0.84080			6
2025.05.20	02:46:34.336	0.84077	0.84079			6
2025.05.20	02:46:36.258		0.84080			4
2025.05.20	02:46:45.011		0.84079			4
2025.05.20	02:46:45.597		0.84080			4
2025.05.20	02:46:47.998	0.84079	0.84081			6
2025.05.20	02:46:49.485	0.84080				2
2025.05.20	02:46:53.008	0.84081	0.84082			6
2025.05.20	02:47:00.799	0.84081				2
2025.05.20	02:47:41.622	0.84082	0.84084			6
2025.05.20	02:48:00.182	0.84082				2
2025.05.20	02:48:14.071	0.84081	0.84083			6
2025.05.20	02:48:16.953		0.84082			4
2025.05.20	02:48:33.345	0.84080				2
2025.05.20	02:48:34.019	0.84082	0.84084			6
2025.05.20	02:48:34.322	0.84083	0.84085			6
2025.05.20	02:48:37.360	0.84082	0.84084			6
2025.05.20	02:48:41.064		0.84083			4
2025.05.20	02:49:00.480	0.84082				2
2025.05.20	02:49:44.849		0.84083			4
2025.05.20	02:49:46.222	0.84081	0.84082			6
2025.05.20	02:50:00.404	0.84081				2
2025.05.20	02:50:01.708	0.84082	0.84083			6
2025.05.20	02:50:02.731	0.84081				2
2025.05.20	02:50:16.394	0.84082				2
2025.05.20	02:50:37.559	0.84081				2
2025.05.20	02:51:00.830	0.84081				2
2025.05.20	02:51:02.219		0.84083			4
2025.05.20	02:51:23.837	0.84082				2
2025.05.20	02:51:42.998	0.84081	0.84084			6
2025.05.20	02:51:45.576	0.84082				2
2025.05.20	02:52:00.560	0.84082				2
2025.05.20	02:52:19.677	0.84083				2
2025.05.20	02:52:30.606	0.84081				2
2025.05.20	02:52:36.393	0.84082				2
2025.05.20	02:52:42.581	0.84081	0.84083			6
2025.05.20	02:52:44.343		0.84082			4
2025.05.20	02:52:44.722		0.84083			4
2025.05.20	02:52:46.191		0.84082			4
2025.05.20	02:52:48.372		0.84083			4
2025.05.20	02:53:00.960	0.84081				2
2025.05.20	02:53:19.956	0.84080	0.84081			6
2025.05.20	02:53:24.652	0.84081	0.84082			6
2025.05.20	02:53:34.105		0.84083			4
2025.05.20	02:53:36.514	0.84080	0.84082			6
2025.05.20	02:54:00.606	0.84080				2
2025.05.20	02:54:01.573	0.84081				2
2025.05.20	02:54:01.896	0.84080				2
2025.05.20	02:54:08.099	0.84081				2
2025.05.20	02:54:15.366	0.84080				2
2025.05.20	02:54:22.154		0.84081			4
2025.05.20	02:55:01.477	0.84080				2
2025.05.20	02:55:22.228		0.84081			4
2025.05.20	02:55:22.567	0.84081	0.84082			6
2025.05.20	02:55:24.392	0.84080				2
2025.05.20	02:55:33.021	0.84079				2
2025.05.20	02:55:33.607		0.84081			4
2025.05.20	02:55:34.046		0.84082			4
2025.05.20	02:55:34.561		0.84081			4
2025.05.20	02:55:37.291	0.84080				2
2025.05.20	02:55:42.662		0.84082			4
2025.05.20	02:55:43.052		0.84081			4
2025.05.20	02:55:44.782		0.84082			4
2025.05.20	02:55:50.000		0.84081			4
2025.05.20	02:55:50.504		0.84082			4
2025.05.20	02:55:51.295		0.84081			4
2025.05.20	02:56:04.391	0.84080				2
2025.05.20	02:56:07.689	0.84079				2
2025.05.20	02:56:10.465	0.84078				2
2025.05.20	02:56:12.349	0.84079				2
2025.05.20	02:56:12.846	0.84078				2
2025.05.20	02:56:13.155	0.84079				2
2025.05.20	02:56:14.647	0.84078				2
2025.05.20	02:56:16.087	0.84079				2
2025.05.20	02:56:17.531		0.84080			4
2025.05.20	02:56:18.349	0.84078				2
2025.05.20	02:56:20.105	0.84080	0.84081			6
2025.05.20	02:56:31.143	0.84081	0.84082			6
2025.05.20	02:56:51.127	0.84080	0.84081			6
2025.05.20	02:56:52.045		0.84082			4
2025.05.20	02:56:56.295		0.84081			4
2025.05.20	02:56:56.656		0.84082			4
2025.05.20	02:57:02.849	0.84080				2
2025.05.20	02:57:05.008		0.84081			4
2025.05.20	02:57:09.850		0.84082			4
2025.05.20	02:57:39.403	0.84081				2
2025.05.20	02:57:46.278		0.84083			4
2025.05.20	02:58:00.145	0.84081				2
2025.05.20	02:58:01.208	0.84080	0.84082			6
2025.05.20	02:58:06.199	0.84081				2
2025.05.20	02:58:11.621	0.84082	0.84083			6
2025.05.20	02:58:14.745		0.84084			4
2025.05.20	02:58:15.174		0.84083			4
2025.05.20	02:58:49.813		0.84084			4
2025.05.20	02:59:00.536	0.84081	0.84082			6
2025.05.20	02:59:02.268		0.84083			4
2025.05.20	02:59:30.133		0.84082			4
2025.05.20	02:59:30.493		0.84083			4
2025.05.20	02:59:43.409		0.84082			4
2025.05.20	02:59:46.962	0.84080				2
2025.05.20	02:59:47.297	0.84081				2
2025.05.20	02:59:52.288		0.84083			4
2025.05.20	03:00:00.338	0.84081				2
2025.05.20	03:00:00.761	0.84080	0.84082			6
2025.05.20	03:00:03.121		0.84081			4
2025.05.20	03:00:04.442	0.84079	0.84080			6
2025.05.20	03:00:07.088	0.84077	0.84079			6
2025.05.20	03:00:07.710	0.84079	0.84080			6
2025.05.20	03:00:08.702	0.84077	0.84078			6
2025.05.20	03:00:10.704		0.84079			4
2025.05.20	03:00:11.154	0.84078				2
2025.05.20	03:00:11.464	0.84079	0.84080			6
2025.05.20	03:00:11.996	0.84078	0.84079			6
2025.05.20	03:00:14.058	0.84077	0.84078			6
2025.05.20	03:00:16.149	0.84078	0.84079			6
2025.05.20	03:00:19.471	0.84077	0.84078			6
2025.05.20	03:00:21.647	0.84078	0.84079			6
2025.05.20	03:00:30.043	0.84077	0.84078			6
2025.05.20	03:00:40.618	0.84080	0.84081			6
2025.05.20	03:00:48.887	0.84081	0.84082			6
2025.05.20	03:00:49.246	0.84080	0.84081			6
2025.05.20	03:00:50.461	0.84081	0.84082			6
2025.05.20	03:00:51.138	0.84079	0.84080			6
2025.05.20	03:00:51.601	0.84078	0.84079			6
2025.05.20	03:00:54.136	0.84077				2
2025.05.20	03:01:00.977	0.84079	0.84080			6
2025.05.20	03:01:01.370	0.84080	0.84081			6
2025.05.20	03:01:02.461	0.84079	0.84080			6
2025.05.20	03:01:05.863	0.84080	0.84081			6
2025.05.20	03:01:06.696	0.84079	0.84080			6
2025.05.20	03:01:15.104	0.84078				2
2025.05.20	03:01:22.616		0.84079			4
2025.05.20	03:01:25.158	0.84077	0.84078			6
2025.05.20	03:01:25.520		0.84079			4
2025.05.20	03:01:26.737		0.84078			4
2025.05.20	03:01:27.939		0.84079			4
2025.05.20	03:01:30.414		0.84078			4
2025.05.20	03:01:32.970		0.84079			4
2025.05.20	03:01:38.502	0.84078				2
2025.05.20	03:01:40.706	0.84077				2
2025.05.20	03:01:41.029		0.84078			4
2025.05.20	03:01:41.411		0.84079			4
2025.05.20	03:01:42.921		0.84078			4
2025.05.20	03:01:43.738		0.84079			4
2025.05.20	03:01:52.423		0.84078			4
2025.05.20	03:01:59.900	0.84076	0.84077			6
2025.05.20	03:02:00.305	0.84076	0.84078			6
2025.05.20	03:02:01.214	0.84075	0.84076			6
2025.05.20	03:02:01.520		0.84077			4
2025.05.20	03:02:01.845	0.84076	0.84078			6
2025.05.20	03:02:11.697		0.84079			4
2025.05.20	03:02:12.007	0.84077				2
2025.05.20	03:02:19.127	0.84078	0.84080			6
2025.05.20	03:02:20.320	0.84077	0.84079			6
2025.05.20	03:02:21.486	0.84078	0.84080			6
2025.05.20	03:02:23.018		0.84079			4
2025.05.20	03:02:23.363		0.84080			4
2025.05.20	03:02:23.694	0.84079				2
2025.05.20	03:02:24.391	0.84077				2
2025.05.20	03:02:25.639	0.84078				2
2025.05.20	03:02:26.745	0.84079				2
2025.05.20	03:02:30.220	0.84077	0.84079			6
2025.05.20	03:02:35.383		0.84078			4
2025.05.20	03:02:35.703	0.84078	0.84079			6
2025.05.20	03:02:36.065	0.84077				2
2025.05.20	03:02:40.897		0.84080			4
2025.05.20	03:02:41.366		0.84079			4
2025.05.20	03:02:42.806	0.84078	0.84080			6
2025.05.20	03:02:48.217	0.84077	0.84079			6
2025.05.20	03:02:50.435		0.84078			4
2025.05.20	03:02:51.068		0.84079			4
2025.05.20	03:02:52.586		0.84078			4
2025.05.20	03:02:53.118		0.84079			4
2025.05.20	03:02:57.029		0.84078			4
2025.05.20	03:02:57.984		0.84079			4
2025.05.20	03:02:59.164	0.84076	0.84078			6
2025.05.20	03:03:00.125	0.84075	0.84077			6
2025.05.20	03:03:00.570	0.84076	0.84078			6
2025.05.20	03:03:01.321	0.84075	0.84077			6
2025.05.20	03:03:01.639		0.84076			4
2025.05.20	03:03:01.960		0.84077			4
2025.05.20	03:03:02.288		0.84076			4
2025.05.20	03:03:05.062		0.84077			4
2025.05.20	03:03:06.431	0.84074	0.84075			6
2025.05.20	03:03:06.884		0.84077			4
2025.05.20	03:03:12.206		0.84076			4
2025.05.20	03:03:16.347		0.84075			4
2025.05.20	03:03:21.427		0.84076			4
2025.05.20	03:03:24.346	0.84075				2
2025.05.20	03:03:24.664	0.84076	0.84077			6
2025.05.20	03:03:27.676	0.84075	0.84076			6
2025.05.20	03:03:34.419	0.84076	0.84077			6
2025.05.20	03:03:45.599	0.84075	0.84076			6
2025.05.20	03:03:50.568	0.84076	0.84077			6
2025.05.20	03:03:59.417	0.84075	0.84076			6
2025.05.20	03:04:00.175	0.84076	0.84078			6
2025.05.20	03:04:00.495		0.84077			4
2025.05.20	03:04:06.405	0.84075	0.84076			6
2025.05.20	03:04:07.773	0.84076	0.84077			6
2025.05.20	03:04:08.133		0.84078			4
2025.05.20	03:04:13.679		0.84077			4
2025.05.20	03:04:15.072		0.84078			4
2025.05.20	03:04:16.648		0.84079			4
2025.05.20	03:04:17.872		0.84078			4
2025.05.20	03:04:20.666		0.84077			4
2025.05.20	03:04:21.279	0.84077	0.84078			6
2025.05.20	03:04:22.060	0.84076	0.84079			6
2025.05.20	03:04:22.423		0.84078			4
2025.05.20	03:04:24.350		0.84077			4
2025.05.20	03:04:27.227		0.84078			4
2025.05.20	03:04:28.252		0.84077			4
2025.05.20	03:04:32.915	0.84075				2
2025.05.20	03:04:33.619	0.84076	0.84078			6
2025.05.20	03:04:33.952	0.84078	0.84079			6
2025.05.20	03:04:34.265	0.84075	0.84080			6
2025.05.20	03:04:36.084	0.84076	0.84081			6
2025.05.20	03:04:36.385	0.84078	0.84079			6
2025.05.20	03:04:36.932	0.84079	0.84080			6
2025.05.20	03:04:40.724	0.84078	0.84079			6
2025.05.20	03:04:41.069	0.84079	0.84080			6
2025.05.20	03:04:43.101		0.84081			4
2025.05.20	03:04:43.420		0.84080			4
2025.05.20	03:04:55.688	0.84078	0.84079			6
2025.05.20	03:04:57.109		0.84080			4
2025.05.20	03:05:00.676	0.84078				2
2025.05.20	03:05:02.562	0.84077	0.84079			6
2025.05.20	03:05:03.930	0.84078	0.84080			6
2025.05.20	03:05:04.282	0.84077	0.84079			6
2025.05.20	03:05:05.685		0.84080			4
2025.05.20	03:05:06.906	0.84078				2
2025.05.20	03:05:08.122	0.84077				2
2025.05.20	03:05:08.461		0.84079			4
2025.05.20	03:05:10.459		0.84078			4
2025.05.20	03:05:13.852		0.84079			4
2025.05.20	03:05:15.615		0.84078			4
2025.05.20	03:05:17.886		0.84079			4
2025.05.20	03:05:19.315		0.84078			4
2025.05.20	03:05:21.225		0.84079			4
2025.05.20	03:05:26.708	0.84078	0.84080			6
2025.05.20	03:05:31.173		0.84079			4
2025.05.20	03:05:33.810	0.84079	0.84080			6
2025.05.20	03:05:41.503	0.84078	0.84081			6
2025.05.20	03:05:51.058	0.84079				2
2025.05.20	03:05:54.093	0.84078	0.84080			6
2025.05.20	03:05:56.507	0.84080	0.84081			6
2025.05.20	03:05:56.886	0.84079				2
2025.05.20	03:05:59.415	0.84080				2
2025.05.20	03:06:00.520	0.84080				2
2025.05.20	03:06:01.399	0.84079	0.84080			6
2025.05.20	03:06:01.892	0.84078				2
2025.05.20	03:06:02.858		0.84081			4
2025.05.20	03:06:03.162		0.84080			4
2025.05.20	03:06:03.491	0.84079	0.84081			6
2025.05.20	03:06:04.728	0.84080				2
2025.05.20	03:06:05.343	0.84081	0.84082			6
2025.05.20	03:06:10.283	0.84080	0.84081			6
2025.05.20	03:06:12.759		0.84082			4
2025.05.20	03:06:13.411		0.84081			4
2025.05.20	03:06:20.985	0.84079				2
2025.05.20	03:06:26.724	0.84078	0.84080			6
2025.05.20	03:06:39.864		0.84081			4
2025.05.20	03:06:42.189	0.84079				2
2025.05.20	03:06:44.963	0.84078	0.84080			6
2025.05.20	03:06:49.316	0.84079	0.84081			6
2025.05.20	03:06:50.198	0.84078	0.84080			6
2025.05.20	03:06:57.394	0.84079				2
2025.05.20	03:06:57.702	0.84078				2
2025.05.20	03:07:01.239	0.84078				2
2025.05.20	03:07:01.997		0.84081			4
2025.05.20	03:07:08.192	0.84077	0.84078			6
2025.05.20	03:07:08.498	0.84076	0.84077			6
2025.05.20	03:07:09.688	0.84077	0.84079			6
2025.05.20	03:07:10.351	0.84076				2
2025.05.20	03:07:13.146	0.84077				2
2025.05.20	03:07:16.344		0.84078			4
2025.05.20	03:07:17.137	0.84076	0.84077			6
2025.05.20	03:07:19.847	0.84077	0.84078			6
2025.05.20	03:07:20.526	0.84076	0.84077			6
2025.05.20	03:07:26.110		0.84078			4
2025.05.20	03:07:27.025	0.84077				2
2025.05.20	03:07:27.363	0.84076	0.84077			6
2025.05.20	03:07:34.044	0.84075	0.84076			6
2025.05.20	03:07:36.506	0.84076	0.84077			6
2025.05.20	03:07:51.320	0.84077	0.84078			6
2025.05.20	03:07:52.356		0.84079			4
2025.05.20	03:07:54.042		0.84078			4
2025.05.20	03:07:54.421		0.84079			4
2025.05.20	03:07:58.282		0.84078			4
2025.05.20	03:08:00.744	0.84077	0.84079			6
2025.05.20	03:08:01.078		0.84078			4
2025.05.20	03:08:02.036	0.84076	0.84077			6
2025.05.20	03:08:03.067		0.84078			4
2025.05.20	03:08:03.542	0.84077				2
2025.05.20	03:08:13.355		0.84079			4
2025.05.20	03:08:14.030		0.84078			4
2025.05.20	03:08:15.762	0.84076	0.84077			6
2025.05.20	03:08:16.185		0.84078			4
2025.05.20	03:08:17.895		0.84077			4
2025.05.20	03:08:21.029	0.84078	0.84080			6
2025.05.20	03:08:22.974		0.84079			4
2025.05.20	03:08:23.769	0.84077				2
2025.05.20	03:08:24.077	0.84078				2
2025.05.20	03:08:39.394		0.84080			4
2025.05.20	03:08:39.724		0.84079			4
2025.05.20	03:08:40.361		0.84080			4
2025.05.20	03:08:41.696	0.84080	0.84081			6
2025.05.20	03:08:42.641	0.84079	0.84080			6
2025.05.20	03:08:43.974	0.84080	0.84081			6
2025.05.20	03:08:45.029	0.84081	0.84082			6
2025.05.20	03:08:46.750	0.84080	0.84081			6
2025.05.20	03:08:47.412	0.84081	0.84082			6
2025.05.20	03:08:47.738	0.84080	0.84081			6
2025.05.20	03:08:49.500	0.84081	0.84082			6
2025.05.20	03:08:50.442	0.84080	0.84081			6
2025.05.20	03:08:54.800	0.84078	0.84080			6
2025.05.20	03:08:55.392	0.84079				2
2025.05.20	03:09:00.560	0.84079				2
2025.05.20	03:09:00.875	0.84080	0.84081			6
2025.05.20	03:09:04.350	0.84079	0.84080			6
2025.05.20	03:09:08.450	0.84080	0.84081			6
2025.05.20	03:09:09.074	0.84081	0.84082			6
2025.05.20	03:09:10.714	0.84080	0.84081			6
2025.05.20	03:09:11.133	0.84079				2
2025.05.20	03:09:13.063	0.84080				2
2025.05.20	03:09:16.565	0.84079				2
2025.05.20	03:09:17.582		0.84080			4
2025.05.20	03:09:21.710		0.84081			4
2025.05.20	03:09:24.725	0.84080				2
2025.05.20	03:09:28.483	0.84079	0.84080			6
2025.05.20	03:09:32.232	0.84080	0.84081			6
2025.05.20	03:09:32.682	0.84079	0.84080			6
2025.05.20	03:09:47.192	0.84080	0.84081			6
2025.05.20	03:09:52.484	0.84079	0.84080			6
2025.05.20	03:10:01.408	0.84079				2
2025.05.20	03:10:01.899	0.84080	0.84081			6
2025.05.20	03:10:06.080	0.84078	0.84080			6
2025.05.20	03:10:19.070	0.84079				2
2025.05.20	03:10:23.030	0.84078				2
2025.05.20	03:10:24.205	0.84079				2
2025.05.20	03:10:26.307	0.84080	0.84081			6
2025.05.20	03:10:37.454	0.84079	0.84080			6
2025.05.20	03:10:43.279	0.84078	0.84079			6
2025.05.20	03:10:44.416	0.84079	0.84080			6
2025.05.20	03:10:44.786	0.84080	0.84081			6
2025.05.20	03:10:49.817	0.84079	0.84080			6
2025.05.20	03:10:50.656	0.84081	0.84082			6
2025.05.20	03:10:51.056	0.84082	0.84083			6
2025.05.20	03:11:00.416	0.84082				2
2025.05.20	03:11:00.813	0.84081	0.84082			6
2025.05.20	03:11:01.837	0.84082	0.84083			6
2025.05.20	03:11:16.173	0.84079	0.84080			6
2025.05.20	03:11:48.329	0.84078	0.84079			6
2025.05.20	03:11:49.553		0.84080			4
2025.05.20	03:11:50.925		0.84079			4
2025.05.20	03:11:51.311		0.84080			4
2025.05.20	03:11:57.726	0.84081	0.84082			6
2025.05.20	03:11:58.759	0.84080	0.84081			6
2025.05.20	03:12:00.351	0.84080				2
2025.05.20	03:12:05.177	0.84081	0.84082			6
2025.05.20	03:12:27.335	0.84080				2
2025.05.20	03:12:28.374		0.84081			4
2025.05.20	03:12:40.970	0.84079				2
2025.05.20	03:12:46.482		0.84080			4
2025.05.20	03:12:47.760	0.84080	0.84081			6
2025.05.20	03:12:50.398	0.84081	0.84082			6
2025.05.20	03:12:51.366	0.84082	0.84083			6
2025.05.20	03:13:01.341	0.84082	0.84084			6
2025.05.20	03:13:05.887	0.84083				2
2025.05.20	03:13:09.180	0.84082	0.84083			6
2025.05.20	03:13:18.992	0.84081	0.84082			6
2025.05.20	03:13:25.203	0.84080	0.84081			6
2025.05.20	03:13:27.934	0.84081	0.84082			6
2025.05.20	03:14:00.102	0.84081	0.84083			6
2025.05.20	03:14:04.485		0.84082			4
2025.05.20	03:14:05.246	0.84082	0.84083			6
2025.05.20	03:14:11.979		0.84084			4
2025.05.20	03:14:18.230		0.84083			4
2025.05.20	03:14:21.297	0.84085	0.84086			6
2025.05.20	03:14:24.380	0.84084	0.84085			6
2025.05.20	03:14:25.797	0.84083	0.84084			6
2025.05.20	03:14:36.350	0.84082	0.84083			6
2025.05.20	03:14:40.938	0.84083	0.84084			6
2025.05.20	03:14:44.101	0.84082				2
2025.05.20	03:14:45.609		0.84083			4
2025.05.20	03:14:47.549	0.84083	0.84084			6
2025.05.20	03:14:48.509	0.84082				2
2025.05.20	03:14:50.376		0.84083			4
2025.05.20	03:14:53.628	0.84081	0.84082			6
2025.05.20	03:14:58.913	0.84082	0.84083			6
2025.05.20	03:14:59.217	0.84083	0.84084			6
2025.05.20	03:14:59.537		0.84085			4
2025.05.20	03:15:00.121	0.84083				2
2025.05.20	03:15:00.446	0.84084				2
2025.05.20	03:15:01.653		0.84086			4
2025.05.20	03:15:02.072		0.84085			4
2025.05.20	03:15:03.678	0.84082	0.84084			6
2025.05.20	03:15:05.248		0.84085			4
2025.05.20	03:15:09.469	0.84083				2
2025.05.20	03:15:13.384	0.84082	0.84083			6
2025.05.20	03:15:14.800	0.84081				2
2025.05.20	03:15:15.130		0.84082			4
2025.05.20	03:15:15.749		0.84083			4
2025.05.20	03:15:16.091		0.84084			4
2025.05.20	03:15:16.505	0.84085	0.84086			6
2025.05.20	03:15:16.817	0.84082	0.84084			6
2025.05.20	03:15:20.237	0.84083	0.84085			6
2025.05.20	03:15:22.984	0.84080	0.84081			6
2025.05.20	03:15:24.148	0.84081	0.84082			6
2025.05.20	03:15:28.666		0.84083			4
2025.05.20	03:15:30.748	0.84082	0.84084			6
2025.05.20	03:15:32.106	0.84083				2
2025.05.20	03:15:32.669	0.84082				2
2025.05.20	03:15:33.079	0.84083				2
2025.05.20	03:15:37.980	0.84082				2
2025.05.20	03:15:44.264	0.84081	0.84083			6
2025.05.20	03:15:49.638	0.84082				2
2025.05.20	03:15:57.342	0.84084	0.84085			6
2025.05.20	03:15:59.004	0.84083				2
2025.05.20	03:16:00.504	0.84083				2
2025.05.20	03:16:00.870	0.84082	0.84084			6
2025.05.20	03:16:03.156	0.84083	0.84085			6
2025.05.20	03:16:10.486	0.84082	0.84084			6
2025.05.20	03:16:16.304		0.84085			4
2025.05.20	03:16:16.760	0.84083				2
2025.05.20	03:16:24.626	0.84082				2
2025.05.20	03:16:26.320	0.84084				2
2025.05.20	03:16:33.201		0.84086			4
2025.05.20	03:16:34.648	0.84086	0.84087			6
2025.05.20	03:16:52.964	0.84085				2
2025.05.20	03:16:59.201	0.84086				2
2025.05.20	03:17:00.021	0.84085				2
2025.05.20	03:17:00.540		0.84086			4
2025.05.20	03:17:09.621	0.84084	0.84085			6
2025.05.20	03:17:10.163	0.84083				2
2025.05.20	03:17:19.507	0.84085	0.84086			6
2025.05.20	03:17:20.148		0.84087			4
2025.05.20	03:17:22.660	0.84084	0.84085			6
2025.05.20	03:17:24.152	0.84083				2
2025.05.20	03:17:25.713	0.84084	0.84086			6
2025.05.20	03:17:26.084	0.84085				2
2025.05.20	03:17:27.449	0.84082	0.84084			6
2025.05.20	03:17:33.757	0.84083	0.84085			6
2025.05.20	03:17:36.981	0.84082	0.84084			6
2025.05.20	03:17:38.643	0.84081				2
2025.05.20	03:17:38.962	0.84082				2
2025.05.20	03:17:40.334	0.84081	0.84083			6
2025.05.20	03:17:46.883	0.84080				2
2025.05.20	03:17:47.240		0.84082			4
2025.05.20	03:17:48.488		0.84083			4
2025.05.20	03:17:52.505	0.84081				2
2025.05.20	03:17:52.838	0.84080				2
2025.05.20	03:17:54.423	0.84081				2
2025.05.20	03:17:57.670	0.84080				2
2025.05.20	03:18:00.966	0.84080				2
2025.05.20	03:18:03.824	0.84081				2
2025.05.20	03:18:11.115		0.84084			4
2025.05.20	03:18:13.805		0.84083			4
2025.05.20	03:18:14.157	0.84082	0.84084			6
2025.05.20	03:18:15.233	0.84081	0.84083			6
2025.05.20	03:18:15.770		0.84084			4
2025.05.20	03:18:16.341	0.84082				2
2025.05.20	03:18:42.813	0.84083	0.84085			6
2025.05.20	03:18:47.846	0.84082				2
2025.05.20	03:18:48.182	0.84083				2
2025.05.20	03:18:50.932	0.84084				2
2025.05.20	03:18:51.997	0.84083				2
2025.05.20	03:18:52.404	0.84082	0.84084			6
2025.05.20	03:19:00.094	0.84082				2
2025.05.20	03:19:09.960	0.84081	0.84083			6
2025.05.20	03:19:13.485		0.84084			4
2025.05.20	03:19:13.807		0.84083			4
2025.05.20	03:19:27.649	0.84084	0.84086			6
2025.05.20	03:19:28.239	0.84083				2
2025.05.20	03:19:29.013		0.84085			4
2025.05.20	03:19:29.403	0.84082				2
2025.05.20	03:19:30.661	0.84083				2
2025.05.20	03:19:31.030	0.84081	0.84084			6
2025.05.20	03:19:32.342		0.84083			4
2025.05.20	03:19:34.239	0.84082	0.84085			6
2025.05.20	03:19:34.577	0.84083				2
2025.05.20	03:19:36.071	0.84082				2
2025.05.20	03:19:39.764	0.84083				2
2025.05.20	03:20:00.209	0.84082				2
2025.05.20	03:20:03.372	0.84083				2
2025.05.20	03:20:04.515	0.84084	0.84086			6
2025.05.20	03:20:08.058	0.84087	0.84090			6
