<DATE>	<TIME>	<BID>	<ASK>	<LAST>	<VOLUME>	<FLAGS>
2025.03.04	00:00:00.280	0.82560	0.82612			6
2025.03.04	00:00:01.150	0.82529	0.82644			6
2025.03.04	00:00:30.803	0.82560	0.82657			6
2025.03.04	00:01:00.942	0.82559				2
2025.03.04	00:01:30.962		0.82657			4
2025.03.04	00:01:42.668		0.82652			4
2025.03.04	00:02:00.951	0.82558				2
2025.03.04	00:02:46.288		0.82652			4
2025.03.04	00:03:07.803	0.82558				2
2025.03.04	00:03:12.225	0.82516				2
2025.03.04	00:04:02.390	0.82516	0.82652			6
2025.03.04	00:04:02.707	0.82524				2
2025.03.04	00:05:02.775	0.82525	0.82650			6
2025.03.04	00:05:05.922		0.82603			4
2025.03.04	00:05:06.288		0.82605			4
2025.03.04	00:05:08.962		0.82602			4
2025.03.04	00:05:10.272		0.82604			4
2025.03.04	00:05:10.703		0.82605			4
2025.03.04	00:05:11.204		0.82606			4
2025.03.04	00:05:11.889		0.82604			4
2025.03.04	00:05:13.227		0.82606			4
2025.03.04	00:05:14.230		0.82603			4
2025.03.04	00:05:15.332		0.82605			4
2025.03.04	00:05:19.175		0.82604			4
2025.03.04	00:05:20.620		0.82603			4
2025.03.04	00:05:21.140		0.82604			4
2025.03.04	00:05:21.959		0.82605			4
2025.03.04	00:05:23.250		0.82604			4
2025.03.04	00:05:23.756		0.82603			4
2025.03.04	00:05:24.207		0.82604			4
2025.03.04	00:05:25.252		0.82603			4
2025.03.04	00:05:26.100		0.82601			4
2025.03.04	00:05:28.285		0.82600			4
2025.03.04	00:05:29.843		0.82601			4
2025.03.04	00:05:30.304		0.82603			4
2025.03.04	00:05:30.659		0.82604			4
2025.03.04	00:05:34.662		0.82605			4
2025.03.04	00:05:40.504		0.82607			4
2025.03.04	00:05:45.068		0.82606			4
2025.03.04	00:05:54.738		0.82605			4
2025.03.04	00:06:02.353	0.82525	0.82603			6
2025.03.04	00:06:05.257		0.82605			4
2025.03.04	00:06:08.506		0.82606			4
2025.03.04	00:06:13.510		0.82607			4
2025.03.04	00:06:13.823		0.82613			4
2025.03.04	00:06:14.127		0.82607			4
2025.03.04	00:06:33.684		0.82604			4
2025.03.04	00:06:52.027		0.82607			4
2025.03.04	00:06:53.836		0.82604			4
2025.03.04	00:07:00.964	0.82525	0.82606			6
2025.03.04	00:07:01.297		0.82607			4
2025.03.04	00:07:15.881		0.82608			4
2025.03.04	00:07:16.354		0.82614			4
2025.03.04	00:07:16.881		0.82619			4
2025.03.04	00:07:17.185		0.82611			4
2025.03.04	00:07:18.354		0.82612			4
2025.03.04	00:07:18.716		0.82613			4
2025.03.04	00:07:21.035		0.82612			4
2025.03.04	00:07:22.731		0.82610			4
2025.03.04	00:07:23.301		0.82620			4
2025.03.04	00:07:23.605		0.82621			4
2025.03.04	00:07:24.716		0.82622			4
2025.03.04	00:07:25.076		0.82621			4
2025.03.04	00:07:26.352		0.82617			4
2025.03.04	00:07:26.858		0.82619			4
2025.03.04	00:07:28.442		0.82620			4
2025.03.04	00:07:30.480		0.82621			4
2025.03.04	00:07:34.351	0.82527	0.82625			6
2025.03.04	00:07:34.657	0.82525	0.82621			6
2025.03.04	00:07:39.751		0.82620			4
2025.03.04	00:07:40.933		0.82621			4
2025.03.04	00:07:42.311	0.82535	0.82606			6
2025.03.04	00:07:44.931		0.82581			4
2025.03.04	00:08:02.354	0.82535				2
2025.03.04	00:08:15.654	0.82518	0.82601			6
2025.03.04	00:08:18.407	0.82517				2
2025.03.04	00:08:23.552	0.82518				2
2025.03.04	00:08:42.813	0.82517				2
2025.03.04	00:08:43.285	0.82520				2
2025.03.04	00:08:43.789	0.82518				2
2025.03.04	00:08:44.108	0.82517				2
2025.03.04	00:08:55.037	0.82518				2
2025.03.04	00:08:57.475	0.82519				2
2025.03.04	00:08:59.910	0.82517				2
2025.03.04	00:09:02.290	0.82517				2
2025.03.04	00:09:07.415	0.82519				2
2025.03.04	00:09:08.746	0.82518				2
2025.03.04	00:09:12.905	0.82517				2
2025.03.04	00:09:15.677		0.82601			4
2025.03.04	00:09:18.099	0.82519				2
2025.03.04	00:09:18.520	0.82518				2
2025.03.04	00:09:31.489	0.82519				2
2025.03.04	00:09:34.212	0.82517				2
2025.03.04	00:09:35.102	0.82518				2
2025.03.04	00:09:38.287	0.82517				2
2025.03.04	00:09:39.605	0.82518				2
2025.03.04	00:09:42.676		0.82579			4
2025.03.04	00:09:51.740	0.82519				2
2025.03.04	00:09:55.268	0.82518				2
2025.03.04	00:10:00.366	0.82516				2
2025.03.04	00:10:14.032	0.82534	0.82594			6
2025.03.04	00:10:14.341	0.82533	0.82593			6
2025.03.04	00:10:14.643	0.82534	0.82594			6
2025.03.04	00:10:15.250	0.82533	0.82593			6
2025.03.04	00:10:15.551	0.82529	0.82589			6
2025.03.04	00:10:15.855	0.82532	0.82592			6
2025.03.04	00:10:16.156	0.82530	0.82590			6
2025.03.04	00:10:16.760	0.82532	0.82592			6
2025.03.04	00:10:17.365	0.82522	0.82602			6
2025.03.04	00:10:17.666	0.82520				2
2025.03.04	00:10:17.970	0.82516	0.82596			6
2025.03.04	00:10:18.273	0.82498	0.82595			6
2025.03.04	00:10:18.576	0.82503	0.82596			6
2025.03.04	00:10:18.877	0.82502				2
2025.03.04	00:10:19.592	0.82511				2
2025.03.04	00:10:19.936	0.82512				2
2025.03.04	00:10:20.237	0.82506				2
2025.03.04	00:10:20.540	0.82501				2
2025.03.04	00:10:21.143	0.82499				2
2025.03.04	00:10:21.751		0.82594			4
2025.03.04	00:10:22.353	0.82504	0.82595			6
2025.03.04	00:10:23.263	0.82501				2
2025.03.04	00:10:24.169	0.82502				2
2025.03.04	00:10:24.772	0.82503				2
2025.03.04	00:10:25.077		0.82593			4
2025.03.04	00:10:25.379	0.82504				2
2025.03.04	00:10:26.286	0.82501				2
2025.03.04	00:10:26.588	0.82502				2
2025.03.04	00:10:27.494	0.82504	0.82592			6
2025.03.04	00:10:27.799		0.82591			4
2025.03.04	00:10:28.102		0.82593			4
2025.03.04	00:10:28.404	0.82489	0.82597			6
2025.03.04	00:10:28.706	0.82492	0.82598			6
2025.03.04	00:10:29.613	0.82490				2
2025.03.04	00:10:30.217	0.82485				2
2025.03.04	00:10:30.519	0.82493				2
2025.03.04	00:10:30.820	0.82492	0.82597			6
2025.03.04	00:10:31.125	0.82495	0.82599			6
2025.03.04	00:10:31.727	0.82491				2
2025.03.04	00:10:32.031	0.82492	0.82597			6
2025.03.04	00:10:32.335	0.82495				2
2025.03.04	00:10:34.150	0.82489	0.82596			6
2025.03.04	00:10:34.449	0.82496	0.82597			6
2025.03.04	00:10:35.359	0.82495				2
2025.03.04	00:10:35.659	0.82496				2
2025.03.04	00:10:36.569	0.82495				2
2025.03.04	00:10:37.173	0.82497	0.82595			6
2025.03.04	00:10:37.779	0.82496	0.82596			6
2025.03.04	00:10:38.080	0.82492				2
2025.03.04	00:10:38.385	0.82497				2
2025.03.04	00:10:38.686		0.82595			4
2025.03.04	00:10:39.291	0.82496				2
2025.03.04	00:10:40.500	0.82500				2
2025.03.04	00:10:40.802	0.82492	0.82597			6
2025.03.04	00:10:41.104	0.82490				2
2025.03.04	00:10:41.407	0.82492				2
2025.03.04	00:10:42.013	0.82503				2
2025.03.04	00:10:42.314	0.82505				2
2025.03.04	00:10:42.921	0.82493	0.82594			6
2025.03.04	00:10:43.220	0.82491	0.82589			6
2025.03.04	00:10:43.525	0.82492				2
2025.03.04	00:10:44.130	0.82493				2
2025.03.04	00:10:45.036	0.82492	0.82588			6
2025.03.04	00:10:45.341	0.82506	0.82592			6
2025.03.04	00:10:45.943		0.82582			4
2025.03.04	00:10:46.246	0.82500	0.82580			6
2025.03.04	00:10:46.548	0.82508	0.82582			6
2025.03.04	00:10:46.850	0.82509	0.82584			6
2025.03.04	00:10:47.458	0.82508	0.82585			6
2025.03.04	00:10:47.760	0.82501				2
2025.03.04	00:10:48.061	0.82500				2
2025.03.04	00:10:48.363	0.82504				2
2025.03.04	00:10:48.666	0.82505				2
2025.03.04	00:10:48.967	0.82503				2
2025.03.04	00:10:49.270	0.82504				2
2025.03.04	00:10:49.876	0.82505				2
2025.03.04	00:10:50.784	0.82506	0.82587			6
2025.03.04	00:10:51.388	0.82505				2
2025.03.04	00:10:51.692	0.82506				2
2025.03.04	00:10:51.993	0.82507				2
2025.03.04	00:10:52.598	0.82508				2
2025.03.04	00:10:52.902	0.82507				2
2025.03.04	00:10:53.201	0.82509				2
2025.03.04	00:10:53.807	0.82502				2
2025.03.04	00:10:55.623	0.82503	0.82588			6
2025.03.04	00:10:57.135	0.82504				2
2025.03.04	00:10:57.741	0.82495	0.82589			6
2025.03.04	00:10:58.042	0.82499	0.82590			6
2025.03.04	00:10:58.952	0.82501				2
2025.03.04	00:10:59.254	0.82491				2
2025.03.04	00:10:59.857	0.82498				2
2025.03.04	00:11:00.160	0.82498	0.82591			6
2025.03.04	00:11:03.184	0.82500	0.82589			6
2025.03.04	00:11:03.487	0.82493	0.82591			6
2025.03.04	00:11:03.789	0.82500				2
2025.03.04	00:11:05.905	0.82501				2
2025.03.04	00:11:07.720	0.82498	0.82586			6
2025.03.04	00:11:08.024	0.82496				2
2025.03.04	00:11:08.327	0.82495	0.82587			6
2025.03.04	00:11:10.745	0.82493				2
2025.03.04	00:11:14.676	0.82495	0.82588			6
2025.03.04	00:11:14.981	0.82497				2
2025.03.04	00:11:15.887	0.82498				2
2025.03.04	00:11:17.400	0.82499				2
2025.03.04	00:11:17.702		0.82590			4
2025.03.04	00:11:18.912	0.82500				2
2025.03.04	00:11:20.122	0.82499				2
2025.03.04	00:11:20.425	0.82515	0.82596			6
2025.03.04	00:11:21.566	0.82516	0.82577			6
2025.03.04	00:11:23.393	0.82492	0.82586			6
2025.03.04	00:11:24.304	0.82516	0.82577			6
2025.03.04	00:11:30.210	0.82487	0.82589			6
2025.03.04	00:11:30.860	0.82516	0.82577			6
2025.03.04	00:11:36.450	0.82493	0.82589			6
2025.03.04	00:11:36.758	0.82494				2
2025.03.04	00:11:37.363	0.82516	0.82577			6
2025.03.04	00:11:42.538		0.82578			4
2025.03.04	00:11:43.136	0.82503	0.82596			6
2025.03.04	00:11:43.766	0.82516	0.82578			6
2025.03.04	00:11:46.250		0.82577			4
2025.03.04	00:11:49.620	0.82507	0.82590			6
2025.03.04	00:11:49.964	0.82506	0.82591			6
2025.03.04	00:11:50.268	0.82516	0.82577			6
2025.03.04	00:11:54.060		0.82580			4
2025.03.04	00:12:00.894	0.82516				2
2025.03.04	00:12:02.061	0.82497				2
2025.03.04	00:12:08.893		0.82577			4
2025.03.04	00:12:09.904		0.82580			4
2025.03.04	00:12:41.952		0.82579			4
2025.03.04	00:13:02.292	0.82497				2
2025.03.04	00:13:31.623		0.82578			4
2025.03.04	00:14:00.896	0.82497				2
2025.03.04	00:14:02.292	0.82501				2
2025.03.04	00:14:19.989	0.82507	0.82597			6
2025.03.04	00:14:26.160		0.82598			4
2025.03.04	00:14:33.563	0.82512	0.82602			6
2025.03.04	00:14:46.229		0.82585			4
2025.03.04	00:15:00.316	0.82512				2
2025.03.04	00:15:07.985	0.82514				2
2025.03.04	00:15:09.317	0.82513				2
2025.03.04	00:15:10.960	0.82520				2
2025.03.04	00:15:12.351		0.82580			4
2025.03.04	00:16:33.354	0.82536	0.82580			6
2025.03.04	00:16:44.483	0.82539				2
2025.03.04	00:16:46.264		0.82585			4
2025.03.04	00:17:02.167	0.82539				2
2025.03.04	00:17:10.761	0.82547				2
2025.03.04	00:17:12.985	0.82545				2
2025.03.04	00:17:15.151	0.82547				2
2025.03.04	00:17:16.203	0.82545				2
2025.03.04	00:17:16.951	0.82547				2
2025.03.04	00:17:20.997	0.82545				2
2025.03.04	00:17:21.960	0.82547				2
2025.03.04	00:17:22.311	0.82545				2
2025.03.04	00:17:25.298	0.82547				2
2025.03.04	00:17:25.851	0.82546				2
2025.03.04	00:17:27.331	0.82534				2
2025.03.04	00:17:32.583	0.82538				2
2025.03.04	00:17:33.133	0.82540				2
2025.03.04	00:17:33.480	0.82539				2
2025.03.04	00:17:34.095	0.82533				2
2025.03.04	00:17:37.194	0.82532				2
2025.03.04	00:17:38.861	0.82533				2
2025.03.04	00:17:39.388	0.82525	0.82580			6
2025.03.04	00:17:43.459	0.82513				2
2025.03.04	00:17:44.261	0.82517				2
2025.03.04	00:17:44.614	0.82518				2
2025.03.04	00:17:45.005	0.82514				2
2025.03.04	00:17:46.312	0.82515				2
2025.03.04	00:17:47.060	0.82514				2
2025.03.04	00:17:47.951	0.82515				2
2025.03.04	00:17:49.034	0.82520				2
2025.03.04	00:17:51.305	0.82513				2
2025.03.04	00:17:57.420		0.82579			4
2025.03.04	00:18:00.138	0.82513				2
2025.03.04	00:18:01.171		0.82571			4
2025.03.04	00:18:01.655		0.82569			4
2025.03.04	00:18:02.717		0.82570			4
2025.03.04	00:18:05.030		0.82571			4
2025.03.04	00:18:06.979		0.82579			4
2025.03.04	00:18:21.907		0.82582			4
2025.03.04	00:18:32.321	0.82514	0.82585			6
2025.03.04	00:18:32.763		0.82586			4
2025.03.04	00:18:34.036	0.82515				2
2025.03.04	00:18:35.931	0.82513				2
2025.03.04	00:18:39.684	0.82514	0.82590			6
2025.03.04	00:18:42.112	0.82513				2
2025.03.04	00:18:44.493		0.82594			4
2025.03.04	00:18:52.278	0.82520	0.82596			6
2025.03.04	00:18:52.930		0.82597			4
2025.03.04	00:19:01.182	0.82520				2
2025.03.04	00:19:05.946	0.82528	0.82593			6
2025.03.04	00:19:13.731	0.82533				2
2025.03.04	00:19:16.354	0.82535				2
2025.03.04	00:19:16.953	0.82536				2
2025.03.04	00:19:20.714	0.82527	0.82580			6
2025.03.04	00:19:21.209	0.82528				2
2025.03.04	00:19:22.557	0.82527				2
2025.03.04	00:19:24.254	0.82530				2
2025.03.04	00:19:26.442	0.82527				2
2025.03.04	00:19:30.962	0.82530				2
2025.03.04	00:19:35.939	0.82529				2
2025.03.04	00:19:38.843	0.82530				2
2025.03.04	00:19:40.457	0.82532				2
2025.03.04	00:19:45.186	0.82530				2
2025.03.04	00:19:48.424	0.82529				2
2025.03.04	00:19:48.830	0.82528				2
2025.03.04	00:19:49.774	0.82527				2
2025.03.04	00:19:53.415	0.82528				2
2025.03.04	00:19:54.055	0.82529				2
2025.03.04	00:19:54.953	0.82530				2
2025.03.04	00:19:55.794	0.82524				2
2025.03.04	00:19:56.138	0.82522				2
2025.03.04	00:20:01.077	0.82522				2
2025.03.04	00:20:06.360	0.82524				2
2025.03.04	00:20:07.240	0.82528				2
2025.03.04	00:20:13.301	0.82527				2
2025.03.04	00:20:15.706		0.82584			4
2025.03.04	00:20:22.978	0.82526				2
2025.03.04	00:20:23.319	0.82521				2
2025.03.04	00:20:25.166	0.82520				2
2025.03.04	00:20:26.921	0.82521				2
2025.03.04	00:20:35.408	0.82522				2
2025.03.04	00:21:00.881	0.82522				2
2025.03.04	00:21:10.713		0.82581			4
2025.03.04	00:21:25.877	0.82523				2
2025.03.04	00:21:46.872	0.82524				2
2025.03.04	00:22:00.980	0.82524				2
2025.03.04	00:22:05.713		0.82580			4
2025.03.04	00:22:10.284	0.82525				2
2025.03.04	00:22:13.462	0.82529				2
2025.03.04	00:23:00.712	0.82529				2
2025.03.04	00:23:13.131		0.82580			4
2025.03.04	00:23:23.852		0.82591			4
2025.03.04	00:23:36.688	0.82534				2
2025.03.04	00:23:40.905	0.82529				2
2025.03.04	00:23:47.597	0.82533				2
2025.03.04	00:23:53.618		0.82585			4
2025.03.04	00:24:01.359	0.82533				2
2025.03.04	00:24:54.309		0.82585			4
2025.03.04	00:25:00.328	0.82533				2
2025.03.04	00:25:06.207	0.82527	0.82577			6
2025.03.04	00:25:12.937		0.82576			4
2025.03.04	00:25:14.349		0.82577			4
2025.03.04	00:25:21.656	0.82521				2
2025.03.04	00:25:22.518		0.82588			4
2025.03.04	00:25:26.320		0.82589			4
2025.03.04	00:25:31.697		0.82594			4
2025.03.04	00:25:39.089	0.82526				2
2025.03.04	00:25:53.629		0.82584			4
2025.03.04	00:26:00.961	0.82526				2
2025.03.04	00:26:13.556		0.82581			4
2025.03.04	00:27:02.377	0.82526				2
2025.03.04	00:27:20.544		0.82581			4
2025.03.04	00:28:00.788	0.82526				2
2025.03.04	00:28:14.609	0.82531	0.82588			6
2025.03.04	00:28:20.409	0.82532				2
2025.03.04	00:28:37.910	0.82538				2
2025.03.04	00:29:00.964	0.82538				2
2025.03.04	00:29:20.965		0.82588			4
2025.03.04	00:30:00.386	0.82538				2
2025.03.04	00:30:24.409		0.82588			4
2025.03.04	00:30:27.913		0.82590			4
2025.03.04	00:30:37.933	0.82539				2
2025.03.04	00:31:00.453	0.82539				2
2025.03.04	00:31:06.418	0.82553	0.82612			6
2025.03.04	00:31:07.854	0.82551	0.82607			6
2025.03.04	00:31:08.352		0.82605			4
2025.03.04	00:31:15.906		0.82604			4
2025.03.04	00:31:53.931		0.82603			4
2025.03.04	00:32:00.841	0.82551				2
2025.03.04	00:32:24.230		0.82602			4
2025.03.04	00:33:02.384	0.82551				2
2025.03.04	00:33:27.229		0.82602			4
2025.03.04	00:34:01.131	0.82551				2
2025.03.04	00:34:21.511	0.82547				2
2025.03.04	00:34:26.334		0.82603			4
2025.03.04	00:34:39.833		0.82602			4
2025.03.04	00:35:00.385	0.82547				2
2025.03.04	00:35:06.467		0.82601			4
2025.03.04	00:35:12.819		0.82600			4
2025.03.04	00:35:31.735		0.82599			4
2025.03.04	00:35:44.333		0.82600			4
2025.03.04	00:35:46.734		0.82599			4
2025.03.04	00:35:55.504		0.82600			4
2025.03.04	00:36:05.460	0.82547				2
2025.03.04	00:36:23.933		0.82599			4
2025.03.04	00:37:00.458	0.82547				2
2025.03.04	00:37:04.132		0.82600			4
2025.03.04	00:37:15.315	0.82545	0.82599			6
2025.03.04	00:38:05.034	0.82545				2
2025.03.04	00:38:06.858		0.82598			4
2025.03.04	00:38:18.532		0.82597			4
2025.03.04	00:39:02.298	0.82545				2
2025.03.04	00:39:23.989		0.82597			4
2025.03.04	00:39:37.715		0.82598			4
2025.03.04	00:39:38.094	0.82542				2
2025.03.04	00:40:00.872	0.82542				2
2025.03.04	00:40:03.986		0.82597			4
2025.03.04	00:40:04.977		0.82598			4
2025.03.04	00:40:26.332		0.82597			4
2025.03.04	00:40:27.296		0.82598			4
2025.03.04	00:40:41.550		0.82597			4
2025.03.04	00:40:56.931		0.82598			4
2025.03.04	00:41:01.069	0.82542				2
2025.03.04	00:41:57.158		0.82598			4
2025.03.04	00:42:01.249	0.82542				2
2025.03.04	00:42:06.856		0.82599			4
2025.03.04	00:42:13.670		0.82598			4
2025.03.04	00:42:28.444		0.82597			4
2025.03.04	00:42:38.493		0.82598			4
2025.03.04	00:42:38.996		0.82599			4
2025.03.04	00:43:00.967	0.82542				2
2025.03.04	00:43:32.430		0.82598			4
2025.03.04	00:43:33.128		0.82597			4
2025.03.04	00:43:35.915		0.82601			4
2025.03.04	00:43:36.399		0.82600			4
2025.03.04	00:43:37.860		0.82599			4
2025.03.04	00:44:00.381	0.82542				2
2025.03.04	00:44:16.777		0.82598			4
2025.03.04	00:44:18.234		0.82597			4
2025.03.04	00:44:22.733		0.82598			4
2025.03.04	00:44:47.031		0.82597			4
2025.03.04	00:44:49.730		0.82598			4
2025.03.04	00:44:52.722		0.82599			4
2025.03.04	00:45:00.868	0.82542				2
2025.03.04	00:45:02.040	0.82539				2
2025.03.04	00:45:04.199	0.82542				2
2025.03.04	00:45:08.872	0.82554	0.82587			6
2025.03.04	00:45:26.333		0.82586			4
2025.03.04	00:45:29.034		0.82587			4
2025.03.04	00:45:45.638		0.82586			4
2025.03.04	00:45:48.692		0.82588			4
2025.03.04	00:45:52.236		0.82586			4
2025.03.04	00:45:54.293		0.82588			4
2025.03.04	00:45:54.683		0.82587			4
2025.03.04	00:45:55.735		0.82586			4
2025.03.04	00:45:57.910		0.82587			4
2025.03.04	00:46:00.446	0.82554	0.82586			6
2025.03.04	00:46:01.804	0.82529	0.82587			6
2025.03.04	00:46:02.393	0.82554				2
2025.03.04	00:46:07.002		0.82586			4
2025.03.04	00:46:21.834		0.82587			4
2025.03.04	00:46:31.487		0.82588			4
2025.03.04	00:46:48.403		0.82587			4
2025.03.04	00:46:48.708		0.82586			4
2025.03.04	00:46:49.186		0.82589			4
2025.03.04	00:46:50.992		0.82587			4
2025.03.04	00:46:53.031		0.82588			4
2025.03.04	00:46:54.889		0.82589			4
2025.03.04	00:47:00.328	0.82554	0.82590			6
2025.03.04	00:47:02.043	0.82556	0.82592			6
2025.03.04	00:47:03.275	0.82555	0.82591			6
2025.03.04	00:47:04.183	0.82554	0.82590			6
2025.03.04	00:47:07.275		0.82589			4
2025.03.04	00:47:14.438		0.82586			4
2025.03.04	00:47:15.016		0.82588			4
2025.03.04	00:47:18.833		0.82587			4
2025.03.04	00:47:23.631		0.82588			4
2025.03.04	00:47:26.341		0.82587			4
2025.03.04	00:47:28.906		0.82588			4
2025.03.04	00:47:29.634		0.82585			4
2025.03.04	00:47:30.413		0.82586			4
2025.03.04	00:47:31.731		0.82587			4
2025.03.04	00:47:32.472		0.82584			4
2025.03.04	00:47:38.306		0.82585			4
2025.03.04	00:47:43.138		0.82584			4
2025.03.04	00:47:45.414		0.82585			4
2025.03.04	00:47:45.835		0.82584			4
2025.03.04	00:47:49.017		0.82585			4
2025.03.04	00:47:49.793		0.82586			4
2025.03.04	00:47:57.231		0.82587			4
2025.03.04	00:47:58.159		0.82586			4
2025.03.04	00:47:59.750		0.82584			4
2025.03.04	00:48:00.070	0.82554				2
2025.03.04	00:48:00.432		0.82583			4
2025.03.04	00:48:03.025	0.82531				2
2025.03.04	00:48:05.538		0.82584			4
2025.03.04	00:48:11.552		0.82583			4
2025.03.04	00:48:13.549		0.82585			4
2025.03.04	00:48:15.160		0.82584			4
2025.03.04	00:48:17.174		0.82585			4
2025.03.04	00:48:21.532		0.82584			4
2025.03.04	00:48:31.179		0.82585			4
2025.03.04	00:48:34.174	0.82533	0.82583			6
2025.03.04	00:48:38.331		0.82584			4
2025.03.04	00:48:38.956		0.82585			4
2025.03.04	00:48:39.334		0.82586			4
2025.03.04	00:48:40.606	0.82535				2
2025.03.04	00:48:44.437	0.82532	0.82583			6
2025.03.04	00:48:44.931		0.82584			4
2025.03.04	00:48:52.344	0.82535	0.82586			6
2025.03.04	00:49:02.391	0.82535				2
2025.03.04	00:49:10.282		0.82585			4
2025.03.04	00:49:10.822	0.82530	0.82582			6
2025.03.04	00:49:11.241		0.82581			4
2025.03.04	00:49:32.430		0.82582			4
2025.03.04	00:49:32.923	0.82552	0.82583			6
2025.03.04	00:49:34.174		0.82582			4
2025.03.04	00:49:42.232		0.82581			4
2025.03.04	00:49:47.435		0.82582			4
2025.03.04	00:49:55.732		0.82581			4
2025.03.04	00:50:02.019	0.82552				2
2025.03.04	00:50:09.532		0.82582			4
2025.03.04	00:50:16.481		0.82583			4
2025.03.04	00:50:17.730		0.82582			4
2025.03.04	00:50:19.431		0.82581			4
2025.03.04	00:50:29.642		0.82582			4
2025.03.04	00:50:32.956	0.82553	0.82581			6
2025.03.04	00:50:34.170		0.82587			4
2025.03.04	00:50:41.585		0.82586			4
2025.03.04	00:50:43.353		0.82587			4
2025.03.04	00:51:00.972	0.82553				2
2025.03.04	00:51:14.989		0.82586			4
2025.03.04	00:51:17.056	0.82550				2
2025.03.04	00:51:17.375		0.82583			4
2025.03.04	00:51:24.546		0.82582			4
2025.03.04	00:51:24.874		0.82583			4
2025.03.04	00:51:25.575		0.82582			4
2025.03.04	00:51:34.159		0.82580			4
2025.03.04	00:51:39.053		0.82579			4
2025.03.04	00:51:47.770		0.82580			4
2025.03.04	00:51:48.707		0.82579			4
2025.03.04	00:51:51.494		0.82580			4
2025.03.04	00:51:52.010		0.82581			4
2025.03.04	00:51:52.737		0.82580			4
2025.03.04	00:51:54.231		0.82579			4
2025.03.04	00:51:55.803		0.82575			4
2025.03.04	00:51:56.455		0.82574			4
2025.03.04	00:51:57.512		0.82572			4
2025.03.04	00:51:58.126		0.82570			4
2025.03.04	00:51:58.808		0.82569			4
2025.03.04	00:52:00.135	0.82550				2
2025.03.04	00:52:00.817		0.82566			4
2025.03.04	00:52:01.142		0.82565			4
2025.03.04	00:52:02.234		0.82566			4
2025.03.04	00:52:02.859		0.82567			4
2025.03.04	00:52:03.975		0.82564			4
2025.03.04	00:52:06.292		0.82565			4
2025.03.04	00:52:06.961		0.82563			4
2025.03.04	00:52:17.051	0.82551				2
2025.03.04	00:52:29.623		0.82565			4
2025.03.04	00:52:40.757		0.82566			4
2025.03.04	00:52:41.335		0.82567			4
2025.03.04	00:52:45.297		0.82565			4
2025.03.04	00:52:47.287		0.82567			4
2025.03.04	00:52:47.587		0.82568			4
2025.03.04	00:52:49.203		0.82572			4
2025.03.04	00:52:50.495		0.82569			4
2025.03.04	00:52:51.984		0.82568			4
2025.03.04	00:52:52.289		0.82571			4
2025.03.04	00:52:52.982		0.82568			4
2025.03.04	00:53:00.709	0.82551				2
2025.03.04	00:53:03.202		0.82571			4
2025.03.04	00:53:10.039		0.82567			4
2025.03.04	00:53:10.940		0.82570			4
2025.03.04	00:53:11.632		0.82569			4
2025.03.04	00:53:16.120		0.82570			4
2025.03.04	00:53:18.833		0.82571			4
2025.03.04	00:53:20.964		0.82568			4
2025.03.04	00:53:21.462		0.82567			4
2025.03.04	00:53:25.018		0.82571			4
2025.03.04	00:53:27.646		0.82567			4
2025.03.04	00:53:34.166		0.82568			4
2025.03.04	00:53:35.224		0.82569			4
2025.03.04	00:53:36.431		0.82572			4
2025.03.04	00:53:38.816		0.82567			4
2025.03.04	00:53:41.478		0.82571			4
2025.03.04	00:53:42.511		0.82572			4
2025.03.04	00:53:46.433		0.82573			4
2025.03.04	00:53:48.825		0.82568			4
2025.03.04	00:53:49.227		0.82572			4
2025.03.04	00:53:53.810		0.82569			4
2025.03.04	00:53:54.140		0.82568			4
2025.03.04	00:53:54.478		0.82566			4
2025.03.04	00:53:57.751		0.82569			4
2025.03.04	00:54:00.377	0.82551				2
2025.03.04	00:54:01.531		0.82568			4
2025.03.04	00:54:04.075		0.82569			4
2025.03.04	00:54:07.030		0.82570			4
2025.03.04	00:54:07.341		0.82572			4
2025.03.04	00:54:07.779		0.82573			4
2025.03.04	00:54:08.334		0.82569			4
2025.03.04	00:54:17.707	0.82518				2
2025.03.04	00:54:23.964		0.82570			4
2025.03.04	00:54:32.201	0.82515	0.82568			6
2025.03.04	00:54:34.241		0.82567			4
2025.03.04	00:54:40.272	0.82516	0.82568			6
2025.03.04	00:54:41.161		0.82567			4
2025.03.04	00:54:46.035		0.82566			4
2025.03.04	00:54:48.899	0.82512	0.82569			6
2025.03.04	00:54:49.206		0.82567			4
2025.03.04	00:54:56.331		0.82569			4
2025.03.04	00:55:00.234	0.82512				2
2025.03.04	00:55:07.483	0.82524	0.82575			6
2025.03.04	00:55:11.340		0.82576			4
2025.03.04	00:55:13.361	0.82525				2
2025.03.04	00:55:17.051	0.82550				2
2025.03.04	00:55:17.362		0.82570			4
2025.03.04	00:55:17.728		0.82579			4
2025.03.04	00:55:21.230		0.82587			4
2025.03.04	00:55:21.833		0.82588			4
2025.03.04	00:55:22.155		0.82579			4
2025.03.04	00:55:22.475		0.82591			4
2025.03.04	00:55:23.168		0.82593			4
2025.03.04	00:55:24.946		0.82594			4
2025.03.04	00:55:32.332		0.82595			4
2025.03.04	00:55:53.665		0.82581			4
2025.03.04	00:55:53.968		0.82579			4
2025.03.04	00:55:55.212		0.82578			4
2025.03.04	00:55:58.245		0.82577			4
2025.03.04	00:55:58.800		0.82576			4
2025.03.04	00:55:59.568		0.82575			4
2025.03.04	00:56:00.410	0.82550				2
2025.03.04	00:56:00.712		0.82570			4
2025.03.04	00:56:08.761		0.82566			4
2025.03.04	00:56:09.080		0.82565			4
2025.03.04	00:56:19.026		0.82564			4
2025.03.04	00:56:22.587	0.82548	0.82571			6
2025.03.04	00:56:23.002		0.82573			4
2025.03.04	00:56:24.034		0.82574			4
2025.03.04	00:56:26.617		0.82579			4
2025.03.04	00:56:27.992		0.82582			4
2025.03.04	00:56:28.304		0.82583			4
2025.03.04	00:56:30.729		0.82584			4
2025.03.04	00:56:31.669		0.82580			4
2025.03.04	00:56:32.359		0.82581			4
2025.03.04	00:56:32.687		0.82582			4
2025.03.04	00:56:34.353		0.82580			4
2025.03.04	00:56:39.637	0.82551	0.82582			6
2025.03.04	00:56:40.811		0.82586			4
2025.03.04	00:56:41.753	0.82554				2
2025.03.04	00:56:45.826	0.82551	0.82587			6
2025.03.04	00:56:46.432		0.82588			4
2025.03.04	00:56:47.863	0.82557				2
2025.03.04	00:56:50.031		0.82589			4
2025.03.04	00:56:57.727		0.82590			4
2025.03.04	00:57:00.963	0.82557				2
2025.03.04	00:57:06.117		0.82589			4
2025.03.04	00:57:15.747		0.82590			4
2025.03.04	00:57:17.462		0.82591			4
2025.03.04	00:57:27.727		0.82592			4
2025.03.04	00:58:01.857	0.82557	0.82591			6
2025.03.04	00:58:02.770		0.82592			4
2025.03.04	00:58:04.842		0.82593			4
2025.03.04	00:58:09.911		0.82591			4
2025.03.04	00:58:12.091		0.82593			4
2025.03.04	00:58:15.194		0.82591			4
2025.03.04	00:58:17.984		0.82592			4
2025.03.04	00:58:19.625		0.82593			4
2025.03.04	00:58:21.876		0.82592			4
2025.03.04	00:58:26.398		0.82593			4
2025.03.04	00:58:34.132		0.82591			4
2025.03.04	00:58:35.881		0.82590			4
2025.03.04	00:58:36.433	0.82530	0.82584			6
2025.03.04	00:58:37.443		0.82578			4
2025.03.04	00:58:39.634		0.82579			4
2025.03.04	00:58:40.188		0.82577			4
2025.03.04	00:58:40.731		0.82576			4
2025.03.04	00:58:42.306		0.82574			4
2025.03.04	00:58:42.947		0.82573			4
2025.03.04	00:58:44.065		0.82572			4
2025.03.04	00:58:45.290		0.82570			4
2025.03.04	00:58:46.712	0.82522	0.82568			6
2025.03.04	00:58:48.838		0.82567			4
2025.03.04	00:58:49.260		0.82566			4
2025.03.04	00:58:50.198	0.82521				2
2025.03.04	00:58:57.343	0.82522				2
2025.03.04	00:58:57.986		0.82569			4
2025.03.04	00:59:00.283	0.82522				2
2025.03.04	00:59:02.529	0.82521				2
2025.03.04	00:59:08.377		0.82570			4
2025.03.04	00:59:10.242		0.82568			4
2025.03.04	00:59:11.667		0.82569			4
2025.03.04	00:59:14.922		0.82571			4
2025.03.04	00:59:17.028	0.82546				2
2025.03.04	00:59:17.617	0.82539	0.82573			6
2025.03.04	00:59:20.433		0.82570			4
2025.03.04	00:59:21.252		0.82572			4
2025.03.04	00:59:50.633		0.82573			4
2025.03.04	00:59:54.212	0.82542				2
2025.03.04	01:00:00.307	0.82545	0.82576			6
2025.03.04	01:00:00.609		0.82574			4
2025.03.04	01:00:00.925		0.82573			4
2025.03.04	01:00:01.285		0.82571			4
2025.03.04	01:00:01.616	0.82548	0.82579			6
2025.03.04	01:00:01.975		0.82578			4
2025.03.04	01:00:02.373	0.82546	0.82581			6
2025.03.04	01:00:02.675		0.82580			4
2025.03.04	01:00:02.979	0.82545				2
2025.03.04	01:00:03.284	0.82546				2
2025.03.04	01:00:03.887	0.82545				2
2025.03.04	01:00:04.193	0.82534	0.82569			6
2025.03.04	01:00:04.497	0.82556	0.82570			6
2025.03.04	01:00:07.043	0.82553				2
2025.03.04	01:00:08.407		0.82562			4
2025.03.04	01:00:08.725	0.82555	0.82566			6
2025.03.04	01:00:09.727		0.82569			4
2025.03.04	01:00:10.414		0.82570			4
2025.03.04	01:00:10.736		0.82565			4
2025.03.04	01:00:11.046		0.82566			4
2025.03.04	01:00:11.851		0.82567			4
2025.03.04	01:00:12.202		0.82574			4
2025.03.04	01:00:13.365		0.82566			4
2025.03.04	01:00:14.723	0.82549				2
2025.03.04	01:00:15.178		0.82565			4
2025.03.04	01:00:15.485		0.82564			4
2025.03.04	01:00:19.448		0.82563			4
2025.03.04	01:00:20.520	0.82527	0.82562			6
2025.03.04	01:00:21.963	0.82532	0.82557			6
2025.03.04	01:00:22.378	0.82531	0.82562			6
2025.03.04	01:00:22.777	0.82544	0.82561			6
2025.03.04	01:00:23.087	0.82545	0.82560			6
2025.03.04	01:00:23.458		0.82561			4
2025.03.04	01:00:24.396		0.82566			4
2025.03.04	01:00:25.921	0.82547				2
2025.03.04	01:00:30.394		0.82565			4
2025.03.04	01:00:30.963		0.82563			4
2025.03.04	01:00:31.432	0.82548	0.82564			6
2025.03.04	01:00:32.058	0.82550				2
2025.03.04	01:00:32.391		0.82565			4
2025.03.04	01:00:32.951		0.82566			4
2025.03.04	01:00:34.886	0.82551	0.82567			6
2025.03.04	01:00:38.390	0.82550				2
2025.03.04	01:00:38.870	0.82549	0.82566			6
2025.03.04	01:00:39.192	0.82550				2
2025.03.04	01:00:39.598	0.82555	0.82572			6
2025.03.04	01:00:39.902	0.82557				2
2025.03.04	01:00:40.221	0.82556				2
2025.03.04	01:00:40.964	0.82553	0.82568			6
2025.03.04	01:00:41.266		0.82569			4
2025.03.04	01:00:41.586		0.82568			4
2025.03.04	01:00:41.932		0.82569			4
2025.03.04	01:00:45.031		0.82570			4
2025.03.04	01:00:55.091		0.82568			4
2025.03.04	01:01:00.325	0.82553				2
2025.03.04	01:01:00.727		0.82565			4
2025.03.04	01:01:01.329		0.82566			4
2025.03.04	01:01:02.381		0.82567			4
2025.03.04	01:01:02.977		0.82566			4
2025.03.04	01:01:03.284		0.82565			4
2025.03.04	01:01:03.748	0.82555	0.82567			6
2025.03.04	01:01:04.341		0.82568			4
2025.03.04	01:01:05.146	0.82564				2
2025.03.04	01:01:05.887	0.82555	0.82571			6
2025.03.04	01:01:06.386		0.82570			4
2025.03.04	01:01:06.821	0.82557	0.82571			6
2025.03.04	01:01:09.087		0.82572			4
2025.03.04	01:01:15.023	0.82558				2
2025.03.04	01:01:15.441	0.82557	0.82570			6
2025.03.04	01:01:19.137		0.82571			4
2025.03.04	01:01:19.917	0.82555				2
2025.03.04	01:01:20.270		0.82572			4
2025.03.04	01:01:25.332		0.82571			4
2025.03.04	01:01:30.579		0.82572			4
2025.03.04	01:01:32.389	0.82557	0.82570			6
2025.03.04	01:01:38.350		0.82571			4
2025.03.04	01:01:38.656		0.82570			4
2025.03.04	01:01:40.314		0.82571			4
2025.03.04	01:01:42.812		0.82569			4
2025.03.04	01:01:45.111		0.82571			4
2025.03.04	01:01:48.395		0.82569			4
2025.03.04	01:01:49.151		0.82570			4
2025.03.04	01:01:57.674		0.82569			4
2025.03.04	01:02:01.500	0.82557				2
2025.03.04	01:02:07.338		0.82567			4
2025.03.04	01:02:07.749		0.82568			4
2025.03.04	01:02:09.924	0.82556	0.82567			6
2025.03.04	01:02:14.851		0.82566			4
2025.03.04	01:02:16.033		0.82563			4
2025.03.04	01:02:16.345		0.82562			4
2025.03.04	01:02:18.999		0.82564			4
2025.03.04	01:02:19.433		0.82563			4
2025.03.04	01:02:22.131		0.82564			4
2025.03.04	01:02:22.447		0.82566			4
2025.03.04	01:02:28.138	0.82559				2
2025.03.04	01:02:28.476		0.82568			4
2025.03.04	01:02:31.925		0.82567			4
2025.03.04	01:02:37.053	0.82558				2
2025.03.04	01:02:37.751		0.82568			4
2025.03.04	01:02:39.704	0.82556	0.82566			6
2025.03.04	01:02:40.015		0.82565			4
2025.03.04	01:03:00.596	0.82556	0.82568			6
2025.03.04	01:03:02.244	0.82553	0.82565			6
2025.03.04	01:03:02.547	0.82556	0.82566			6
2025.03.04	01:03:03.238		0.82568			4
2025.03.04	01:03:03.705		0.82566			4
2025.03.04	01:03:04.385	0.82555	0.82569			6
2025.03.04	01:03:10.391		0.82567			4
2025.03.04	01:03:13.132	0.82556	0.82566			6
2025.03.04	01:03:14.051	0.82555				2
2025.03.04	01:03:14.388		0.82565			4
2025.03.04	01:03:19.205	0.82557	0.82568			6
2025.03.04	01:03:20.240		0.82569			4
2025.03.04	01:03:21.139		0.82570			4
2025.03.04	01:03:22.382		0.82569			4
2025.03.04	01:03:22.768	0.82558	0.82568			6
2025.03.04	01:03:24.393		0.82567			4
2025.03.04	01:03:24.901	0.82559	0.82568			6
2025.03.04	01:03:27.109	0.82557	0.82565			6
2025.03.04	01:03:27.532	0.82556				2
2025.03.04	01:03:28.232	0.82558	0.82567			6
2025.03.04	01:03:29.282	0.82559	0.82570			6
2025.03.04	01:03:31.982	0.82558	0.82569			6
2025.03.04	01:03:32.411	0.82557	0.82567			6
2025.03.04	01:03:38.270		0.82569			4
2025.03.04	01:03:39.691		0.82568			4
2025.03.04	01:03:42.231		0.82569			4
2025.03.04	01:03:48.770		0.82568			4
2025.03.04	01:04:00.025	0.82557				2
2025.03.04	01:04:06.366	0.82562	0.82564			6
2025.03.04	01:04:08.498	0.82557	0.82568			6
2025.03.04	01:04:11.332	0.82558				2
2025.03.04	01:04:18.804	0.82557				2
2025.03.04	01:04:23.690	0.82561	0.82573			6
2025.03.04	01:04:24.233	0.82562				2
2025.03.04	01:04:34.535		0.82574			4
2025.03.04	01:04:35.571	0.82568	0.82571			6
2025.03.04	01:04:37.706	0.82562	0.82573			6
2025.03.04	01:04:38.633		0.82572			4
2025.03.04	01:04:40.748	0.82563				2
2025.03.04	01:04:41.079		0.82573			4
2025.03.04	01:04:41.984		0.82574			4
2025.03.04	01:04:43.734		0.82575			4
2025.03.04	01:04:45.831	0.82564	0.82574			6
2025.03.04	01:04:48.513		0.82572			4
2025.03.04	01:04:48.849	0.82562	0.82571			6
2025.03.04	01:04:49.209	0.82561				2
2025.03.04	01:04:50.378	0.82560	0.82570			6
2025.03.04	01:04:51.601	0.82557	0.82569			6
2025.03.04	01:04:53.412	0.82559	0.82570			6
2025.03.04	01:04:53.732	0.82556	0.82568			6
2025.03.04	01:04:55.670		0.82567			4
2025.03.04	01:05:00.025	0.82556				2
2025.03.04	01:05:05.501	0.82557				2
2025.03.04	01:05:12.506	0.82553	0.82564			6
2025.03.04	01:05:12.812	0.82554				2
2025.03.04	01:05:14.114		0.82562			4
2025.03.04	01:05:19.276	0.82555	0.82564			6
2025.03.04	01:05:19.579	0.82556				2
2025.03.04	01:05:20.654		0.82563			4
2025.03.04	01:05:21.723		0.82564			4
2025.03.04	01:05:23.698		0.82563			4
2025.03.04	01:05:24.901		0.82564			4
2025.03.04	01:05:25.659	0.82557				2
2025.03.04	01:05:41.633	0.82558				2
2025.03.04	01:05:46.922	0.82560				2
2025.03.04	01:05:52.571	0.82563	0.82569			6
2025.03.04	01:05:56.182	0.82560	0.82565			6
2025.03.04	01:06:00.435	0.82560				2
2025.03.04	01:06:02.345	0.82559				2
2025.03.04	01:06:02.814	0.82555	0.82561			6
2025.03.04	01:06:03.397		0.82560			4
2025.03.04	01:06:04.082	0.82554	0.82561			6
2025.03.04	01:06:04.434		0.82560			4
2025.03.04	01:06:05.973	0.82558	0.82563			6
2025.03.04	01:06:06.351		0.82564			4
2025.03.04	01:06:09.532	0.82559	0.82566			6
2025.03.04	01:06:09.849	0.82555	0.82561			6
2025.03.04	01:06:10.166	0.82551	0.82557			6
2025.03.04	01:06:10.483	0.82550	0.82555			6
2025.03.04	01:06:11.252	0.82548				2
2025.03.04	01:06:17.500	0.82549	0.82556			6
2025.03.04	01:06:23.361	0.82548	0.82555			6
2025.03.04	01:06:29.267	0.82549				2
2025.03.04	01:06:32.461		0.82554			4
2025.03.04	01:06:35.021	0.82543	0.82550			6
2025.03.04	01:06:35.763		0.82549			4
2025.03.04	01:06:40.169	0.82544				2
2025.03.04	01:06:43.370		0.82550			4
2025.03.04	01:06:45.371		0.82549			4
2025.03.04	01:06:51.131	0.82543	0.82550			6
2025.03.04	01:06:51.496	0.82542				2
2025.03.04	01:06:51.866	0.82543	0.82549			6
2025.03.04	01:07:00.473	0.82543				2
2025.03.04	01:07:05.291		0.82550			4
2025.03.04	01:07:08.332	0.82544				2
2025.03.04	01:07:17.706	0.82546	0.82552			6
2025.03.04	01:07:31.076		0.82553			4
2025.03.04	01:07:33.863	0.82545				2
2025.03.04	01:07:36.184		0.82554			4
2025.03.04	01:07:38.579	0.82546				2
2025.03.04	01:07:53.856	0.82551	0.82558			6
2025.03.04	01:07:54.255	0.82550				2
2025.03.04	01:07:54.574	0.82551				2
2025.03.04	01:07:58.162	0.82547	0.82554			6
2025.03.04	01:08:00.367	0.82546				2
2025.03.04	01:08:04.198		0.82553			4
2025.03.04	01:08:10.121	0.82547	0.82554			6
2025.03.04	01:08:10.440	0.82544	0.82551			6
2025.03.04	01:08:11.146	0.82543	0.82550			6
2025.03.04	01:08:12.628		0.82551			4
2025.03.04	01:08:16.311		0.82548			4
2025.03.04	01:08:17.199		0.82550			4
2025.03.04	01:08:36.832	0.82542				2
2025.03.04	01:08:37.146	0.82541	0.82549			6
2025.03.04	01:08:49.922		0.82548			4
2025.03.04	01:08:50.332	0.82540				2
2025.03.04	01:08:52.448		0.82547			4
2025.03.04	01:08:52.766	0.82537	0.82545			6
2025.03.04	01:09:00.431	0.82537				2
2025.03.04	01:09:09.401	0.82539				2
2025.03.04	01:09:12.054	0.82542	0.82548			6
2025.03.04	01:09:12.385		0.82549			4
2025.03.04	01:09:17.621	0.82546	0.82552			6
2025.03.04	01:09:20.399		0.82553			4
2025.03.04	01:09:29.398	0.82544	0.82548			6
2025.03.04	01:09:29.706	0.82543	0.82549			6
2025.03.04	01:09:30.098	0.82542	0.82548			6
2025.03.04	01:09:30.859	0.82545	0.82551			6
2025.03.04	01:09:31.810		0.82552			4
2025.03.04	01:09:36.117	0.82547	0.82553			6
2025.03.04	01:09:36.531	0.82546				2
2025.03.04	01:09:40.388		0.82552			4
2025.03.04	01:09:44.657		0.82553			4
2025.03.04	01:09:46.131	0.82548				2
2025.03.04	01:09:53.715	0.82546	0.82551			6
2025.03.04	01:09:54.367	0.82545	0.82550			6
2025.03.04	01:09:55.302	0.82544				2
2025.03.04	01:10:00.362	0.82545	0.82552			6
2025.03.04	01:10:01.425	0.82548	0.82553			6
2025.03.04	01:10:02.801	0.82547	0.82554			6
2025.03.04	01:10:05.333		0.82553			4
2025.03.04	01:10:13.391	0.82548	0.82554			6
2025.03.04	01:10:14.615		0.82553			4
2025.03.04	01:10:17.143	0.82549	0.82554			6
2025.03.04	01:10:23.907	0.82545	0.82551			6
2025.03.04	01:10:25.732	0.82544				2
2025.03.04	01:10:27.265		0.82550			4
2025.03.04	01:10:28.509	0.82545				2
2025.03.04	01:10:30.403	0.82546	0.82552			6
2025.03.04	01:10:41.143	0.82549	0.82554			6
2025.03.04	01:10:45.103		0.82553			4
2025.03.04	01:10:48.000		0.82554			4
2025.03.04	01:10:48.315		0.82553			4
2025.03.04	01:10:48.889	0.82547	0.82551			6
2025.03.04	01:10:49.455		0.82552			4
2025.03.04	01:10:51.532	0.82546	0.82553			6
2025.03.04	01:10:53.034	0.82547				2
2025.03.04	01:10:53.565	0.82545				2
2025.03.04	01:10:54.370		0.82552			4
2025.03.04	01:10:55.100	0.82546				2
2025.03.04	01:10:56.903		0.82553			4
2025.03.04	01:10:57.348		0.82552			4
2025.03.04	01:10:58.102		0.82553			4
2025.03.04	01:10:58.678		0.82552			4
2025.03.04	01:10:59.529		0.82553			4
2025.03.04	01:11:00.833	0.82546	0.82551			6
2025.03.04	01:11:01.148		0.82550			4
2025.03.04	01:11:01.466	0.82545				2
2025.03.04	01:11:06.490	0.82546	0.82552			6
2025.03.04	01:11:07.433	0.82547				2
2025.03.04	01:11:11.931	0.82546				2
2025.03.04	01:11:13.732	0.82547				2
2025.03.04	01:11:14.356	0.82546				2
2025.03.04	01:11:21.859	0.82550	0.82555			6
2025.03.04	01:11:22.181		0.82554			4
2025.03.04	01:11:24.822	0.82547	0.82553			6
2025.03.04	01:11:29.724	0.82544	0.82549			6
2025.03.04	01:11:30.235	0.82543	0.82548			6
2025.03.04	01:11:37.351	0.82544	0.82549			6
2025.03.04	01:11:38.155		0.82550			4
2025.03.04	01:11:38.517	0.82543	0.82548			6
2025.03.04	01:11:40.322	0.82546	0.82550			6
2025.03.04	01:11:40.633		0.82552			4
2025.03.04	01:11:44.316	0.82547				2
2025.03.04	01:11:53.552		0.82553			4
2025.03.04	01:11:58.431	0.82546				2
2025.03.04	01:12:00.525	0.82546				2
2025.03.04	01:12:01.467	0.82547	0.82552			6
2025.03.04	01:12:01.917	0.82545				2
2025.03.04	01:12:03.531		0.82553			4
2025.03.04	01:12:05.425		0.82552			4
2025.03.04	01:12:06.311		0.82551			4
2025.03.04	01:12:07.432	0.82546				2
2025.03.04	01:12:16.183	0.82544	0.82549			6
2025.03.04	01:12:16.524	0.82543				2
2025.03.04	01:12:16.866		0.82548			4
2025.03.04	01:12:17.985		0.82549			4
2025.03.04	01:12:18.831	0.82544				2
2025.03.04	01:12:21.531	0.82543				2
2025.03.04	01:12:29.429		0.82548			4
2025.03.04	01:12:32.032	0.82542				2
2025.03.04	01:12:45.102	0.82544				2
2025.03.04	01:12:48.019		0.82549			4
2025.03.04	01:12:50.033	0.82545				2
2025.03.04	01:12:50.813	0.82544				2
2025.03.04	01:12:51.328		0.82548			4
2025.03.04	01:12:51.838	0.82543				2
2025.03.04	01:12:52.182		0.82549			4
2025.03.04	01:12:54.211	0.82551	0.82556			6
2025.03.04	01:12:54.526	0.82550				2
2025.03.04	01:12:55.046	0.82551				2
2025.03.04	01:12:55.679	0.82552	0.82559			6
2025.03.04	01:13:00.350	0.82552				2
2025.03.04	01:13:04.187	0.82553				2
2025.03.04	01:13:06.212	0.82552				2
2025.03.04	01:13:09.576	0.82553	0.82560			6
2025.03.04	01:13:11.737	0.82554				2
2025.03.04	01:13:15.105	0.82552	0.82559			6
2025.03.04	01:13:15.651	0.82553				2
2025.03.04	01:13:20.839		0.82556			4
2025.03.04	01:13:21.562		0.82557			4
2025.03.04	01:13:25.427		0.82556			4
2025.03.04	01:13:31.415	0.82554				2
2025.03.04	01:13:31.754		0.82557			4
2025.03.04	01:13:35.114	0.82556	0.82558			6
2025.03.04	01:13:35.426	0.82553	0.82556			6
2025.03.04	01:13:36.303		0.82557			4
2025.03.04	01:13:38.107	0.82554	0.82558			6
2025.03.04	01:13:38.426		0.82557			4
2025.03.04	01:13:38.972	0.82553	0.82558			6
2025.03.04	01:13:39.420		0.82557			4
2025.03.04	01:13:51.531		0.82556			4
2025.03.04	01:13:58.277		0.82557			4
2025.03.04	01:14:00.023	0.82553				2
2025.03.04	01:14:01.433		0.82556			4
2025.03.04	01:14:01.751		0.82557			4
2025.03.04	01:14:07.114		0.82556			4
2025.03.04	01:14:09.813		0.82557			4
2025.03.04	01:14:14.560		0.82556			4
2025.03.04	01:14:14.901		0.82557			4
2025.03.04	01:14:15.406		0.82556			4
2025.03.04	01:14:16.374	0.82554	0.82557			6
2025.03.04	01:14:18.851		0.82556			4
2025.03.04	01:14:19.365		0.82557			4
2025.03.04	01:14:23.020		0.82555			4
2025.03.04	01:14:23.519	0.82556	0.82557			6
2025.03.04	01:14:26.194		0.82558			4
2025.03.04	01:14:26.533	0.82553	0.82556			6
2025.03.04	01:14:26.861	0.82554	0.82557			6
2025.03.04	01:14:27.191		0.82556			4
2025.03.04	01:14:28.316		0.82555			4
2025.03.04	01:14:30.534		0.82556			4
2025.03.04	01:14:32.611		0.82557			4
2025.03.04	01:14:36.709		0.82556			4
2025.03.04	01:14:38.604		0.82555			4
2025.03.04	01:14:38.971		0.82557			4
2025.03.04	01:14:39.291	0.82555				2
2025.03.04	01:14:55.145	0.82554				2
2025.03.04	01:14:56.245		0.82558			4
2025.03.04	01:14:57.561	0.82556	0.82559			6
2025.03.04	01:14:58.417		0.82560			4
2025.03.04	01:14:58.726		0.82559			4
2025.03.04	01:14:59.049		0.82560			4
2025.03.04	01:15:00.153	0.82557				2
2025.03.04	01:15:00.903		0.82559			4
2025.03.04	01:15:06.439	0.82556				2
2025.03.04	01:15:11.975	0.82555				2
2025.03.04	01:15:12.386	0.82556				2
2025.03.04	01:15:15.253	0.82557	0.82560			6
2025.03.04	01:15:22.012		0.82561			4
2025.03.04	01:15:26.636	0.82559	0.82563			6
2025.03.04	01:15:30.664	0.82556	0.82561			6
2025.03.04	01:15:31.153		0.82560			4
2025.03.04	01:15:33.233	0.82557	0.82561			6
2025.03.04	01:15:33.548	0.82559	0.82562			6
2025.03.04	01:15:33.889		0.82563			4
2025.03.04	01:15:37.780	0.82556	0.82560			6
2025.03.04	01:15:38.848		0.82559			4
2025.03.04	01:15:39.276		0.82560			4
2025.03.04	01:15:42.242		0.82559			4
2025.03.04	01:15:44.108	0.82555				2
2025.03.04	01:15:45.652		0.82558			4
2025.03.04	01:15:55.589		0.82557			4
2025.03.04	01:15:57.808	0.82556				2
2025.03.04	01:15:58.370		0.82558			4
2025.03.04	01:16:00.907	0.82556				2
2025.03.04	01:16:04.368	0.82557	0.82561			6
2025.03.04	01:16:07.448	0.82556	0.82560			6
2025.03.04	01:16:09.050		0.82561			4
2025.03.04	01:16:09.533		0.82560			4
2025.03.04	01:16:09.972		0.82561			4
2025.03.04	01:16:26.474		0.82560			4
2025.03.04	01:16:27.333		0.82561			4
2025.03.04	01:16:29.646		0.82560			4
2025.03.04	01:16:30.821	0.82558	0.82562			6
2025.03.04	01:16:55.192	0.82553	0.82557			6
2025.03.04	01:16:55.500		0.82556			4
2025.03.04	01:16:56.348	0.82554				2
2025.03.04	01:16:56.953		0.82557			4
2025.03.04	01:17:00.374	0.82555	0.82558			6
2025.03.04	01:17:02.173		0.82557			4
2025.03.04	01:17:02.481		0.82558			4
2025.03.04	01:17:06.395		0.82557			4
2025.03.04	01:17:07.077		0.82558			4
2025.03.04	01:17:13.201	0.82554	0.82557			6
2025.03.04	01:17:14.533	0.82555				2
2025.03.04	01:17:15.469	0.82554				2
2025.03.04	01:17:15.834	0.82555				2
2025.03.04	01:17:16.847		0.82558			4
2025.03.04	01:17:18.533	0.82556				2
2025.03.04	01:17:19.161	0.82557				2
2025.03.04	01:17:19.507	0.82556				2
2025.03.04	01:17:26.342		0.82559			4
2025.03.04	01:17:26.938		0.82558			4
2025.03.04	01:17:27.307		0.82559			4
2025.03.04	01:17:29.337	0.82555	0.82558			6
2025.03.04	01:17:30.630	0.82554				2
2025.03.04	01:17:33.326	0.82555				2
2025.03.04	01:18:00.533	0.82555				2
2025.03.04	01:18:10.899		0.82559			4
2025.03.04	01:18:14.690		0.82558			4
2025.03.04	01:18:15.017		0.82559			4
2025.03.04	01:18:20.833		0.82558			4
2025.03.04	01:18:25.835	0.82557				2
2025.03.04	01:18:26.157		0.82560			4
2025.03.04	01:18:27.578		0.82561			4
2025.03.04	01:18:28.807	0.82558				2
2025.03.04	01:18:29.735	0.82557				2
2025.03.04	01:18:30.048	0.82558				2
2025.03.04	01:18:31.424	0.82557	0.82560			6
2025.03.04	01:18:35.344	0.82555	0.82558			6
2025.03.04	01:18:38.332	0.82554				2
2025.03.04	01:18:39.154	0.82555				2
2025.03.04	01:18:40.752	0.82554				2
2025.03.04	01:18:41.066	0.82555				2
2025.03.04	01:18:42.144	0.82554				2
2025.03.04	01:18:44.308	0.82557				2
2025.03.04	01:18:45.317	0.82558	0.82559			6
2025.03.04	01:18:45.650	0.82557	0.82558			6
2025.03.04	01:18:51.527	0.82558	0.82559			6
2025.03.04	01:18:51.996	0.82557	0.82558			6
2025.03.04	01:18:52.572	0.82558	0.82559			6
2025.03.04	01:18:53.372	0.82557	0.82558			6
2025.03.04	01:18:54.514	0.82558	0.82559			6
2025.03.04	01:18:54.825	0.82557	0.82558			6
2025.03.04	01:18:56.117	0.82558	0.82559			6
2025.03.04	01:18:56.424	0.82557	0.82558			6
2025.03.04	01:18:58.811	0.82558	0.82559			6
2025.03.04	01:18:59.228	0.82557	0.82558			6
2025.03.04	01:19:00.040	0.82557				2
2025.03.04	01:19:01.692	0.82558	0.82559			6
2025.03.04	01:19:02.175	0.82557	0.82558			6
2025.03.04	01:19:03.986	0.82558	0.82559			6
2025.03.04	01:19:04.665	0.82557	0.82558			6
2025.03.04	01:19:05.303	0.82558	0.82559			6
2025.03.04	01:19:05.631	0.82557	0.82558			6
2025.03.04	01:19:10.196	0.82559	0.82560			6
2025.03.04	01:19:10.510	0.82558	0.82559			6
2025.03.04	01:19:12.462	0.82557	0.82558			6
2025.03.04	01:19:20.370		0.82559			4
2025.03.04	01:19:26.302	0.82558	0.82560			6
2025.03.04	01:19:26.608	0.82559				2
2025.03.04	01:19:27.095	0.82558	0.82559			6
2025.03.04	01:19:40.700	0.82557				2
2025.03.04	01:19:41.140	0.82558				2
2025.03.04	01:19:43.456	0.82557				2
2025.03.04	01:19:46.666	0.82558				2
2025.03.04	01:19:48.739	0.82556				2
2025.03.04	01:19:52.558	0.82557				2
2025.03.04	01:19:53.005	0.82556	0.82558			6
2025.03.04	01:19:53.328	0.82557				2
2025.03.04	01:19:58.537	0.82558	0.82560			6
2025.03.04	01:20:00.365	0.82558				2
2025.03.04	01:20:03.875		0.82559			4
2025.03.04	01:20:10.461		0.82560			4
2025.03.04	01:20:12.576	0.82559				2
2025.03.04	01:20:15.726	0.82557	0.82559			6
2025.03.04	01:20:16.137	0.82558				2
2025.03.04	01:20:17.025	0.82557				2
2025.03.04	01:20:21.348	0.82558	0.82560			6
2025.03.04	01:20:21.761	0.82557	0.82559			6
2025.03.04	01:20:33.844	0.82556	0.82558			6
2025.03.04	01:20:34.246	0.82557				2
2025.03.04	01:20:38.641	0.82558	0.82559			6
2025.03.04	01:20:39.406		0.82560			4
2025.03.04	01:20:48.586	0.82557				2
2025.03.04	01:21:00.384	0.82557	0.82559			6
2025.03.04	01:21:00.749	0.82555	0.82558			6
2025.03.04	01:21:01.059	0.82556				2
2025.03.04	01:21:17.857	0.82557	0.82560			6
2025.03.04	01:21:18.533		0.82559			4
2025.03.04	01:21:19.193	0.82559	0.82560			6
2025.03.04	01:21:19.509		0.82561			4
2025.03.04	01:21:31.674	0.82558	0.82560			6
2025.03.04	01:21:36.531		0.82559			4
2025.03.04	01:21:36.833		0.82560			4
2025.03.04	01:21:37.365		0.82559			4
2025.03.04	01:21:38.782		0.82560			4
2025.03.04	01:22:00.460	0.82558				2
2025.03.04	01:22:00.800		0.82561			4
2025.03.04	01:22:04.260		0.82560			4
2025.03.04	01:22:04.827	0.82559				2
2025.03.04	01:22:09.922	0.82558				2
2025.03.04	01:22:11.039		0.82559			4
2025.03.04	01:22:12.721		0.82560			4
2025.03.04	01:22:14.632	0.82559	0.82561			6
2025.03.04	01:22:19.666		0.82560			4
2025.03.04	01:22:20.352	0.82558				2
2025.03.04	01:22:31.317	0.82559	0.82561			6
2025.03.04	01:22:34.268		0.82560			4
2025.03.04	01:22:34.942	0.82558				2
2025.03.04	01:22:38.271		0.82559			4
2025.03.04	01:22:39.000		0.82560			4
2025.03.04	01:22:41.957	0.82555	0.82558			6
2025.03.04	01:22:44.026	0.82556				2
2025.03.04	01:22:53.299	0.82558	0.82559			6
2025.03.04	01:22:54.372		0.82560			4
2025.03.04	01:22:54.686		0.82559			4
2025.03.04	01:22:55.173		0.82560			4
2025.03.04	01:23:00.104	0.82558				2
2025.03.04	01:23:03.008	0.82556	0.82558			6
2025.03.04	01:23:20.559	0.82558	0.82559			6
2025.03.04	01:23:21.229	0.82556	0.82558			6
2025.03.04	01:23:42.663	0.82557				2
2025.03.04	01:23:44.161	0.82559	0.82560			6
2025.03.04	01:23:45.406		0.82561			4
2025.03.04	01:23:50.658	0.82560				2
2025.03.04	01:24:00.143	0.82560				2
2025.03.04	01:24:29.480	0.82561	0.82562			6
2025.03.04	01:24:45.293	0.82560	0.82561			6
2025.03.04	01:24:48.832	0.82565	0.82567			6
2025.03.04	01:24:49.146		0.82566			4
2025.03.04	01:24:49.718	0.82566	0.82567			6
2025.03.04	01:24:50.047	0.82565				2
2025.03.04	01:24:53.079	0.82568	0.82569			6
2025.03.04	01:24:53.447	0.82564	0.82567			6
2025.03.04	01:24:53.767	0.82565				2
2025.03.04	01:24:56.197	0.82566				2
2025.03.04	01:25:00.378	0.82565	0.82566			6
2025.03.04	01:25:00.950	0.82566	0.82567			6
2025.03.04	01:25:04.596	0.82565	0.82566			6
2025.03.04	01:25:08.411		0.82567			4
2025.03.04	01:25:08.761		0.82566			4
2025.03.04	01:26:00.472	0.82565				2
2025.03.04	01:26:06.907		0.82567			4
2025.03.04	01:26:10.736		0.82566			4
2025.03.04	01:26:12.904		0.82567			4
2025.03.04	01:26:13.271		0.82566			4
2025.03.04	01:26:30.301	0.82566	0.82567			6
2025.03.04	01:26:35.881	0.82565	0.82566			6
2025.03.04	01:26:36.942		0.82567			4
2025.03.04	01:26:39.266		0.82566			4
2025.03.04	01:27:00.711	0.82565				2
2025.03.04	01:27:40.965		0.82566			4
2025.03.04	01:27:45.578	0.82559	0.82561			6
2025.03.04	01:27:45.887	0.82558	0.82560			6
2025.03.04	01:27:46.209	0.82557				2
2025.03.04	01:27:46.526	0.82555	0.82556			6
2025.03.04	01:27:46.829	0.82556	0.82557			6
2025.03.04	01:27:47.166	0.82555	0.82556			6
2025.03.04	01:27:53.298	0.82553	0.82554			6
2025.03.04	01:27:53.609	0.82555	0.82556			6
2025.03.04	01:28:00.364	0.82555				2
2025.03.04	01:28:02.472	0.82554	0.82558			6
2025.03.04	01:28:05.457		0.82556			4
2025.03.04	01:28:06.303	0.82553				2
2025.03.04	01:28:11.841		0.82555			4
2025.03.04	01:28:12.262		0.82556			4
2025.03.04	01:28:13.107		0.82554			4
2025.03.04	01:28:13.756	0.82552				2
2025.03.04	01:28:14.067	0.82553	0.82555			6
2025.03.04	01:28:17.230	0.82554				2
2025.03.04	01:28:19.092		0.82556			4
2025.03.04	01:28:19.840	0.82553	0.82555			6
2025.03.04	01:28:43.339		0.82556			4
2025.03.04	01:28:43.832		0.82555			4
2025.03.04	01:29:00.379	0.82552	0.82554			6
2025.03.04	01:29:02.903	0.82554	0.82557			6
2025.03.04	01:29:04.346	0.82553	0.82556			6
2025.03.04	01:29:04.665	0.82554	0.82555			6
2025.03.04	01:29:05.338		0.82557			4
2025.03.04	01:29:07.706	0.82553	0.82556			6
2025.03.04	01:29:08.139		0.82557			4
2025.03.04	01:29:08.449		0.82556			4
2025.03.04	01:29:10.361	0.82554	0.82557			6
2025.03.04	01:29:22.164	0.82553	0.82555			6
2025.03.04	01:29:50.586		0.82554			4
2025.03.04	01:29:54.923	0.82552	0.82555			6
2025.03.04	01:29:57.091		0.82554			4
2025.03.04	01:29:58.602	0.82549	0.82552			6
2025.03.04	01:29:58.915		0.82551			4
2025.03.04	01:30:00.282	0.82549	0.82553			6
2025.03.04	01:30:02.170	0.82548	0.82554			6
2025.03.04	01:30:04.590	0.82549	0.82553			6
2025.03.04	01:30:06.972		0.82552			4
2025.03.04	01:30:07.549		0.82553			4
2025.03.04	01:30:08.616	0.82548	0.82552			6
2025.03.04	01:30:10.402		0.82551			4
2025.03.04	01:30:22.216	0.82549	0.82552			6
2025.03.04	01:30:23.897		0.82550			4
2025.03.04	01:30:34.061	0.82548	0.82552			6
2025.03.04	01:30:34.638	0.82549	0.82550			6
2025.03.04	01:30:45.661		0.82551			4
2025.03.04	01:30:48.477	0.82550				2
2025.03.04	01:31:00.390	0.82550				2
2025.03.04	01:31:02.791	0.82548	0.82552			6
2025.03.04	01:31:03.670	0.82550	0.82551			6
2025.03.04	01:31:03.985	0.82549				2
2025.03.04	01:31:04.684	0.82550				2
2025.03.04	01:31:26.348	0.82549				2
2025.03.04	01:31:28.218		0.82550			4
2025.03.04	01:31:35.500	0.82548				2
2025.03.04	01:31:39.407		0.82549			4
2025.03.04	01:31:39.875	0.82545	0.82547			6
2025.03.04	01:31:40.628	0.82547	0.82548			6
2025.03.04	01:31:41.441		0.82549			4
2025.03.04	01:31:45.003		0.82548			4
2025.03.04	01:31:45.780		0.82549			4
2025.03.04	01:31:46.466		0.82548			4
2025.03.04	01:31:47.327		0.82549			4
2025.03.04	01:31:48.638	0.82546	0.82548			6
2025.03.04	01:31:54.339	0.82544	0.82547			6
2025.03.04	01:31:55.799	0.82545	0.82546			6
2025.03.04	01:31:58.679	0.82544	0.82547			6
2025.03.04	01:32:00.316	0.82544				2
2025.03.04	01:32:00.637	0.82545				2
2025.03.04	01:32:06.476		0.82546			4
2025.03.04	01:32:06.831	0.82544	0.82547			6
2025.03.04	01:32:19.802	0.82546				2
2025.03.04	01:32:25.611	0.82545	0.82546			6
2025.03.04	01:32:58.411	0.82546	0.82547			6
2025.03.04	01:32:58.757	0.82547	0.82548			6
2025.03.04	01:32:59.065	0.82548	0.82549			6
2025.03.04	01:33:00.367	0.82548				2
2025.03.04	01:33:01.481	0.82549	0.82552			6
2025.03.04	01:33:03.338		0.82551			4
2025.03.04	01:33:03.741	0.82550				2
2025.03.04	01:33:04.045	0.82549	0.82552			6
2025.03.04	01:33:08.621		0.82551			4
2025.03.04	01:33:08.973	0.82547	0.82552			6
2025.03.04	01:33:10.435	0.82548	0.82550			6
2025.03.04	01:33:10.747		0.82549			4
2025.03.04	01:33:11.293	0.82547	0.82548			6
2025.03.04	01:33:13.971		0.82549			4
2025.03.04	01:33:20.866	0.82548				2
2025.03.04	01:33:21.596	0.82547				2
2025.03.04	01:33:26.751	0.82546	0.82550			6
2025.03.04	01:33:27.756		0.82549			4
2025.03.04	01:33:28.189		0.82547			4
2025.03.04	01:33:28.506	0.82543	0.82546			6
2025.03.04	01:33:32.570	0.82544	0.82545			6
2025.03.04	01:33:45.590	0.82542				2
2025.03.04	01:33:48.400	0.82545	0.82547			6
2025.03.04	01:33:55.944	0.82543				2
2025.03.04	01:33:57.158		0.82546			4
2025.03.04	01:33:58.715	0.82545				2
2025.03.04	01:33:59.027	0.82546	0.82547			6
2025.03.04	01:34:00.374	0.82546				2
2025.03.04	01:34:00.791	0.82545	0.82546			6
2025.03.04	01:34:01.686	0.82546	0.82547			6
2025.03.04	01:34:02.305	0.82547	0.82548			6
2025.03.04	01:34:02.856	0.82548	0.82549			6
2025.03.04	01:34:04.986	0.82546				2
2025.03.04	01:34:05.327	0.82547				2
2025.03.04	01:34:05.688	0.82548				2
2025.03.04	01:34:31.418	0.82547	0.82548			6
2025.03.04	01:34:34.586	0.82548	0.82550			6
2025.03.04	01:34:50.963	0.82547	0.82551			6
2025.03.04	01:34:56.408		0.82550			4
2025.03.04	01:34:56.714		0.82551			4
2025.03.04	01:34:59.479		0.82550			4
2025.03.04	01:34:59.804	0.82549				2
2025.03.04	01:35:00.107	0.82549				2
2025.03.04	01:35:03.086	0.82548	0.82551			6
2025.03.04	01:35:07.095	0.82549	0.82550			6
2025.03.04	01:35:23.813	0.82550	0.82551			6
2025.03.04	01:35:26.554	0.82551	0.82552			6
2025.03.04	01:35:28.679	0.82554	0.82555			6
2025.03.04	01:35:28.994	0.82551	0.82552			6
2025.03.04	01:35:41.679	0.82550	0.82551			6
2025.03.04	01:35:54.292	0.82548				2
2025.03.04	01:35:54.610	0.82549	0.82550			6
2025.03.04	01:35:58.425	0.82550	0.82551			6
2025.03.04	01:36:00.438	0.82550				2
2025.03.04	01:36:16.859	0.82551	0.82552			6
2025.03.04	01:36:25.915	0.82550	0.82551			6
2025.03.04	01:36:30.776	0.82551	0.82552			6
2025.03.04	01:36:41.047	0.82550	0.82553			6
2025.03.04	01:36:41.395	0.82551				2
2025.03.04	01:36:41.928	0.82549	0.82551			6
2025.03.04	01:36:44.295	0.82550				2
2025.03.04	01:36:44.846	0.82549	0.82550			6
2025.03.04	01:36:45.994	0.82550	0.82552			6
2025.03.04	01:36:46.348	0.82551	0.82553			6
2025.03.04	01:37:00.520	0.82551				2
2025.03.04	01:37:01.247	0.82552	0.82555			6
2025.03.04	01:37:04.006	0.82553				2
2025.03.04	01:37:06.089		0.82554			4
2025.03.04	01:37:09.089	0.82554	0.82555			6
2025.03.04	01:37:10.958	0.82555	0.82556			6
2025.03.04	01:37:13.374	0.82556	0.82557			6
2025.03.04	01:37:14.300	0.82555	0.82556			6
2025.03.04	01:37:16.948	0.82556	0.82557			6
2025.03.04	01:37:17.250	0.82555	0.82556			6
2025.03.04	01:37:17.617	0.82556	0.82557			6
2025.03.04	01:37:22.456	0.82555	0.82556			6
2025.03.04	01:37:27.559	0.82557	0.82558			6
2025.03.04	01:37:44.768	0.82559	0.82560			6
2025.03.04	01:37:52.887	0.82557	0.82558			6
2025.03.04	01:37:53.244	0.82556	0.82557			6
2025.03.04	01:37:55.826	0.82558	0.82559			6
2025.03.04	01:37:56.907	0.82560	0.82561			6
2025.03.04	01:38:00.113	0.82560				2
2025.03.04	01:38:09.030	0.82563	0.82564			6
2025.03.04	01:38:11.560	0.82564	0.82565			6
2025.03.04	01:38:12.328	0.82563	0.82564			6
2025.03.04	01:38:13.062		0.82565			4
2025.03.04	01:38:18.414	0.82564				2
2025.03.04	01:38:19.537	0.82565	0.82566			6
2025.03.04	01:38:20.352	0.82564	0.82565			6
2025.03.04	01:38:20.669	0.82565	0.82566			6
2025.03.04	01:38:21.521	0.82563	0.82564			6
2025.03.04	01:38:21.864	0.82561	0.82562			6
2025.03.04	01:38:22.357		0.82563			4
2025.03.04	01:38:22.711		0.82562			4
2025.03.04	01:38:23.117	0.82562	0.82563			6
2025.03.04	01:38:23.526	0.82561	0.82562			6
2025.03.04	01:38:45.182	0.82560				2
2025.03.04	01:38:45.487		0.82561			4
2025.03.04	01:38:48.291	0.82561	0.82562			6
2025.03.04	01:39:00.167	0.82561				2
2025.03.04	01:39:00.478	0.82563	0.82565			6
2025.03.04	01:39:01.345	0.82564				2
2025.03.04	01:39:02.263	0.82563				2
2025.03.04	01:39:11.298	0.82562	0.82563			6
2025.03.04	01:39:11.875	0.82561	0.82562			6
2025.03.04	01:39:35.261	0.82560	0.82561			6
2025.03.04	01:40:00.622	0.82560				2
2025.03.04	01:40:08.550	0.82559	0.82560			6
2025.03.04	01:41:02.561	0.82559				2
2025.03.04	01:41:08.749		0.82560			4
2025.03.04	01:41:13.565	0.82557	0.82558			6
2025.03.04	01:41:14.266	0.82554	0.82556			6
2025.03.04	01:41:16.343	0.82555				2
2025.03.04	01:41:31.319	0.82554	0.82555			6
2025.03.04	01:41:33.350	0.82553	0.82554			6
2025.03.04	01:41:34.929	0.82551	0.82552			6
2025.03.04	01:41:35.246	0.82547	0.82549			6
2025.03.04	01:41:36.079	0.82545	0.82548			6
2025.03.04	01:41:36.382		0.82547			4
2025.03.04	01:41:39.303		0.82546			4
2025.03.04	01:41:39.608	0.82544				2
2025.03.04	01:41:46.857	0.82538	0.82540			6
2025.03.04	01:41:47.882	0.82541	0.82542			6
2025.03.04	01:41:48.755	0.82540	0.82543			6
2025.03.04	01:41:49.786	0.82539				2
2025.03.04	01:41:50.116		0.82542			4
2025.03.04	01:41:50.430		0.82540			4
2025.03.04	01:41:50.746	0.82536	0.82537			6
2025.03.04	01:41:51.083	0.82532	0.82533			6
2025.03.04	01:41:51.386	0.82531	0.82532			6
2025.03.04	01:41:51.707	0.82532	0.82533			6
2025.03.04	01:41:52.010	0.82528	0.82531			6
2025.03.04	01:41:52.326		0.82530			4
2025.03.04	01:41:52.647	0.82533	0.82534			6
2025.03.04	01:41:52.966	0.82527	0.82529			6
2025.03.04	01:41:53.270		0.82530			4
2025.03.04	01:41:53.586	0.82529	0.82531			6
2025.03.04	01:41:53.908	0.82532	0.82533			6
2025.03.04	01:41:54.227	0.82533	0.82534			6
2025.03.04	01:41:54.529	0.82531	0.82533			6
2025.03.04	01:41:55.304	0.82530	0.82532			6
2025.03.04	01:41:55.607	0.82529	0.82531			6
2025.03.04	01:41:55.913		0.82530			4
2025.03.04	01:41:56.545	0.82531	0.82532			6
2025.03.04	01:41:56.848	0.82527	0.82530			6
2025.03.04	01:41:57.175	0.82529				2
2025.03.04	01:41:57.846	0.82528	0.82529			6
2025.03.04	01:41:59.931	0.82527	0.82528			6
2025.03.04	01:42:00.282	0.82528	0.82530			6
2025.03.04	01:42:01.372	0.82530	0.82531			6
2025.03.04	01:42:05.590	0.82532	0.82533			6
2025.03.04	01:42:05.908	0.82534	0.82535			6
2025.03.04	01:42:06.226	0.82535	0.82536			6
2025.03.04	01:42:06.961	0.82537	0.82538			6
2025.03.04	01:42:11.007	0.82539	0.82540			6
2025.03.04	01:42:15.922	0.82542	0.82543			6
2025.03.04	01:42:16.876	0.82543	0.82544			6
2025.03.04	01:42:17.561	0.82544	0.82545			6
2025.03.04	01:42:20.409	0.82546	0.82547			6
2025.03.04	01:42:20.735	0.82542	0.82543			6
2025.03.04	01:42:21.376	0.82541				2
2025.03.04	01:42:28.783	0.82542				2
2025.03.04	01:42:37.460	0.82543	0.82544			6
2025.03.04	01:42:39.306	0.82547	0.82548			6
2025.03.04	01:42:42.321	0.82548	0.82549			6
2025.03.04	01:42:42.649	0.82547				2
2025.03.04	01:42:48.940	0.82545	0.82547			6
2025.03.04	01:42:49.803	0.82546				2
2025.03.04	01:42:54.680	0.82547	0.82548			6
2025.03.04	01:42:55.448	0.82543	0.82546			6
2025.03.04	01:42:55.809		0.82544			4
2025.03.04	01:42:56.131	0.82541	0.82542			6
2025.03.04	01:42:57.409	0.82538	0.82541			6
2025.03.04	01:42:58.372	0.82537	0.82538			6
2025.03.04	01:42:58.691	0.82534	0.82537			6
2025.03.04	01:42:59.329	0.82537	0.82539			6
2025.03.04	01:42:59.706		0.82538			4
2025.03.04	01:43:00.043	0.82537				2
2025.03.04	01:43:00.676	0.82538	0.82539			6
2025.03.04	01:43:04.478	0.82539	0.82540			6
2025.03.04	01:43:05.234	0.82540	0.82541			6
2025.03.04	01:43:07.379	0.82537				2
2025.03.04	01:43:07.687		0.82540			4
2025.03.04	01:43:08.322	0.82536	0.82537			6
2025.03.04	01:43:08.629	0.82535	0.82536			6
2025.03.04	01:43:09.390	0.82536	0.82537			6
2025.03.04	01:43:09.713	0.82535				2
2025.03.04	01:43:10.769		0.82536			4
2025.03.04	01:43:12.104		0.82537			4
2025.03.04	01:43:13.322	0.82534	0.82535			6
2025.03.04	01:43:13.947	0.82536	0.82537			6
2025.03.04	01:43:14.267	0.82533	0.82534			6
2025.03.04	01:43:15.096	0.82534	0.82535			6
2025.03.04	01:43:15.574	0.82533				2
2025.03.04	01:43:16.801		0.82534			4
2025.03.04	01:43:17.436	0.82528	0.82529			6
2025.03.04	01:43:17.746	0.82527	0.82528			6
2025.03.04	01:43:19.073	0.82529	0.82530			6
2025.03.04	01:43:19.687	0.82530	0.82531			6
2025.03.04	01:43:20.718	0.82531	0.82533			6
2025.03.04	01:43:21.437	0.82532	0.82534			6
2025.03.04	01:43:21.985	0.82533				2
2025.03.04	01:43:24.975	0.82534	0.82535			6
2025.03.04	01:43:25.950	0.82536	0.82537			6
2025.03.04	01:43:28.940	0.82537	0.82538			6
2025.03.04	01:43:38.779	0.82536	0.82537			6
2025.03.04	01:43:50.435	0.82535	0.82536			6
2025.03.04	01:43:53.369	0.82536	0.82537			6
2025.03.04	01:43:58.157	0.82535				2
2025.03.04	01:43:58.837	0.82536				2
2025.03.04	01:43:59.163	0.82537	0.82538			6
2025.03.04	01:44:00.357	0.82533	0.82534			6
2025.03.04	01:44:02.996	0.82532	0.82533			6
2025.03.04	01:44:04.346	0.82512	0.82519			6
2025.03.04	01:44:04.650		0.82518			4
2025.03.04	01:44:04.968	0.82508	0.82509			6
2025.03.04	01:44:05.287	0.82505	0.82510			6
2025.03.04	01:44:06.317	0.82504	0.82509			6
2025.03.04	01:44:07.133	0.82506	0.82511			6
2025.03.04	01:44:07.749	0.82507	0.82512			6
2025.03.04	01:44:08.992	0.82508	0.82513			6
2025.03.04	01:44:09.296	0.82507				2
2025.03.04	01:44:10.372		0.82512			4
2025.03.04	01:44:10.688	0.82505	0.82511			6
2025.03.04	01:44:11.877	0.82510	0.82515			6
2025.03.04	01:44:12.179	0.82511	0.82517			6
2025.03.04	01:44:12.486	0.82510	0.82514			6
2025.03.04	01:44:13.203	0.82512	0.82513			6
2025.03.04	01:44:15.065	0.82515	0.82516			6
2025.03.04	01:44:15.918		0.82519			4
2025.03.04	01:44:16.725	0.82511	0.82515			6
2025.03.04	01:44:17.266		0.82514			4
2025.03.04	01:44:17.886		0.82513			4
2025.03.04	01:44:19.301	0.82512	0.82514			6
2025.03.04	01:44:19.929		0.82517			4
2025.03.04	01:44:20.359	0.82511	0.82512			6
2025.03.04	01:44:23.226	0.82510	0.82511			6
2025.03.04	01:44:24.972	0.82508	0.82510			6
2025.03.04	01:44:25.286	0.82506				2
2025.03.04	01:44:25.623		0.82507			4
2025.03.04	01:44:26.318		0.82509			4
2025.03.04	01:44:28.977		0.82508			4
2025.03.04	01:44:30.003	0.82508	0.82509			6
2025.03.04	01:44:30.308		0.82510			4
2025.03.04	01:44:33.356	0.82509				2
2025.03.04	01:44:38.159	0.82508				2
2025.03.04	01:44:38.465	0.82511	0.82515			6
2025.03.04	01:44:38.769	0.82513	0.82516			6
2025.03.04	01:44:39.140		0.82515			4
2025.03.04	01:44:39.446	0.82515	0.82518			6
2025.03.04	01:44:39.759	0.82517	0.82520			6
2025.03.04	01:44:40.068	0.82515	0.82518			6
2025.03.04	01:44:40.421		0.82519			4
2025.03.04	01:44:44.296	0.82518	0.82520			6
2025.03.04	01:44:45.024	0.82519				2
2025.03.04	01:44:45.971	0.82517				2
2025.03.04	01:44:46.970	0.82519	0.82522			6
2025.03.04	01:44:47.295	0.82521	0.82523			6
2025.03.04	01:44:48.548	0.82525	0.82527			6
2025.03.04	01:44:49.170	0.82526				2
2025.03.04	01:44:50.303	0.82524	0.82526			6
2025.03.04	01:44:51.714		0.82527			4
2025.03.04	01:44:52.136	0.82523	0.82526			6
2025.03.04	01:44:53.008	0.82526	0.82529			6
2025.03.04	01:44:53.422		0.82528			4
2025.03.04	01:44:54.465		0.82529			4
2025.03.04	01:44:55.449	0.82527	0.82528			6
2025.03.04	01:44:55.766		0.82529			4
2025.03.04	01:44:56.618	0.82528				2
2025.03.04	01:44:59.075	0.82529	0.82530			6
2025.03.04	01:44:59.466		0.82531			4
2025.03.04	01:44:59.769	0.82527	0.82530			6
2025.03.04	01:45:00.087	0.82527				2
2025.03.04	01:45:01.531	0.82529				2
2025.03.04	01:45:03.008	0.82527	0.82528			6
2025.03.04	01:45:03.318	0.82528	0.82529			6
2025.03.04	01:45:05.587	0.82530	0.82531			6
2025.03.04	01:45:05.898	0.82531	0.82532			6
2025.03.04	01:45:06.207	0.82534	0.82536			6
2025.03.04	01:45:06.831	0.82533	0.82534			6
2025.03.04	01:45:09.677	0.82537	0.82538			6
2025.03.04	01:45:09.987	0.82536	0.82537			6
2025.03.04	01:45:11.492	0.82534	0.82535			6
2025.03.04	01:45:12.575	0.82538	0.82539			6
2025.03.04	01:45:13.263	0.82537	0.82538			6
2025.03.04	01:45:14.053	0.82536	0.82537			6
2025.03.04	01:45:17.044	0.82537	0.82538			6
2025.03.04	01:45:17.345	0.82538	0.82539			6
2025.03.04	01:45:19.761	0.82540	0.82541			6
2025.03.04	01:45:20.545	0.82541	0.82542			6
2025.03.04	01:45:21.873	0.82540	0.82541			6
2025.03.04	01:45:27.736	0.82538	0.82539			6
2025.03.04	01:45:30.364	0.82540	0.82541			6
2025.03.04	01:45:31.363	0.82539	0.82540			6
2025.03.04	01:45:33.726	0.82537	0.82538			6
2025.03.04	01:45:35.368	0.82536	0.82537			6
2025.03.04	01:45:36.496	0.82534	0.82535			6
2025.03.04	01:45:39.719	0.82528	0.82530			6
2025.03.04	01:45:40.027	0.82529				2
2025.03.04	01:45:40.371	0.82528				2
2025.03.04	01:45:48.107	0.82531	0.82532			6
2025.03.04	01:45:49.872	0.82532	0.82533			6
2025.03.04	01:45:57.754	0.82531	0.82532			6
2025.03.04	01:45:58.066		0.82533			4
2025.03.04	01:45:58.413	0.82533	0.82534			6
2025.03.04	01:45:59.034	0.82534	0.82535			6
2025.03.04	01:46:00.374	0.82534				2
2025.03.04	01:46:00.941	0.82533	0.82534			6
2025.03.04	01:46:02.373	0.82535	0.82536			6
2025.03.04	01:46:04.505	0.82536	0.82537			6
2025.03.04	01:46:07.074	0.82535	0.82536			6
2025.03.04	01:46:07.736	0.82536	0.82537			6
2025.03.04	01:46:08.038	0.82538	0.82539			6
2025.03.04	01:46:08.358	0.82539	0.82540			6
2025.03.04	01:46:08.666	0.82538	0.82541			6
2025.03.04	01:46:09.044	0.82537	0.82540			6
2025.03.04	01:46:10.492		0.82539			4
2025.03.04	01:46:12.774		0.82538			4
2025.03.04	01:46:16.975	0.82534	0.82537			6
2025.03.04	01:46:17.287	0.82536				2
2025.03.04	01:46:17.679	0.82535	0.82536			6
2025.03.04	01:46:18.153	0.82533	0.82534			6
2025.03.04	01:46:18.466	0.82530	0.82532			6
2025.03.04	01:46:18.971		0.82531			4
2025.03.04	01:46:20.355	0.82532	0.82533			6
2025.03.04	01:46:20.668	0.82531	0.82532			6
2025.03.04	01:46:23.574	0.82532	0.82533			6
2025.03.04	01:46:23.930	0.82533	0.82534			6
2025.03.04	01:46:24.442	0.82535	0.82536			6
2025.03.04	01:46:27.010	0.82534	0.82535			6
2025.03.04	01:46:28.306	0.82533	0.82534			6
2025.03.04	01:46:33.935	0.82531	0.82532			6
2025.03.04	01:46:35.931	0.82532	0.82533			6
2025.03.04	01:46:50.350	0.82531	0.82532			6
2025.03.04	01:46:56.692	0.82534	0.82535			6
2025.03.04	01:46:58.893	0.82531	0.82532			6
2025.03.04	01:46:59.860	0.82534	0.82535			6
2025.03.04	01:47:00.231	0.82530	0.82531			6
2025.03.04	01:47:15.065	0.82529				2
2025.03.04	01:47:18.667		0.82533			4
2025.03.04	01:47:20.386	0.82530				2
2025.03.04	01:47:21.237	0.82529	0.82531			6
2025.03.04	01:47:22.222	0.82528				2
2025.03.04	01:47:22.783	0.82530				2
2025.03.04	01:47:23.099	0.82529	0.82532			6
2025.03.04	01:47:24.024		0.82531			4
2025.03.04	01:47:29.175		0.82532			4
2025.03.04	01:47:30.276		0.82531			4
2025.03.04	01:47:30.586	0.82530	0.82533			6
2025.03.04	01:47:32.109	0.82529	0.82531			6
2025.03.04	01:47:32.427		0.82530			4
2025.03.04	01:47:34.696		0.82533			4
2025.03.04	01:47:38.455		0.82532			4
2025.03.04	01:47:39.198	0.82528				2
2025.03.04	01:47:41.113		0.82529			4
2025.03.04	01:47:41.416	0.82526	0.82527			6
2025.03.04	01:47:48.387	0.82528	0.82529			6
2025.03.04	01:47:49.133	0.82529	0.82530			6
2025.03.04	01:47:50.059		0.82533			4
2025.03.04	01:47:50.367	0.82533	0.82534			6
2025.03.04	01:47:50.775	0.82532	0.82533			6
2025.03.04	01:47:52.486	0.82533	0.82534			6
2025.03.04	01:48:01.855	0.82533				2
2025.03.04	01:48:04.198	0.82531				2
2025.03.04	01:48:04.513	0.82529	0.82533			6
2025.03.04	01:48:04.831	0.82528	0.82532			6
2025.03.04	01:48:16.910	0.82530	0.82531			6
2025.03.04	01:48:18.023	0.82532	0.82533			6
2025.03.04	01:48:18.336	0.82530	0.82532			6
2025.03.04	01:48:19.004	0.82532	0.82533			6
2025.03.04	01:48:24.433	0.82533	0.82534			6
2025.03.04	01:48:28.264	0.82532				2
2025.03.04	01:48:32.919		0.82535			4
2025.03.04	01:48:37.983		0.82534			4
2025.03.04	01:48:41.595		0.82533			4
2025.03.04	01:48:43.407	0.82534	0.82535			6
2025.03.04	01:48:53.746	0.82535	0.82536			6
2025.03.04	01:49:00.325	0.82534	0.82535			6
2025.03.04	01:49:01.334	0.82533	0.82534			6
2025.03.04	01:49:02.355	0.82532				2
2025.03.04	01:49:23.585		0.82533			4
2025.03.04	01:49:25.504	0.82530	0.82531			6
2025.03.04	01:49:31.706	0.82529	0.82530			6
2025.03.04	01:49:36.595	0.82530	0.82531			6
2025.03.04	01:49:42.852	0.82529				2
2025.03.04	01:49:44.232		0.82530			4
2025.03.04	01:49:45.296	0.82528	0.82531			6
2025.03.04	01:49:45.606	0.82527	0.82528			6
2025.03.04	01:49:46.421	0.82528	0.82529			6
2025.03.04	01:49:51.232	0.82529	0.82530			6
2025.03.04	01:49:53.578	0.82528	0.82529			6
2025.03.04	01:49:55.842	0.82527				2
2025.03.04	01:49:57.489	0.82528				2
2025.03.04	01:49:57.952	0.82529	0.82530			6
2025.03.04	01:49:59.961	0.82528				2
2025.03.04	01:50:00.502	0.82528				2
2025.03.04	01:50:01.052		0.82529			4
2025.03.04	01:50:02.374	0.82529	0.82530			6
2025.03.04	01:50:07.696	0.82528	0.82529			6
2025.03.04	01:50:12.798	0.82529	0.82530			6
2025.03.04	01:50:15.102	0.82528				2
2025.03.04	01:50:17.828	0.82531	0.82532			6
2025.03.04	01:50:18.148	0.82532	0.82533			6
2025.03.04	01:50:19.374	0.82531				2
2025.03.04	01:50:19.687	0.82532				2
2025.03.04	01:50:20.169	0.82533	0.82534			6
2025.03.04	01:50:21.648	0.82532	0.82533			6
2025.03.04	01:50:34.568	0.82533	0.82534			6
2025.03.04	01:50:38.308	0.82535	0.82536			6
2025.03.04	01:50:38.978		0.82537			4
2025.03.04	01:50:39.374		0.82536			4
2025.03.04	01:50:41.428	0.82538	0.82539			6
2025.03.04	01:50:45.048	0.82537	0.82538			6
2025.03.04	01:50:46.628	0.82535	0.82536			6
2025.03.04	01:50:47.362	0.82534	0.82535			6
2025.03.04	01:50:48.369	0.82537	0.82538			6
2025.03.04	01:50:49.128	0.82538	0.82539			6
2025.03.04	01:50:49.633	0.82539	0.82540			6
2025.03.04	01:50:53.804	0.82541	0.82542			6
2025.03.04	01:50:54.723	0.82540	0.82541			6
2025.03.04	01:50:56.852	0.82537	0.82540			6
2025.03.04	01:50:57.543	0.82538	0.82541			6
2025.03.04	01:51:00.278	0.82538				2
2025.03.04	01:51:02.973	0.82540				2
2025.03.04	01:51:03.355	0.82538	0.82542			6
2025.03.04	01:51:03.665	0.82537	0.82541			6
2025.03.04	01:51:04.082	0.82538				2
2025.03.04	01:51:05.134	0.82537	0.82540			6
2025.03.04	01:51:06.237	0.82538				2
2025.03.04	01:51:07.905	0.82539				2
2025.03.04	01:51:08.639	0.82538				2
2025.03.04	01:51:08.981	0.82539				2
2025.03.04	01:51:20.290	0.82537				2
2025.03.04	01:51:24.307		0.82539			4
2025.03.04	01:51:27.532	0.82541	0.82543			6
2025.03.04	01:51:27.851	0.82542	0.82546			6
2025.03.04	01:51:33.231	0.82543				2
2025.03.04	01:51:33.568	0.82544	0.82545			6
2025.03.04	01:51:34.654	0.82545	0.82546			6
2025.03.04	01:51:54.298	0.82547	0.82550			6
2025.03.04	01:51:55.236		0.82549			4
2025.03.04	01:51:55.802		0.82551			4
2025.03.04	01:51:56.483	0.82548	0.82550			6
2025.03.04	01:51:58.434	0.82549				2
2025.03.04	01:51:59.199	0.82548				2
2025.03.04	01:52:00.077	0.82550	0.82551			6
2025.03.04	01:52:00.385	0.82551	0.82552			6
2025.03.04	01:52:01.011	0.82550	0.82551			6
2025.03.04	01:52:01.680	0.82549	0.82553			6
2025.03.04	01:52:01.987	0.82550				2
2025.03.04	01:52:02.288	0.82549	0.82550			6
2025.03.04	01:52:02.759	0.82548	0.82549			6
2025.03.04	01:52:03.804		0.82551			4
2025.03.04	01:52:04.133	0.82544	0.82545			6
2025.03.04	01:52:04.467		0.82546			4
2025.03.04	01:52:04.887		0.82545			4
2025.03.04	01:52:05.234	0.82545	0.82546			6
2025.03.04	01:52:07.365	0.82544	0.82545			6
2025.03.04	01:52:07.915	0.82545	0.82547			6
2025.03.04	01:52:08.350	0.82546				2
2025.03.04	01:52:12.365	0.82547	0.82548			6
2025.03.04	01:52:13.138	0.82550	0.82552			6
2025.03.04	01:52:13.445		0.82551			4
2025.03.04	01:52:19.740	0.82552	0.82553			6
2025.03.04	01:52:20.352	0.82553	0.82554			6
2025.03.04	01:52:22.365	0.82552				2
2025.03.04	01:52:22.686		0.82553			4
2025.03.04	01:52:24.083	0.82555	0.82556			6
2025.03.04	01:52:25.627	0.82554	0.82555			6
2025.03.04	01:52:31.067	0.82552	0.82553			6
2025.03.04	01:52:34.303	0.82553	0.82554			6
2025.03.04	01:52:43.906	0.82549	0.82550			6
2025.03.04	01:52:44.208	0.82550	0.82551			6
2025.03.04	01:52:46.092	0.82551	0.82552			6
2025.03.04	01:52:47.698	0.82549	0.82550			6
2025.03.04	01:52:48.005	0.82547	0.82548			6
2025.03.04	01:52:48.986	0.82549	0.82550			6
2025.03.04	01:52:49.320	0.82544	0.82545			6
2025.03.04	01:52:50.035	0.82543	0.82544			6
2025.03.04	01:52:50.724	0.82542	0.82543			6
2025.03.04	01:52:51.025	0.82543	0.82544			6
2025.03.04	01:52:53.081	0.82540	0.82541			6
2025.03.04	01:52:53.436	0.82539	0.82540			6
2025.03.04	01:52:54.867	0.82538	0.82539			6
2025.03.04	01:53:00.302	0.82538				2
2025.03.04	01:53:12.010	0.82540	0.82541			6
2025.03.04	01:53:14.661	0.82541	0.82542			6
2025.03.04	01:53:15.280	0.82539	0.82540			6
2025.03.04	01:53:19.894	0.82538	0.82539			6
2025.03.04	01:53:20.915	0.82539	0.82540			6
2025.03.04	01:53:30.350	0.82540	0.82541			6
2025.03.04	01:53:31.372	0.82541	0.82542			6
2025.03.04	01:53:35.551	0.82543	0.82544			6
2025.03.04	01:53:44.877	0.82545	0.82546			6
2025.03.04	01:53:53.935	0.82546	0.82547			6
2025.03.04	01:53:58.531	0.82545	0.82546			6
2025.03.04	01:54:00.500	0.82545				2
2025.03.04	01:54:06.887	0.82546	0.82547			6
2025.03.04	01:54:14.897	0.82545	0.82546			6
2025.03.04	01:54:18.202	0.82544	0.82545			6
2025.03.04	01:54:21.150	0.82542	0.82543			6
2025.03.04	01:54:25.326	0.82544	0.82545			6
2025.03.04	01:54:29.445	0.82545	0.82546			6
2025.03.04	01:54:37.977	0.82547	0.82548			6
2025.03.04	01:54:39.426	0.82548	0.82549			6
2025.03.04	01:54:44.793	0.82549	0.82550			6
2025.03.04	01:54:45.166	0.82547	0.82548			6
2025.03.04	01:54:46.172	0.82548	0.82549			6
2025.03.04	01:54:48.476	0.82549	0.82550			6
2025.03.04	01:54:54.258	0.82548	0.82549			6
2025.03.04	01:55:00.911	0.82548				2
2025.03.04	01:55:01.218	0.82549	0.82550			6
2025.03.04	01:55:01.528	0.82550	0.82551			6
2025.03.04	01:55:11.044	0.82546	0.82547			6
2025.03.04	01:55:18.544	0.82544	0.82545			6
2025.03.04	01:55:21.029	0.82545	0.82546			6
2025.03.04	01:55:28.542	0.82544	0.82545			6
2025.03.04	01:55:28.849	0.82545	0.82546			6
2025.03.04	01:55:34.748	0.82544	0.82545			6
2025.03.04	01:55:35.068	0.82545	0.82546			6
2025.03.04	01:55:35.580	0.82546	0.82547			6
2025.03.04	01:55:39.068	0.82545	0.82546			6
2025.03.04	01:55:40.168	0.82546	0.82547			6
2025.03.04	01:55:40.480	0.82545	0.82546			6
2025.03.04	01:55:43.676	0.82544	0.82545			6
2025.03.04	01:55:45.543	0.82545	0.82546			6
2025.03.04	01:56:00.290	0.82545				2
2025.03.04	01:56:05.668	0.82544				2
2025.03.04	01:56:08.566	0.82546	0.82547			6
2025.03.04	01:56:08.923	0.82545	0.82546			6
2025.03.04	01:56:12.222	0.82544	0.82545			6
2025.03.04	01:56:24.908	0.82545	0.82546			6
2025.03.04	01:56:32.852	0.82546	0.82547			6
2025.03.04	01:57:00.499	0.82546				2
2025.03.04	01:57:01.259	0.82545	0.82546			6
2025.03.04	01:57:03.350	0.82546	0.82547			6
2025.03.04	01:57:04.733	0.82547	0.82548			6
2025.03.04	01:57:05.968	0.82546	0.82547			6
2025.03.04	01:57:06.601	0.82547	0.82548			6
2025.03.04	01:57:08.633	0.82546	0.82547			6
2025.03.04	01:57:11.312	0.82548	0.82549			6
2025.03.04	01:57:12.252	0.82549	0.82550			6
2025.03.04	01:57:13.329	0.82552	0.82553			6
2025.03.04	01:57:13.639	0.82551	0.82552			6
2025.03.04	01:57:15.494	0.82550	0.82551			6
2025.03.04	01:57:36.297	0.82549	0.82550			6
2025.03.04	01:57:36.834	0.82550	0.82551			6
2025.03.04	01:57:38.543	0.82549	0.82550			6
2025.03.04	01:57:44.543	0.82550	0.82551			6
2025.03.04	01:57:44.933	0.82548	0.82549			6
2025.03.04	01:57:45.262	0.82551	0.82552			6
2025.03.04	01:57:46.067	0.82550	0.82551			6
2025.03.04	01:57:46.414	0.82551	0.82552			6
2025.03.04	01:57:48.397	0.82550	0.82551			6
2025.03.04	01:57:51.033	0.82549	0.82550			6
2025.03.04	01:57:51.392	0.82550	0.82551			6
2025.03.04	01:57:57.785	0.82551	0.82552			6
2025.03.04	01:57:58.109	0.82550	0.82551			6
2025.03.04	01:58:00.205	0.82550				2
2025.03.04	01:58:00.840	0.82549	0.82550			6
2025.03.04	01:58:01.263	0.82548	0.82549			6
2025.03.04	01:58:06.929	0.82547	0.82548			6
2025.03.04	01:58:09.182	0.82546	0.82547			6
2025.03.04	01:58:14.699	0.82548	0.82549			6
2025.03.04	01:58:34.473	0.82549	0.82550			6
2025.03.04	01:58:40.256	0.82547	0.82548			6
2025.03.04	01:58:41.088	0.82548	0.82549			6
2025.03.04	01:58:49.627	0.82547				2
2025.03.04	01:58:49.997	0.82548				2
2025.03.04	01:59:00.081	0.82548				2
2025.03.04	01:59:00.429	0.82549	0.82550			6
2025.03.04	01:59:02.706	0.82550	0.82551			6
2025.03.04	01:59:05.374	0.82551	0.82552			6
2025.03.04	01:59:06.267	0.82553	0.82554			6
2025.03.04	01:59:10.353	0.82554	0.82555			6
2025.03.04	01:59:10.704	0.82553	0.82554			6
2025.03.04	01:59:15.720	0.82551	0.82552			6
2025.03.04	01:59:18.049	0.82552	0.82553			6
2025.03.04	01:59:18.375	0.82551	0.82552			6
2025.03.04	01:59:20.386	0.82550	0.82551			6
2025.03.04	01:59:25.389	0.82549	0.82550			6
2025.03.04	01:59:25.961	0.82548	0.82549			6
2025.03.04	01:59:30.232	0.82549	0.82550			6
2025.03.04	01:59:32.048	0.82548	0.82549			6
2025.03.04	01:59:36.161	0.82549	0.82550			6
2025.03.04	01:59:36.766	0.82550	0.82551			6
2025.03.04	01:59:37.068	0.82549	0.82550			6
2025.03.04	01:59:43.895	0.82550	0.82551			6
2025.03.04	01:59:46.164	0.82549	0.82550			6
2025.03.04	01:59:48.624	0.82548	0.82549			6
2025.03.04	01:59:48.926	0.82550	0.82551			6
2025.03.04	02:00:00.388	0.82549	0.82550			6
2025.03.04	02:00:03.245	0.82548	0.82549			6
2025.03.04	02:00:03.708	0.82550	0.82551			6
2025.03.04	02:00:04.023	0.82549	0.82550			6
2025.03.04	02:00:06.127	0.82551	0.82552			6
2025.03.04	02:00:06.473	0.82549	0.82550			6
2025.03.04	02:00:06.775	0.82548	0.82549			6
2025.03.04	02:00:08.027	0.82547	0.82548			6
2025.03.04	02:00:09.256	0.82548	0.82549			6
2025.03.04	02:00:11.033	0.82547	0.82548			6
2025.03.04	02:00:13.050	0.82548	0.82549			6
2025.03.04	02:00:13.772	0.82547	0.82548			6
2025.03.04	02:00:14.853	0.82548	0.82549			6
2025.03.04	02:00:15.595	0.82549	0.82550			6
2025.03.04	02:00:17.497	0.82550	0.82551			6
2025.03.04	02:00:20.546	0.82549	0.82550			6
2025.03.04	02:00:32.164	0.82550	0.82551			6
2025.03.04	02:00:32.829	0.82553	0.82554			6
2025.03.04	02:00:33.665	0.82550	0.82551			6
2025.03.04	02:00:33.990	0.82549	0.82550			6
2025.03.04	02:00:34.517	0.82550	0.82551			6
2025.03.04	02:00:35.779	0.82552	0.82553			6
2025.03.04	02:00:36.433	0.82553	0.82554			6
2025.03.04	02:00:37.478	0.82554	0.82555			6
2025.03.04	02:00:38.735	0.82555	0.82556			6
2025.03.04	02:00:39.612	0.82553	0.82554			6
2025.03.04	02:00:40.627	0.82552	0.82553			6
2025.03.04	02:00:41.107	0.82553	0.82554			6
2025.03.04	02:00:41.419	0.82552	0.82553			6
2025.03.04	02:00:42.599	0.82553	0.82554			6
2025.03.04	02:00:43.733	0.82552	0.82553			6
2025.03.04	02:00:44.446	0.82554	0.82555			6
2025.03.04	02:00:45.438	0.82553	0.82554			6
2025.03.04	02:00:46.067	0.82548	0.82549			6
2025.03.04	02:00:47.969	0.82545	0.82546			6
2025.03.04	02:00:48.322	0.82546	0.82547			6
2025.03.04	02:00:49.641	0.82547	0.82548			6
2025.03.04	02:00:57.198	0.82548	0.82549			6
2025.03.04	02:00:58.448	0.82547	0.82548			6
2025.03.04	02:00:59.932	0.82549	0.82550			6
2025.03.04	02:01:00.234	0.82549				2
2025.03.04	02:01:00.886	0.82548	0.82549			6
2025.03.04	02:01:02.923	0.82549	0.82550			6
2025.03.04	02:01:04.282	0.82550	0.82551			6
2025.03.04	02:01:04.669	0.82549	0.82550			6
2025.03.04	02:01:05.562	0.82548	0.82549			6
2025.03.04	02:01:06.847	0.82549	0.82550			6
2025.03.04	02:01:07.998	0.82548	0.82549			6
2025.03.04	02:01:12.977	0.82551	0.82552			6
2025.03.04	02:01:13.284	0.82552	0.82553			6
2025.03.04	02:01:15.505	0.82551	0.82552			6
2025.03.04	02:01:15.824	0.82553	0.82554			6
2025.03.04	02:01:18.066	0.82552	0.82553			6
2025.03.04	02:01:20.344	0.82553	0.82554			6
2025.03.04	02:01:21.112	0.82554	0.82555			6
2025.03.04	02:01:26.163	0.82553	0.82554			6
2025.03.04	02:01:28.934	0.82555	0.82556			6
2025.03.04	02:01:29.912	0.82553	0.82554			6
2025.03.04	02:01:31.398	0.82554	0.82555			6
2025.03.04	02:01:38.803	0.82553	0.82554			6
2025.03.04	02:01:40.378	0.82554	0.82555			6
2025.03.04	02:01:41.254	0.82553	0.82554			6
2025.03.04	02:01:43.025	0.82552	0.82553			6
2025.03.04	02:01:43.330	0.82553	0.82554			6
2025.03.04	02:01:44.893	0.82552	0.82553			6
2025.03.04	02:02:00.360	0.82552				2
2025.03.04	02:02:00.793	0.82551	0.82552			6
2025.03.04	02:02:03.221	0.82552	0.82553			6
2025.03.04	02:02:03.768	0.82551	0.82552			6
2025.03.04	02:02:06.303	0.82552	0.82553			6
2025.03.04	02:02:07.041	0.82551	0.82552			6
2025.03.04	02:02:08.408	0.82552	0.82553			6
2025.03.04	02:02:10.397	0.82551	0.82552			6
2025.03.04	02:02:12.339	0.82552	0.82553			6
2025.03.04	02:02:12.775	0.82551	0.82552			6
2025.03.04	02:02:17.970	0.82552	0.82553			6
2025.03.04	02:02:29.702	0.82551	0.82552			6
2025.03.04	02:02:30.104	0.82552	0.82553			6
2025.03.04	02:02:30.666	0.82551	0.82552			6
2025.03.04	02:02:31.966	0.82552	0.82553			6
2025.03.04	02:02:32.985	0.82551	0.82552			6
2025.03.04	02:02:36.796	0.82552	0.82553			6
2025.03.04	02:02:37.674	0.82551	0.82552			6
2025.03.04	02:02:41.777	0.82552	0.82553			6
2025.03.04	02:02:43.272	0.82551	0.82552			6
2025.03.04	02:02:43.997	0.82552	0.82553			6
2025.03.04	02:02:50.649	0.82553	0.82554			6
2025.03.04	02:02:52.918	0.82554	0.82555			6
2025.03.04	02:02:53.658	0.82553	0.82554			6
2025.03.04	02:02:56.762	0.82552	0.82553			6
2025.03.04	02:02:57.969	0.82553	0.82554			6
2025.03.04	02:03:00.180	0.82554	0.82555			6
2025.03.04	02:03:00.496	0.82555	0.82556			6
2025.03.04	02:03:02.143	0.82554	0.82555			6
2025.03.04	02:03:04.050	0.82553	0.82554			6
2025.03.04	02:03:11.820	0.82554	0.82555			6
2025.03.04	02:03:12.646	0.82553	0.82554			6
2025.03.04	02:03:13.448	0.82552	0.82553			6
2025.03.04	02:03:17.723	0.82553	0.82554			6
2025.03.04	02:03:22.162	0.82554	0.82555			6
2025.03.04	02:03:23.313	0.82553	0.82554			6
2025.03.04	02:03:23.653	0.82551	0.82552			6
2025.03.04	02:03:23.984	0.82552	0.82553			6
2025.03.04	02:03:24.286	0.82554	0.82555			6
2025.03.04	02:03:26.954	0.82553	0.82554			6
2025.03.04	02:03:28.419	0.82551	0.82552			6
2025.03.04	02:03:38.083	0.82552	0.82553			6
2025.03.04	02:03:42.167	0.82553	0.82554			6
2025.03.04	02:03:42.670	0.82552	0.82553			6
2025.03.04	02:03:44.472	0.82553	0.82554			6
2025.03.04	02:03:48.153	0.82552	0.82553			6
2025.03.04	02:03:51.244	0.82553	0.82554			6
2025.03.04	02:03:53.222	0.82554	0.82555			6
2025.03.04	02:03:54.043	0.82555	0.82556			6
2025.03.04	02:03:55.198	0.82554	0.82555			6
2025.03.04	02:04:00.484	0.82554				2
2025.03.04	02:04:01.189	0.82555	0.82556			6
2025.03.04	02:04:02.476	0.82554	0.82555			6
2025.03.04	02:04:03.403	0.82555	0.82556			6
2025.03.04	02:04:05.943	0.82554	0.82555			6
2025.03.04	02:04:08.034	0.82555	0.82556			6
2025.03.04	02:04:08.363	0.82556	0.82557			6
2025.03.04	02:04:14.944	0.82557	0.82558			6
2025.03.04	02:04:15.929	0.82556	0.82557			6
2025.03.04	02:04:16.615	0.82555	0.82556			6
2025.03.04	02:04:25.338		0.82557			4
2025.03.04	02:04:27.774		0.82556			4
2025.03.04	02:04:32.502	0.82557	0.82558			6
2025.03.04	02:04:34.050	0.82556	0.82557			6
2025.03.04	02:04:47.941	0.82555	0.82556			6
2025.03.04	02:05:00.202	0.82555				2
2025.03.04	02:05:02.355	0.82557	0.82558			6
2025.03.04	02:05:02.670		0.82559			4
2025.03.04	02:05:03.048	0.82558				2
2025.03.04	02:05:03.352	0.82557				2
2025.03.04	02:05:03.707	0.82555	0.82556			6
2025.03.04	02:05:05.799	0.82554	0.82555			6
2025.03.04	02:05:06.350		0.82556			4
2025.03.04	02:05:06.687		0.82555			4
2025.03.04	02:05:08.403	0.82555	0.82556			6
2025.03.04	02:05:13.269	0.82554	0.82555			6
2025.03.04	02:05:15.196	0.82555	0.82556			6
2025.03.04	02:05:16.037	0.82554	0.82555			6
2025.03.04	02:05:21.311	0.82553	0.82554			6
2025.03.04	02:05:23.225	0.82552	0.82553			6
2025.03.04	02:05:23.776	0.82551	0.82552			6
2025.03.04	02:05:26.582	0.82549	0.82550			6
2025.03.04	02:05:27.541	0.82550	0.82551			6
2025.03.04	02:05:29.799	0.82553	0.82554			6
2025.03.04	02:05:39.108	0.82554	0.82555			6
2025.03.04	02:05:43.074	0.82555	0.82556			6
2025.03.04	02:05:52.321	0.82556	0.82557			6
2025.03.04	02:05:54.779	0.82555	0.82556			6
2025.03.04	02:05:55.368	0.82556	0.82557			6
2025.03.04	02:05:57.082	0.82560	0.82561			6
2025.03.04	02:06:00.364	0.82559	0.82560			6
2025.03.04	02:06:01.803	0.82558	0.82559			6
2025.03.04	02:06:02.444		0.82560			4
2025.03.04	02:06:03.653		0.82559			4
2025.03.04	02:06:04.749	0.82560	0.82561			6
2025.03.04	02:06:05.066	0.82559	0.82560			6
2025.03.04	02:06:16.568	0.82558	0.82559			6
2025.03.04	02:06:23.117	0.82559	0.82560			6
2025.03.04	02:06:26.699	0.82558	0.82559			6
2025.03.04	02:06:27.569	0.82559	0.82560			6
2025.03.04	02:06:30.770	0.82558	0.82559			6
2025.03.04	02:06:31.247	0.82559	0.82560			6
2025.03.04	02:06:33.310	0.82558				2
2025.03.04	02:06:34.201		0.82559			4
2025.03.04	02:06:39.399	0.82557	0.82558			6
2025.03.04	02:06:40.069	0.82558	0.82559			6
2025.03.04	02:06:41.007	0.82557	0.82558			6
2025.03.04	02:06:42.782	0.82556	0.82557			6
2025.03.04	02:06:44.325	0.82557	0.82558			6
2025.03.04	02:06:44.663	0.82558	0.82559			6
2025.03.04	02:06:46.205	0.82553	0.82554			6
2025.03.04	02:06:46.911	0.82552	0.82553			6
2025.03.04	02:06:47.644	0.82553	0.82554			6
2025.03.04	02:06:48.839	0.82554	0.82555			6
2025.03.04	02:06:49.387	0.82553	0.82554			6
2025.03.04	02:06:55.805	0.82559	0.82560			6
2025.03.04	02:06:57.458	0.82558	0.82559			6
2025.03.04	02:06:57.762	0.82557	0.82558			6
2025.03.04	02:06:58.489	0.82556				2
2025.03.04	02:07:00.301	0.82556				2
2025.03.04	02:07:01.079	0.82557				2
2025.03.04	02:07:01.972	0.82556	0.82557			6
2025.03.04	02:07:06.188	0.82555	0.82556			6
2025.03.04	02:07:12.345	0.82556	0.82557			6
2025.03.04	02:07:18.874	0.82555	0.82556			6
2025.03.04	02:07:19.295	0.82554	0.82555			6
2025.03.04	02:07:20.423	0.82553	0.82554			6
2025.03.04	02:07:22.501	0.82554	0.82555			6
2025.03.04	02:07:26.729	0.82553	0.82554			6
2025.03.04	02:07:31.246	0.82550	0.82551			6
2025.03.04	02:07:40.035	0.82551	0.82552			6
2025.03.04	02:07:44.346	0.82555	0.82556			6
2025.03.04	02:07:50.593		0.82557			4
2025.03.04	02:07:51.290		0.82556			4
2025.03.04	02:07:52.033	0.82556	0.82557			6
2025.03.04	02:07:55.674	0.82555				2
2025.03.04	02:07:55.988		0.82556			4
2025.03.04	02:07:58.163		0.82557			4
2025.03.04	02:07:58.718	0.82556				2
2025.03.04	02:07:59.030	0.82555	0.82556			6
2025.03.04	02:07:59.909	0.82556	0.82557			6
2025.03.04	02:08:00.324	0.82556				2
2025.03.04	02:08:00.946	0.82555	0.82556			6
2025.03.04	02:08:01.421	0.82554	0.82555			6
2025.03.04	02:08:07.329	0.82555	0.82556			6
2025.03.04	02:08:11.137	0.82556	0.82557			6
2025.03.04	02:08:11.467	0.82555	0.82556			6
2025.03.04	02:08:18.337	0.82556	0.82557			6
2025.03.04	02:08:19.392	0.82558	0.82559			6
2025.03.04	02:08:22.127	0.82560	0.82561			6
2025.03.04	02:08:28.318	0.82561	0.82562			6
2025.03.04	02:08:31.440	0.82560	0.82561			6
2025.03.04	02:08:35.522	0.82561	0.82562			6
2025.03.04	02:08:36.211	0.82560	0.82561			6
2025.03.04	02:08:37.922	0.82561	0.82562			6
2025.03.04	02:08:40.119	0.82560	0.82561			6
2025.03.04	02:08:41.403	0.82561	0.82562			6
2025.03.04	02:08:47.346	0.82563	0.82564			6
2025.03.04	02:08:47.698	0.82562	0.82563			6
2025.03.04	02:08:57.038	0.82563	0.82564			6
2025.03.04	02:08:57.901	0.82562	0.82563			6
2025.03.04	02:08:58.343	0.82563	0.82564			6
2025.03.04	02:09:00.232	0.82564	0.82565			6
2025.03.04	02:09:05.145	0.82563	0.82564			6
2025.03.04	02:09:06.411	0.82564	0.82565			6
2025.03.04	02:09:10.693	0.82563	0.82564			6
2025.03.04	02:09:11.132	0.82564	0.82565			6
2025.03.04	02:09:13.619	0.82565	0.82566			6
2025.03.04	02:09:14.450	0.82564	0.82565			6
2025.03.04	02:09:22.382	0.82565	0.82566			6
2025.03.04	02:09:24.904	0.82566	0.82567			6
2025.03.04	02:09:35.170	0.82567	0.82568			6
2025.03.04	02:09:35.476	0.82568	0.82569			6
2025.03.04	02:09:36.977	0.82567	0.82568			6
2025.03.04	02:09:37.286	0.82566	0.82567			6
2025.03.04	02:09:44.266	0.82565	0.82566			6
2025.03.04	02:09:44.568	0.82566	0.82567			6
2025.03.04	02:09:45.357	0.82565	0.82566			6
2025.03.04	02:09:50.699	0.82567	0.82568			6
2025.03.04	02:09:51.543	0.82565	0.82566			6
2025.03.04	02:09:56.990	0.82564	0.82565			6
2025.03.04	02:10:00.411	0.82564				2
2025.03.04	02:10:01.650	0.82565	0.82566			6
2025.03.04	02:10:07.011	0.82566	0.82567			6
2025.03.04	02:10:07.327	0.82565	0.82566			6
2025.03.04	02:10:08.325	0.82567	0.82568			6
2025.03.04	02:10:10.354	0.82566	0.82567			6
2025.03.04	02:10:10.664	0.82567	0.82568			6
2025.03.04	02:10:13.047	0.82565	0.82566			6
2025.03.04	02:10:27.370	0.82566	0.82567			6
2025.03.04	02:10:27.791	0.82565	0.82566			6
2025.03.04	02:10:30.428	0.82567	0.82568			6
2025.03.04	02:10:45.516	0.82568	0.82569			6
2025.03.04	02:10:46.442	0.82567	0.82568			6
2025.03.04	02:10:48.900	0.82568	0.82569			6
2025.03.04	02:10:49.271	0.82567	0.82568			6
2025.03.04	02:10:51.988	0.82568	0.82569			6
2025.03.04	02:10:53.349	0.82567	0.82568			6
2025.03.04	02:10:55.186	0.82569	0.82570			6
2025.03.04	02:10:55.496	0.82570	0.82571			6
2025.03.04	02:10:56.001	0.82569	0.82570			6
2025.03.04	02:10:56.307	0.82568	0.82569			6
2025.03.04	02:10:59.123	0.82567	0.82568			6
2025.03.04	02:11:00.104	0.82567				2
2025.03.04	02:11:04.556	0.82568	0.82569			6
2025.03.04	02:11:06.100	0.82567	0.82568			6
2025.03.04	02:11:06.540	0.82568	0.82569			6
2025.03.04	02:11:09.021	0.82569	0.82570			6
2025.03.04	02:11:09.715	0.82567	0.82568			6
2025.03.04	02:11:11.179	0.82568	0.82569			6
2025.03.04	02:11:11.553	0.82567	0.82568			6
2025.03.04	02:11:14.528	0.82565	0.82566			6
2025.03.04	02:11:14.831	0.82564	0.82565			6
2025.03.04	02:11:16.262	0.82565	0.82566			6
2025.03.04	02:11:19.598	0.82564	0.82565			6
2025.03.04	02:11:20.692	0.82565	0.82566			6
2025.03.04	02:11:33.531	0.82563	0.82564			6
2025.03.04	02:11:40.162	0.82564	0.82565			6
2025.03.04	02:11:42.136	0.82565	0.82566			6
2025.03.04	02:11:52.932	0.82564	0.82565			6
2025.03.04	02:11:58.973	0.82565	0.82566			6
2025.03.04	02:12:00.373	0.82565				2
2025.03.04	02:12:01.427	0.82566	0.82567			6
2025.03.04	02:12:02.237	0.82565	0.82566			6
2025.03.04	02:12:03.794	0.82566	0.82567			6
2025.03.04	02:12:04.841	0.82565	0.82566			6
2025.03.04	02:12:06.604	0.82566	0.82567			6
2025.03.04	02:12:07.585	0.82565	0.82566			6
2025.03.04	02:12:08.346	0.82566	0.82567			6
2025.03.04	02:12:10.163	0.82565	0.82566			6
2025.03.04	02:12:11.040	0.82567	0.82568			6
2025.03.04	02:12:18.365	0.82565	0.82566			6
2025.03.04	02:12:19.828	0.82563	0.82564			6
2025.03.04	02:12:42.638	0.82562	0.82563			6
2025.03.04	02:12:59.289	0.82563	0.82564			6
2025.03.04	02:13:00.037	0.82563				2
2025.03.04	02:13:00.969	0.82564	0.82565			6
2025.03.04	02:13:03.910	0.82563	0.82564			6
2025.03.04	02:13:10.969	0.82562	0.82563			6
2025.03.04	02:13:11.274	0.82563	0.82564			6
2025.03.04	02:13:14.951	0.82564	0.82565			6
2025.03.04	02:13:15.265	0.82566	0.82567			6
2025.03.04	02:13:15.568	0.82568	0.82569			6
2025.03.04	02:13:25.201	0.82569	0.82570			6
2025.03.04	02:13:26.553	0.82570	0.82571			6
2025.03.04	02:13:27.005	0.82569	0.82570			6
2025.03.04	02:13:27.318	0.82568	0.82569			6
2025.03.04	02:13:29.124	0.82569	0.82570			6
2025.03.04	02:13:30.428	0.82567	0.82568			6
2025.03.04	02:13:32.408	0.82568	0.82569			6
2025.03.04	02:13:33.614	0.82567	0.82568			6
2025.03.04	02:13:35.382	0.82568	0.82569			6
2025.03.04	02:13:37.543	0.82569	0.82570			6
2025.03.04	02:13:39.888	0.82568	0.82569			6
2025.03.04	02:13:42.094	0.82569	0.82570			6
2025.03.04	02:13:45.199	0.82568	0.82569			6
2025.03.04	02:13:46.293	0.82569	0.82570			6
2025.03.04	02:13:48.390	0.82568	0.82569			6
2025.03.04	02:13:50.186	0.82566	0.82567			6
2025.03.04	02:14:00.302	0.82566				2
2025.03.04	02:14:01.798	0.82565	0.82566			6
2025.03.04	02:14:05.449	0.82566	0.82567			6
2025.03.04	02:14:06.523	0.82565	0.82566			6
2025.03.04	02:14:16.513	0.82566	0.82567			6
2025.03.04	02:14:25.315	0.82568	0.82569			6
2025.03.04	02:14:30.179	0.82570	0.82571			6
2025.03.04	02:14:30.486	0.82569	0.82570			6
2025.03.04	02:14:30.963	0.82570	0.82571			6
2025.03.04	02:14:31.527	0.82569	0.82570			6
2025.03.04	02:14:52.268	0.82568	0.82569			6
2025.03.04	02:14:55.323	0.82569	0.82570			6
2025.03.04	02:14:55.635	0.82568	0.82569			6
2025.03.04	02:14:56.055	0.82569	0.82570			6
2025.03.04	02:14:56.387	0.82568	0.82569			6
2025.03.04	02:15:00.505	0.82568				2
2025.03.04	02:15:01.435	0.82569	0.82570			6
2025.03.04	02:15:01.792	0.82568	0.82569			6
2025.03.04	02:15:02.118	0.82566	0.82567			6
2025.03.04	02:15:02.459	0.82565	0.82566			6
2025.03.04	02:15:08.242	0.82566	0.82567			6
2025.03.04	02:15:08.545	0.82568	0.82569			6
2025.03.04	02:15:10.752	0.82566	0.82567			6
2025.03.04	02:15:14.347	0.82567	0.82568			6
2025.03.04	02:15:15.187		0.82569			4
2025.03.04	02:15:16.716	0.82566	0.82567			6
2025.03.04	02:15:17.732	0.82567	0.82568			6
2025.03.04	02:15:18.042	0.82566	0.82567			6
2025.03.04	02:15:18.459	0.82567	0.82568			6
2025.03.04	02:15:21.648	0.82566	0.82570			6
2025.03.04	02:15:21.966	0.82568				2
2025.03.04	02:15:22.356		0.82569			4
2025.03.04	02:15:23.232	0.82567				2
2025.03.04	02:15:27.804	0.82568				2
2025.03.04	02:15:29.826	0.82569	0.82570			6
2025.03.04	02:15:36.358	0.82568	0.82569			6
2025.03.04	02:15:36.667	0.82569	0.82570			6
2025.03.04	02:15:42.591	0.82568	0.82569			6
2025.03.04	02:15:44.720	0.82569	0.82570			6
2025.03.04	02:15:47.049	0.82568	0.82569			6
2025.03.04	02:15:47.947	0.82569	0.82570			6
2025.03.04	02:15:49.517	0.82568	0.82569			6
2025.03.04	02:15:57.745	0.82567	0.82568			6
2025.03.04	02:15:58.295	0.82568	0.82569			6
2025.03.04	02:16:00.240	0.82568				2
2025.03.04	02:16:02.267	0.82569	0.82570			6
2025.03.04	02:16:06.453	0.82568	0.82569			6
2025.03.04	02:16:06.768	0.82567				2
2025.03.04	02:16:07.335	0.82568				2
2025.03.04	02:16:09.842	0.82567	0.82568			6
2025.03.04	02:16:10.650	0.82568	0.82569			6
2025.03.04	02:16:12.388	0.82569	0.82570			6
2025.03.04	02:16:14.752	0.82568	0.82569			6
2025.03.04	02:16:19.370	0.82569	0.82570			6
2025.03.04	02:16:19.687	0.82570	0.82571			6
2025.03.04	02:16:22.388	0.82569	0.82570			6
2025.03.04	02:16:22.707	0.82568	0.82569			6
2025.03.04	02:16:24.965	0.82569	0.82570			6
2025.03.04	02:16:31.772	0.82568	0.82569			6
2025.03.04	02:16:33.015	0.82569	0.82570			6
2025.03.04	02:16:35.849	0.82568	0.82569			6
2025.03.04	02:16:36.154	0.82570	0.82571			6
2025.03.04	02:16:37.902	0.82569	0.82570			6
2025.03.04	02:16:52.484	0.82568	0.82569			6
2025.03.04	02:16:52.924	0.82567	0.82568			6
2025.03.04	02:17:01.548	0.82569	0.82570			6
2025.03.04	02:17:07.185	0.82570	0.82571			6
2025.03.04	02:17:11.527	0.82569	0.82570			6
2025.03.04	02:17:16.454	0.82570	0.82571			6
2025.03.04	02:17:16.759	0.82569	0.82570			6
2025.03.04	02:17:18.816	0.82571	0.82572			6
2025.03.04	02:17:19.646	0.82572	0.82573			6
2025.03.04	02:17:20.252	0.82571	0.82572			6
2025.03.04	02:17:20.963	0.82573	0.82574			6
2025.03.04	02:17:21.299	0.82572	0.82573			6
2025.03.04	02:17:22.411	0.82573	0.82574			6
2025.03.04	02:17:24.572	0.82570	0.82571			6
2025.03.04	02:17:29.152	0.82571	0.82572			6
2025.03.04	02:17:32.463	0.82572	0.82573			6
2025.03.04	02:17:33.580	0.82573	0.82574			6
2025.03.04	02:17:34.702	0.82572	0.82573			6
2025.03.04	02:17:41.859	0.82573	0.82574			6
2025.03.04	02:17:42.999	0.82572	0.82573			6
2025.03.04	02:17:49.834	0.82573	0.82574			6
2025.03.04	02:17:50.526	0.82574	0.82575			6
2025.03.04	02:17:53.366	0.82575	0.82576			6
2025.03.04	02:17:54.660	0.82576	0.82577			6
2025.03.04	02:18:00.241	0.82576				2
2025.03.04	02:18:01.633	0.82573	0.82574			6
2025.03.04	02:18:02.728	0.82574	0.82575			6
2025.03.04	02:18:03.792	0.82573	0.82574			6
2025.03.04	02:18:04.122	0.82574	0.82575			6
2025.03.04	02:18:05.377	0.82573	0.82574			6
2025.03.04	02:18:06.313	0.82572	0.82573			6
2025.03.04	02:18:17.620	0.82573	0.82574			6
2025.03.04	02:18:21.398	0.82574	0.82575			6
2025.03.04	02:18:28.287	0.82573	0.82574			6
2025.03.04	02:18:34.141	0.82574	0.82575			6
2025.03.04	02:18:36.055	0.82573	0.82574			6
2025.03.04	02:18:47.215	0.82572	0.82573			6
2025.03.04	02:18:49.576	0.82571	0.82572			6
2025.03.04	02:18:50.205	0.82570	0.82571			6
2025.03.04	02:18:53.088	0.82569	0.82570			6
2025.03.04	02:18:53.953	0.82570	0.82571			6
2025.03.04	02:18:55.620	0.82569	0.82570			6
2025.03.04	02:18:55.925	0.82570	0.82571			6
2025.03.04	02:18:58.451	0.82569	0.82570			6
2025.03.04	02:19:00.399	0.82569				2
2025.03.04	02:19:01.850	0.82570	0.82571			6
2025.03.04	02:19:02.472	0.82569	0.82570			6
2025.03.04	02:19:02.787	0.82568	0.82569			6
2025.03.04	02:19:09.125	0.82569	0.82570			6
2025.03.04	02:19:09.818	0.82568	0.82569			6
2025.03.04	02:19:10.330	0.82569	0.82570			6
2025.03.04	02:19:20.618	0.82568	0.82569			6
2025.03.04	02:19:25.386	0.82569	0.82570			6
2025.03.04	02:19:25.703	0.82568	0.82569			6
2025.03.04	02:19:30.057	0.82569	0.82570			6
2025.03.04	02:19:39.476	0.82570	0.82571			6
2025.03.04	02:19:51.284	0.82566	0.82567			6
2025.03.04	02:19:52.541	0.82567	0.82568			6
2025.03.04	02:19:53.017	0.82566	0.82567			6
2025.03.04	02:19:54.157	0.82567	0.82568			6
2025.03.04	02:19:54.813	0.82566	0.82567			6
2025.03.04	02:19:56.411	0.82565	0.82566			6
2025.03.04	02:19:57.066	0.82566	0.82567			6
2025.03.04	02:19:57.726	0.82567	0.82568			6
2025.03.04	02:19:58.348	0.82566	0.82567			6
2025.03.04	02:19:58.787	0.82567	0.82568			6
2025.03.04	02:20:00.252	0.82567				2
2025.03.04	02:20:01.164	0.82568	0.82569			6
2025.03.04	02:20:02.736	0.82572	0.82573			6
2025.03.04	02:20:11.418	0.82573	0.82574			6
2025.03.04	02:20:21.147	0.82574	0.82575			6
2025.03.04	02:20:24.559	0.82575	0.82576			6
2025.03.04	02:20:28.422	0.82574	0.82575			6
2025.03.04	02:20:29.895	0.82575	0.82576			6
2025.03.04	02:20:30.373	0.82576	0.82577			6
2025.03.04	02:20:31.033	0.82575	0.82576			6
2025.03.04	02:20:33.898	0.82576	0.82577			6
2025.03.04	02:20:36.669	0.82577	0.82578			6
2025.03.04	02:20:37.030	0.82575	0.82576			6
2025.03.04	02:20:40.025	0.82576	0.82577			6
2025.03.04	02:20:40.665	0.82575	0.82576			6
2025.03.04	02:20:41.316	0.82574	0.82575			6
2025.03.04	02:20:41.946	0.82575	0.82576			6
2025.03.04	02:20:50.736	0.82576	0.82577			6
2025.03.04	02:20:51.135	0.82575	0.82576			6
2025.03.04	02:20:52.776	0.82577	0.82578			6
2025.03.04	02:20:53.078	0.82575	0.82576			6
2025.03.04	02:20:55.115	0.82574	0.82575			6
2025.03.04	02:20:55.893	0.82573	0.82574			6
2025.03.04	02:20:56.350	0.82574	0.82575			6
2025.03.04	02:21:00.173	0.82574				2
2025.03.04	02:21:01.135	0.82572	0.82573			6
2025.03.04	02:21:01.945	0.82573	0.82574			6
2025.03.04	02:21:05.382	0.82571	0.82572			6
2025.03.04	02:21:08.412	0.82570	0.82571			6
2025.03.04	02:21:15.068	0.82568	0.82569			6
2025.03.04	02:21:15.386	0.82569	0.82570			6
2025.03.04	02:21:21.331	0.82570	0.82571			6
2025.03.04	02:21:25.232	0.82569	0.82570			6
2025.03.04	02:21:25.587	0.82570	0.82571			6
2025.03.04	02:21:26.911	0.82569	0.82570			6
2025.03.04	02:21:27.554	0.82572	0.82573			6
2025.03.04	02:21:32.766	0.82573	0.82574			6
2025.03.04	02:21:35.569	0.82572	0.82573			6
2025.03.04	02:21:36.745	0.82573	0.82574			6
2025.03.04	02:21:42.695	0.82574	0.82575			6
2025.03.04	02:21:43.689	0.82575	0.82576			6
2025.03.04	02:21:49.066	0.82573	0.82574			6
2025.03.04	02:21:49.383	0.82574	0.82575			6
2025.03.04	02:21:50.892	0.82573	0.82574			6
2025.03.04	02:21:57.698	0.82574	0.82575			6
2025.03.04	02:21:58.999	0.82573	0.82574			6
2025.03.04	02:21:59.773	0.82571	0.82572			6
2025.03.04	02:22:00.102	0.82569	0.82570			6
2025.03.04	02:22:00.754	0.82570	0.82571			6
2025.03.04	02:22:01.647	0.82572	0.82573			6
2025.03.04	02:22:02.864	0.82573	0.82574			6
