<DATE>	<TIME>	<BID>	<ASK>	<LAST>	<VOLUME>	<FLAGS>
2025.04.01	00:03:30.418	0.83634	0.83776			6
2025.04.01	00:03:53.456	0.83678	0.83760			6
2025.04.01	00:03:54.915	0.83680	0.83764			6
2025.04.01	00:04:14.915	0.83680				2
2025.04.01	00:04:29.980		0.83782			4
2025.04.01	00:04:31.195	0.83705				2
2025.04.01	00:04:49.468	0.83695				2
2025.04.01	00:05:06.000	0.83695				2
2025.04.01	00:05:06.308	0.83704				2
2025.04.01	00:05:29.992		0.83779			4
2025.04.01	00:06:01.306	0.83706				2
2025.04.01	00:06:30.617		0.83779			4
2025.04.01	00:07:00.372	0.83706				2
2025.04.01	00:07:50.315		0.83779			4
2025.04.01	00:08:00.472	0.83706				2
2025.04.01	00:08:50.640		0.83779			4
2025.04.01	00:09:07.486	0.83706				2
2025.04.01	00:09:52.303	0.83707	0.83779			6
2025.04.01	00:09:57.466	0.83706				2
2025.04.01	00:10:00.354	0.83729				2
2025.04.01	00:10:01.181	0.83728				2
2025.04.01	00:10:07.962	0.83727				2
2025.04.01	00:10:08.508	0.83728				2
2025.04.01	00:10:11.223	0.83718	0.83787			6
2025.04.01	00:10:14.288	0.83720	0.83788			6
2025.04.01	00:10:19.441	0.83718	0.83787			6
2025.04.01	00:10:20.655	0.83719				2
2025.04.01	00:10:24.905	0.83718				2
2025.04.01	00:11:00.085	0.83718				2
2025.04.01	00:11:11.005		0.83788			4
2025.04.01	00:11:13.434		0.83787			4
2025.04.01	00:11:17.678	0.83721	0.83780			6
2025.04.01	00:11:18.768	0.83726	0.83779			6
2025.04.01	00:11:19.836	0.83718	0.83787			6
2025.04.01	00:11:20.453	0.83726	0.83779			6
2025.04.01	00:11:26.615	0.83718	0.83787			6
2025.04.01	00:11:27.524	0.83726	0.83779			6
2025.04.01	00:11:33.480	0.83718	0.83787			6
2025.04.01	00:11:34.088	0.83726	0.83779			6
2025.04.01	00:11:36.741	0.83728				2
2025.04.01	00:11:40.152	0.83720	0.83789			6
2025.04.01	00:11:40.760	0.83728	0.83779			6
2025.04.01	00:11:46.858	0.83720	0.83789			6
2025.04.01	00:11:47.476	0.83728	0.83779			6
2025.04.01	00:12:00.949	0.83728				2
2025.04.01	00:12:15.540	0.83730	0.83787			6
2025.04.01	00:12:32.882	0.83728				2
2025.04.01	00:12:40.482	0.83729				2
2025.04.01	00:12:46.592	0.83728				2
2025.04.01	00:12:47.732	0.83727				2
2025.04.01	00:12:49.009	0.83728				2
2025.04.01	00:12:51.631	0.83729				2
2025.04.01	00:13:00.616	0.83728				2
2025.04.01	00:13:15.643		0.83787			4
2025.04.01	00:13:52.135	0.83729				2
2025.04.01	00:14:00.627	0.83729				2
2025.04.01	00:14:19.535		0.83787			4
2025.04.01	00:14:23.524	0.83723				2
2025.04.01	00:14:46.592	0.83718				2
2025.04.01	00:14:56.432	0.83719				2
2025.04.01	00:15:00.308	0.83719				2
2025.04.01	00:15:10.891	0.83713	0.83775			6
2025.04.01	00:15:15.344	0.83714				2
2025.04.01	00:15:26.369	0.83711				2
2025.04.01	00:15:27.398	0.83710				2
2025.04.01	00:15:40.911	0.83712				2
2025.04.01	00:15:54.045	0.83704	0.83765			6
2025.04.01	00:16:00.614	0.83704				2
2025.04.01	00:16:06.751	0.83711				2
2025.04.01	00:16:10.531	0.83712				2
2025.04.01	00:16:38.733	0.83713				2
2025.04.01	00:16:42.331	0.83722	0.83768			6
2025.04.01	00:17:00.972	0.83722				2
2025.04.01	00:17:12.631	0.83721				2
2025.04.01	00:17:42.338		0.83768			4
2025.04.01	00:17:48.310	0.83719				2
2025.04.01	00:17:50.740	0.83718				2
2025.04.01	00:18:00.022	0.83718				2
2025.04.01	00:18:15.907	0.83714	0.83774			6
2025.04.01	00:18:18.932	0.83715				2
2025.04.01	00:18:25.146	0.83714				2
2025.04.01	00:18:29.157	0.83717				2
2025.04.01	00:18:30.618	0.83723				2
2025.04.01	00:18:34.350	0.83724				2
2025.04.01	00:19:00.622	0.83724				2
2025.04.01	00:19:01.067	0.83727				2
2025.04.01	00:19:10.842	0.83729	0.83787			6
2025.04.01	00:19:20.353	0.83727				2
2025.04.01	00:19:20.698	0.83728				2
2025.04.01	00:19:21.865	0.83725				2
2025.04.01	00:20:00.637	0.83725				2
2025.04.01	00:20:11.058		0.83787			4
2025.04.01	00:20:15.334	0.83724				2
2025.04.01	00:21:00.163	0.83724				2
2025.04.01	00:21:14.131		0.83787			4
2025.04.01	00:22:00.937	0.83724				2
2025.04.01	00:22:31.235		0.83787			4
2025.04.01	00:23:00.628	0.83724				2
2025.04.01	00:23:33.945		0.83787			4
2025.04.01	00:23:55.835	0.83723				2
2025.04.01	00:24:00.634	0.83723				2
2025.04.01	00:24:39.283		0.83787			4
2025.04.01	00:25:00.312	0.83723				2
2025.04.01	00:25:18.117	0.83720	0.83765			6
2025.04.01	00:25:21.690	0.83724				2
2025.04.01	00:26:00.616	0.83724				2
2025.04.01	00:26:08.136	0.83725				2
2025.04.01	00:26:20.624		0.83765			4
2025.04.01	00:26:24.931	0.83722				2
2025.04.01	00:26:30.313	0.83714	0.83798			6
2025.04.01	00:26:30.642	0.83713	0.83796			6
2025.04.01	00:26:31.615	0.83712				2
2025.04.01	00:26:32.733	0.83713				2
2025.04.01	00:26:35.609	0.83714	0.83795			6
2025.04.01	00:26:37.232	0.83715				2
2025.04.01	00:26:52.608		0.83798			4
2025.04.01	00:26:53.732	0.83717	0.83783			6
2025.04.01	00:27:00.428	0.83717				2
2025.04.01	00:27:23.441	0.83718				2
2025.04.01	00:27:27.036	0.83717				2
2025.04.01	00:27:33.035	0.83718				2
2025.04.01	00:27:43.854	0.83716	0.83790			6
2025.04.01	00:27:45.993	0.83718	0.83783			6
2025.04.01	00:28:00.364	0.83718				2
2025.04.01	00:28:02.672	0.83719	0.83790			6
2025.04.01	00:28:10.392	0.83720	0.83797			6
2025.04.01	00:28:38.335		0.83774			4
2025.04.01	00:28:53.936	0.83721				2
2025.04.01	00:29:00.315	0.83721				2
2025.04.01	00:29:08.399	0.83720				2
2025.04.01	00:29:38.339		0.83774			4
2025.04.01	00:30:00.377	0.83716				2
2025.04.01	00:30:15.331	0.83717				2
2025.04.01	00:30:36.565	0.83714				2
2025.04.01	00:30:38.403	0.83715	0.83774			6
2025.04.01	00:30:48.990	0.83716	0.83767			6
2025.04.01	00:30:49.680	0.83714				2
2025.04.01	00:30:53.304	0.83712				2
2025.04.01	00:30:59.771		0.83763			4
2025.04.01	00:31:00.367	0.83712				2
2025.04.01	00:32:00.379	0.83712	0.83763			6
2025.04.01	00:33:00.620	0.83712	0.83763			6
2025.04.01	00:33:06.346	0.83711				2
2025.04.01	00:33:15.885	0.83716				2
2025.04.01	00:33:18.390	0.83712				2
2025.04.01	00:33:39.232	0.83716				2
2025.04.01	00:33:40.373	0.83714				2
2025.04.01	00:33:40.881	0.83713				2
2025.04.01	00:34:00.616	0.83713				2
2025.04.01	00:34:06.359		0.83763			4
2025.04.01	00:34:09.280	0.83715				2
2025.04.01	00:34:38.335	0.83717				2
2025.04.01	00:34:43.286	0.83722	0.83784			6
2025.04.01	00:34:43.676	0.83721				2
2025.04.01	00:34:44.673	0.83720				2
2025.04.01	00:34:51.533	0.83722				2
2025.04.01	00:34:58.277		0.83778			4
2025.04.01	00:35:00.367	0.83722				2
2025.04.01	00:35:08.854		0.83773			4
2025.04.01	00:35:13.489	0.83723				2
2025.04.01	00:35:13.831	0.83724				2
2025.04.01	00:35:14.429	0.83726				2
2025.04.01	00:35:17.107	0.83728				2
2025.04.01	00:35:36.366	0.83727				2
2025.04.01	00:35:55.415	0.83725				2
2025.04.01	00:36:00.335	0.83725				2
2025.04.01	00:36:09.566		0.83773			4
2025.04.01	00:36:22.428	0.83722				2
2025.04.01	00:37:00.244	0.83722				2
2025.04.01	00:37:12.370		0.83773			4
2025.04.01	00:37:15.423	0.83725				2
2025.04.01	00:37:23.235	0.83723				2
2025.04.01	00:37:33.472	0.83722				2
2025.04.01	00:37:36.737	0.83723				2
2025.04.01	00:37:37.325	0.83722				2
2025.04.01	00:37:42.911		0.83769			4
2025.04.01	00:37:43.321	0.83721				2
2025.04.01	00:38:00.319	0.83721				2
2025.04.01	00:38:42.923		0.83769			4
2025.04.01	00:39:00.620	0.83721				2
2025.04.01	00:39:05.870	0.83720				2
2025.04.01	00:39:08.131	0.83721				2
2025.04.01	00:39:15.460	0.83722				2
2025.04.01	00:39:34.832	0.83723				2
2025.04.01	00:39:49.381		0.83769			4
2025.04.01	00:40:00.306	0.83723				2
2025.04.01	00:40:50.628		0.83769			4
2025.04.01	00:41:00.613	0.83723				2
2025.04.01	00:41:01.381	0.83729				2
2025.04.01	00:41:29.592	0.83728				2
2025.04.01	00:41:30.374	0.83724				2
2025.04.01	00:41:33.397	0.83723				2
2025.04.01	00:41:51.031		0.83769			4
2025.04.01	00:42:00.617	0.83723				2
2025.04.01	00:42:19.063	0.83724				2
2025.04.01	00:42:29.824	0.83723				2
2025.04.01	00:42:47.444	0.83724				2
2025.04.01	00:42:59.455		0.83769			4
2025.04.01	00:43:00.210	0.83724				2
2025.04.01	00:43:05.684	0.83723				2
2025.04.01	00:43:06.350	0.83724				2
2025.04.01	00:43:09.425	0.83730				2
2025.04.01	00:44:02.214	0.83729	0.83769			6
2025.04.01	00:44:35.011	0.83728				2
2025.04.01	00:44:45.830	0.83726	0.83793			6
2025.04.01	00:44:46.746	0.83725				2
2025.04.01	00:44:50.131	0.83724				2
2025.04.01	00:44:53.640	0.83725				2
2025.04.01	00:45:00.424	0.83726				2
2025.04.01	00:45:00.724	0.83725				2
2025.04.01	00:45:02.110	0.83721	0.83781			6
2025.04.01	00:45:04.272	0.83725	0.83793			6
2025.04.01	00:45:09.613	0.83737	0.83781			6
2025.04.01	00:45:29.144		0.83785			4
2025.04.01	00:45:30.382	0.83738				2
2025.04.01	00:45:30.902	0.83736				2
2025.04.01	00:45:40.831	0.83738				2
2025.04.01	00:45:41.984	0.83740				2
2025.04.01	00:45:42.435	0.83736				2
2025.04.01	00:45:56.441	0.83738				2
2025.04.01	00:46:00.616	0.83738				2
2025.04.01	00:46:02.233	0.83737				2
2025.04.01	00:46:14.436	0.83740				2
2025.04.01	00:46:30.315		0.83785			4
2025.04.01	00:47:00.608	0.83740				2
2025.04.01	00:47:02.095	0.83737	0.83774			6
2025.04.01	00:47:04.246	0.83740	0.83794			6
2025.04.01	00:47:41.464		0.83802			4
2025.04.01	00:48:00.616	0.83740				2
2025.04.01	00:48:20.542	0.83713				2
2025.04.01	00:48:45.403		0.83802			4
2025.04.01	00:49:01.831	0.83713				2
2025.04.01	00:49:26.806	0.83739				2
2025.04.01	00:49:41.737		0.83809			4
2025.04.01	00:49:45.749		0.83781			4
2025.04.01	00:49:52.402	0.83740				2
2025.04.01	00:50:02.376	0.83740				2
2025.04.01	00:50:54.419		0.83781			4
2025.04.01	00:50:59.438	0.83738				2
2025.04.01	00:51:00.170	0.83738				2
2025.04.01	00:51:36.277	0.83737				2
2025.04.01	00:51:41.581	0.83738				2
2025.04.01	00:51:46.088		0.83790			4
2025.04.01	00:52:07.434	0.83738				2
2025.04.01	00:52:17.432	0.83739				2
2025.04.01	00:52:26.393	0.83738				2
2025.04.01	00:52:34.416	0.83740				2
2025.04.01	00:52:40.423	0.83741				2
2025.04.01	00:52:46.477	0.83738	0.83790			6
2025.04.01	00:52:54.934		0.83799			4
2025.04.01	00:53:07.428	0.83738				2
2025.04.01	00:53:20.619		0.83783			4
2025.04.01	00:53:33.830	0.83741				2
2025.04.01	00:53:34.210	0.83740				2
2025.04.01	00:53:34.606	0.83739				2
2025.04.01	00:53:37.033	0.83741				2
2025.04.01	00:53:38.045	0.83738				2
2025.04.01	00:53:44.070	0.83740				2
2025.04.01	00:53:49.882	0.83739				2
2025.04.01	00:54:02.643	0.83739				2
2025.04.01	00:54:06.303		0.83780			4
2025.04.01	00:54:11.918	0.83741	0.83779			6
2025.04.01	00:54:20.691		0.83782			4
2025.04.01	00:54:25.419	0.83744	0.83784			6
2025.04.01	00:54:27.631	0.83745				2
2025.04.01	00:54:32.731	0.83744	0.83785			6
2025.04.01	00:54:35.332	0.83743	0.83782			6
2025.04.01	00:54:36.308	0.83741	0.83773			6
2025.04.01	00:54:48.279	0.83739	0.83780			6
2025.04.01	00:54:48.975	0.83747				2
2025.04.01	00:54:51.548	0.83746				2
2025.04.01	00:54:53.348	0.83736				2
2025.04.01	00:55:00.620	0.83736				2
2025.04.01	00:55:24.747	0.83737				2
2025.04.01	00:55:27.781	0.83736				2
2025.04.01	00:55:30.028	0.83737				2
2025.04.01	00:55:32.070	0.83748				2
2025.04.01	00:55:32.576	0.83750				2
2025.04.01	00:55:36.527	0.83747				2
2025.04.01	00:55:39.668	0.83746				2
2025.04.01	00:55:42.354	0.83745				2
2025.04.01	00:55:45.833		0.83777			4
2025.04.01	00:55:49.232	0.83746				2
2025.04.01	00:55:56.009	0.83745				2
2025.04.01	00:55:57.632	0.83746				2
2025.04.01	00:56:00.614	0.83746				2
2025.04.01	00:56:18.336	0.83745				2
2025.04.01	00:56:22.332	0.83746				2
2025.04.01	00:56:26.733	0.83745				2
2025.04.01	00:56:37.848	0.83743				2
2025.04.01	00:56:38.475	0.83744				2
2025.04.01	00:56:38.832	0.83743				2
2025.04.01	00:56:40.617	0.83744				2
2025.04.01	00:56:40.957	0.83745				2
2025.04.01	00:56:44.579	0.83744				2
2025.04.01	00:56:45.144	0.83745				2
2025.04.01	00:56:45.834		0.83776			4
2025.04.01	00:56:49.407	0.83743				2
2025.04.01	00:56:53.733	0.83744				2
2025.04.01	00:56:56.394	0.83742				2
2025.04.01	00:56:58.027	0.83743				2
2025.04.01	00:56:58.533	0.83742				2
2025.04.01	00:57:00.406	0.83741				2
2025.04.01	00:57:02.327	0.83742				2
2025.04.01	00:57:06.588	0.83740				2
2025.04.01	00:57:10.914	0.83742				2
2025.04.01	00:57:15.211	0.83740				2
2025.04.01	00:57:19.112	0.83741				2
2025.04.01	00:57:19.505	0.83743				2
2025.04.01	00:57:23.808	0.83742				2
2025.04.01	00:57:28.108	0.83743				2
2025.04.01	00:57:32.387	0.83742				2
2025.04.01	00:57:36.685	0.83743				2
2025.04.01	00:57:40.982	0.83742				2
2025.04.01	00:57:45.274	0.83743				2
2025.04.01	00:57:45.860		0.83776			4
2025.04.01	00:57:48.425	0.83747	0.83770			6
2025.04.01	00:57:48.732	0.83748				2
2025.04.01	00:57:49.569	0.83747	0.83766			6
2025.04.01	00:57:51.589	0.83746				2
2025.04.01	00:57:53.863	0.83747				2
2025.04.01	00:57:58.159	0.83748	0.83770			6
2025.04.01	00:57:59.232	0.83740				2
2025.04.01	00:58:00.363	0.83740				2
2025.04.01	00:58:00.895	0.83739				2
2025.04.01	00:58:02.453	0.83737	0.83762			6
2025.04.01	00:58:04.934	0.83739	0.83766			6
2025.04.01	00:58:06.749	0.83737	0.83762			6
2025.04.01	00:58:11.042	0.83740	0.83766			6
2025.04.01	00:58:15.214	0.83737				2
2025.04.01	00:58:19.406	0.83738				2
2025.04.01	00:58:22.392	0.83736				2
2025.04.01	00:58:23.935	0.83739				2
2025.04.01	00:58:24.409	0.83741				2
2025.04.01	00:58:29.379	0.83744	0.83770			6
2025.04.01	00:58:39.258	0.83742				2
2025.04.01	00:58:40.032	0.83744				2
2025.04.01	00:58:40.417	0.83746				2
2025.04.01	00:58:42.067	0.83745				2
2025.04.01	00:58:44.267	0.83741				2
2025.04.01	00:58:44.587	0.83744	0.83774			6
2025.04.01	00:58:45.320	0.83748				2
2025.04.01	00:58:46.786	0.83747				2
2025.04.01	00:58:47.135	0.83744				2
2025.04.01	00:58:52.483	0.83746				2
2025.04.01	00:58:54.447	0.83743				2
2025.04.01	00:58:57.632	0.83742				2
2025.04.01	00:58:58.263	0.83741	0.83768			6
2025.04.01	00:59:00.305	0.83741				2
2025.04.01	00:59:08.027	0.83738				2
2025.04.01	00:59:12.086	0.83739				2
2025.04.01	00:59:12.476	0.83723	0.83759			6
2025.04.01	00:59:13.523	0.83724	0.83758			6
2025.04.01	00:59:25.102	0.83705	0.83739			6
2025.04.01	00:59:25.407	0.83706				2
2025.04.01	00:59:27.330	0.83707				2
2025.04.01	00:59:29.626	0.83706				2
2025.04.01	00:59:30.764	0.83707				2
2025.04.01	00:59:33.205	0.83711	0.83750			6
2025.04.01	00:59:33.885	0.83710				2
2025.04.01	00:59:35.805	0.83713				2
2025.04.01	00:59:36.719	0.83711	0.83759			6
2025.04.01	00:59:40.503	0.83710				2
2025.04.01	00:59:43.977	0.83735				2
2025.04.01	00:59:44.306	0.83737				2
2025.04.01	00:59:45.600	0.83733				2
2025.04.01	00:59:46.501	0.83738				2
2025.04.01	00:59:46.808	0.83733				2
2025.04.01	00:59:47.120	0.83732				2
2025.04.01	00:59:48.509	0.83734				2
2025.04.01	00:59:50.731	0.83735				2
2025.04.01	01:00:00.312	0.83735				2
2025.04.01	01:00:00.615	0.83733				2
2025.04.01	01:00:01.013	0.83728				2
2025.04.01	01:00:01.322	0.83731				2
2025.04.01	01:00:01.639	0.83728				2
2025.04.01	01:00:02.378	0.83740	0.83782			6
2025.04.01	01:00:04.505	0.83737	0.83779			6
2025.04.01	01:00:04.808	0.83726	0.83767			6
2025.04.01	01:00:05.436	0.83723	0.83765			6
2025.04.01	01:00:07.957	0.83735				2
2025.04.01	01:00:08.292	0.83726				2
2025.04.01	01:00:10.686	0.83733	0.83769			6
2025.04.01	01:00:10.997	0.83732	0.83768			6
2025.04.01	01:00:11.307	0.83729	0.83766			6
2025.04.01	01:00:13.833	0.83730	0.83765			6
2025.04.01	01:00:15.427	0.83729	0.83766			6
2025.04.01	01:00:15.732	0.83734	0.83761			6
2025.04.01	01:00:16.047	0.83732				2
2025.04.01	01:00:16.392	0.83731	0.83760			6
2025.04.01	01:00:17.464	0.83732				2
2025.04.01	01:00:17.767	0.83735	0.83761			6
2025.04.01	01:00:18.845		0.83760			4
2025.04.01	01:00:19.944	0.83737	0.83758			6
2025.04.01	01:00:20.296	0.83738	0.83757			6
2025.04.01	01:00:20.603	0.83737				2
2025.04.01	01:00:20.906	0.83740	0.83756			6
2025.04.01	01:00:21.530	0.83742				2
2025.04.01	01:00:21.852	0.83741				2
2025.04.01	01:00:22.496	0.83736	0.83751			6
2025.04.01	01:00:22.820	0.83737	0.83752			6
2025.04.01	01:00:23.197	0.83736	0.83751			6
2025.04.01	01:00:23.767	0.83735				2
2025.04.01	01:00:24.409	0.83736				2
2025.04.01	01:00:26.225		0.83749			4
2025.04.01	01:00:26.537	0.83735				2
2025.04.01	01:00:26.837	0.83736				2
2025.04.01	01:00:27.229	0.83735				2
2025.04.01	01:00:28.098		0.83748			4
2025.04.01	01:00:30.871	0.83736				2
2025.04.01	01:00:31.208	0.83735				2
2025.04.01	01:00:33.056	0.83737				2
2025.04.01	01:00:33.375	0.83736				2
2025.04.01	01:00:36.334	0.83735				2
2025.04.01	01:00:36.645		0.83749			4
2025.04.01	01:00:37.003	0.83734				2
2025.04.01	01:00:37.508		0.83746			4
2025.04.01	01:00:37.831		0.83749			4
2025.04.01	01:00:38.394	0.83737	0.83750			6
2025.04.01	01:00:38.706	0.83738	0.83752			6
2025.04.01	01:00:39.049	0.83737	0.83750			6
2025.04.01	01:00:39.919	0.83736	0.83751			6
2025.04.01	01:00:40.586		0.83752			4
2025.04.01	01:00:41.125	0.83737				2
2025.04.01	01:00:41.555	0.83736				2
2025.04.01	01:00:43.309	0.83737				2
2025.04.01	01:00:44.507	0.83739	0.83751			6
2025.04.01	01:00:46.844	0.83740				2
2025.04.01	01:00:49.183	0.83741				2
2025.04.01	01:00:49.488	0.83740				2
2025.04.01	01:00:50.931	0.83741	0.83752			6
2025.04.01	01:00:53.068	0.83740				2
2025.04.01	01:00:59.381	0.83742	0.83757			6
2025.04.01	01:01:00.322	0.83742	0.83756			6
2025.04.01	01:01:01.523	0.83741				2
2025.04.01	01:01:02.600		0.83754			4
2025.04.01	01:01:03.395	0.83740	0.83749			6
2025.04.01	01:01:06.186	0.83739				2
2025.04.01	01:01:07.299	0.83740				2
2025.04.01	01:01:09.032		0.83752			4
2025.04.01	01:01:12.392	0.83742	0.83753			6
2025.04.01	01:01:12.706	0.83740	0.83752			6
2025.04.01	01:01:13.081	0.83742				2
2025.04.01	01:01:14.135	0.83740				2
2025.04.01	01:01:20.000	0.83738	0.83746			6
2025.04.01	01:01:20.329	0.83736				2
2025.04.01	01:01:21.391	0.83735				2
2025.04.01	01:01:26.086	0.83732	0.83744			6
2025.04.01	01:01:26.432	0.83735				2
2025.04.01	01:01:26.746		0.83745			4
2025.04.01	01:01:27.341	0.83732	0.83743			6
2025.04.01	01:01:27.646	0.83728	0.83741			6
2025.04.01	01:01:28.256	0.83729				2
2025.04.01	01:01:31.824	0.83730	0.83742			6
2025.04.01	01:01:32.973	0.83729	0.83740			6
2025.04.01	01:01:34.346	0.83731				2
2025.04.01	01:01:38.847	0.83729	0.83738			6
2025.04.01	01:01:39.384	0.83725	0.83736			6
2025.04.01	01:01:40.164	0.83724				2
2025.04.01	01:01:40.529		0.83737			4
2025.04.01	01:01:42.558	0.83726	0.83739			6
2025.04.01	01:01:44.137		0.83738			4
2025.04.01	01:01:48.417	0.83735	0.83745			6
2025.04.01	01:01:57.929	0.83733				2
2025.04.01	01:02:00.318	0.83731	0.83742			6
2025.04.01	01:02:00.866		0.83743			4
2025.04.01	01:02:01.354	0.83729	0.83741			6
2025.04.01	01:02:05.420		0.83740			4
2025.04.01	01:02:12.520	0.83731				2
2025.04.01	01:02:14.524	0.83730	0.83739			6
2025.04.01	01:02:19.767	0.83729				2
2025.04.01	01:02:22.664	0.83730				2
2025.04.01	01:02:28.741	0.83731				2
2025.04.01	01:03:00.447	0.83731				2
2025.04.01	01:03:12.349	0.83727	0.83736			6
2025.04.01	01:03:17.147	0.83726				2
2025.04.01	01:03:18.331		0.83735			4
2025.04.01	01:03:41.391	0.83729	0.83737			6
2025.04.01	01:04:01.960	0.83729				2
2025.04.01	01:04:07.482	0.83728				2
2025.04.01	01:04:45.037		0.83737			4
2025.04.01	01:05:02.712	0.83728	0.83734			6
2025.04.01	01:05:06.040	0.83726				2
2025.04.01	01:05:08.977	0.83728				2
2025.04.01	01:05:14.273	0.83730	0.83735			6
2025.04.01	01:05:14.760	0.83728	0.83733			6
2025.04.01	01:05:16.136		0.83734			4
2025.04.01	01:05:35.643	0.83726				2
2025.04.01	01:05:40.175	0.83727				2
2025.04.01	01:05:41.176	0.83728				2
2025.04.01	01:05:41.479		0.83736			4
2025.04.01	01:05:56.407		0.83734			4
2025.04.01	01:06:00.211	0.83728				2
2025.04.01	01:06:06.894		0.83733			4
2025.04.01	01:06:10.133	0.83725	0.83735			6
2025.04.01	01:06:10.483	0.83724	0.83734			6
2025.04.01	01:06:11.016	0.83725	0.83735			6
2025.04.01	01:06:11.796	0.83724	0.83734			6
2025.04.01	01:06:16.073	0.83725	0.83733			6
2025.04.01	01:06:16.432		0.83732			4
2025.04.01	01:06:27.783		0.83733			4
2025.04.01	01:06:33.062		0.83732			4
2025.04.01	01:06:50.505		0.83734			4
2025.04.01	01:06:50.871		0.83733			4
2025.04.01	01:06:54.333		0.83732			4
2025.04.01	01:06:58.408	0.83724				2
2025.04.01	01:06:59.436		0.83731			4
2025.04.01	01:07:00.445	0.83725	0.83732			6
2025.04.01	01:07:02.115		0.83731			4
2025.04.01	01:07:47.957	0.83726	0.83732			6
2025.04.01	01:07:50.437	0.83727				2
2025.04.01	01:07:55.919		0.83731			4
2025.04.01	01:08:00.417	0.83727	0.83733			6
2025.04.01	01:08:08.455	0.83725	0.83734			6
2025.04.01	01:08:11.519	0.83726				2
2025.04.01	01:08:14.438		0.83733			4
2025.04.01	01:08:21.057	0.83725	0.83732			6
2025.04.01	01:08:26.652	0.83724				2
2025.04.01	01:08:27.020	0.83723				2
2025.04.01	01:08:27.336		0.83731			4
2025.04.01	01:08:27.645	0.83722	0.83730			6
2025.04.01	01:08:31.832		0.83729			4
2025.04.01	01:08:32.361	0.83728	0.83733			6
2025.04.01	01:08:32.861	0.83726				2
2025.04.01	01:08:36.362	0.83729	0.83737			6
2025.04.01	01:08:38.360	0.83726	0.83734			6
2025.04.01	01:08:40.531	0.83725				2
2025.04.01	01:08:42.564	0.83726				2
2025.04.01	01:09:00.245	0.83726				2
2025.04.01	01:09:02.433	0.83729	0.83737			6
2025.04.01	01:09:02.749	0.83730				2
2025.04.01	01:09:04.815	0.83726	0.83735			6
2025.04.01	01:09:13.273	0.83728				2
2025.04.01	01:09:22.743	0.83727	0.83734			6
2025.04.01	01:09:33.921	0.83729	0.83736			6
2025.04.01	01:09:46.652	0.83730				2
2025.04.01	01:09:47.447		0.83735			4
2025.04.01	01:09:49.579		0.83736			4
2025.04.01	01:10:00.572	0.83730	0.83737			6
2025.04.01	01:10:04.581		0.83735			4
2025.04.01	01:10:37.922		0.83734			4
2025.04.01	01:10:42.684	0.83728				2
2025.04.01	01:10:43.468	0.83726				2
2025.04.01	01:10:44.495	0.83724	0.83733			6
2025.04.01	01:10:46.227	0.83726				2
2025.04.01	01:10:50.526		0.83734			4
2025.04.01	01:10:55.333	0.83725	0.83733			6
2025.04.01	01:11:00.449	0.83726	0.83735			6
2025.04.01	01:11:01.349	0.83725	0.83734			6
2025.04.01	01:11:02.433	0.83726	0.83735			6
2025.04.01	01:11:06.084	0.83725	0.83733			6
2025.04.01	01:11:08.011	0.83726				2
2025.04.01	01:11:33.273		0.83734			4
2025.04.01	01:11:35.376	0.83736	0.83743			6
2025.04.01	01:11:36.353	0.83731	0.83738			6
2025.04.01	01:11:38.503		0.83739			4
2025.04.01	01:11:39.286	0.83732				2
2025.04.01	01:11:39.926	0.83731				2
2025.04.01	01:11:41.760	0.83732				2
2025.04.01	01:11:46.905	0.83734	0.83741			6
2025.04.01	01:11:48.172	0.83735				2
2025.04.01	01:11:54.604	0.83729	0.83737			6
2025.04.01	01:11:54.934	0.83731	0.83738			6
2025.04.01	01:11:55.238	0.83733	0.83739			6
2025.04.01	01:12:02.766	0.83732				2
2025.04.01	01:12:16.656	0.83730				2
2025.04.01	01:12:19.237		0.83738			4
2025.04.01	01:12:22.353	0.83729				2
2025.04.01	01:12:24.932		0.83737			4
2025.04.01	01:12:30.684	0.83730	0.83738			6
2025.04.01	01:12:31.851		0.83739			4
2025.04.01	01:12:33.271	0.83732	0.83740			6
2025.04.01	01:12:34.710	0.83731	0.83739			6
2025.04.01	01:12:42.714	0.83730				2
2025.04.01	01:13:00.433	0.83730				2
2025.04.01	01:13:00.935		0.83738			4
2025.04.01	01:13:05.237		0.83739			4
2025.04.01	01:13:08.737		0.83738			4
2025.04.01	01:13:11.251	0.83731				2
2025.04.01	01:13:11.779	0.83730				2
2025.04.01	01:13:13.432	0.83731				2
2025.04.01	01:13:18.948		0.83739			4
2025.04.01	01:13:34.745	0.83730	0.83738			6
2025.04.01	01:14:00.409	0.83729	0.83737			6
2025.04.01	01:14:09.939	0.83730				2
2025.04.01	01:14:11.875		0.83738			4
2025.04.01	01:14:15.992	0.83729				2
2025.04.01	01:14:20.795	0.83730				2
2025.04.01	01:15:00.387	0.83730				2
2025.04.01	01:15:09.672	0.83734	0.83741			6
2025.04.01	01:15:30.890	0.83735				2
2025.04.01	01:15:39.175		0.83740			4
2025.04.01	01:15:40.151		0.83741			4
2025.04.01	01:15:49.348	0.83734				2
2025.04.01	01:15:50.931		0.83740			4
2025.04.01	01:15:51.250	0.83733				2
2025.04.01	01:15:57.537	0.83735				2
2025.04.01	01:15:59.996		0.83739			4
2025.04.01	01:16:00.344	0.83735	0.83740			6
2025.04.01	01:16:06.978	0.83733				2
2025.04.01	01:16:12.980	0.83735	0.83738			6
2025.04.01	01:16:15.472		0.83740			4
2025.04.01	01:16:15.781		0.83738			4
2025.04.01	01:16:16.084	0.83734				2
2025.04.01	01:16:17.176	0.83735				2
2025.04.01	01:16:21.668	0.83733	0.83740			6
2025.04.01	01:16:22.872		0.83741			4
2025.04.01	01:16:23.938		0.83739			4
2025.04.01	01:16:24.717		0.83741			4
2025.04.01	01:16:26.709		0.83738			4
2025.04.01	01:16:27.054		0.83740			4
2025.04.01	01:16:34.438	0.83735	0.83738			6
2025.04.01	01:16:35.152		0.83740			4
2025.04.01	01:16:35.990	0.83731	0.83736			6
2025.04.01	01:16:40.098	0.83735	0.83738			6
2025.04.01	01:16:40.411	0.83734				2
2025.04.01	01:16:40.804		0.83737			4
2025.04.01	01:16:45.716	0.83732				2
2025.04.01	01:16:46.027	0.83733	0.83738			6
2025.04.01	01:16:46.405		0.83737			4
2025.04.01	01:16:46.808	0.83734				2
2025.04.01	01:16:53.159	0.83733				2
2025.04.01	01:16:53.787	0.83732	0.83736			6
2025.04.01	01:16:55.336		0.83737			4
2025.04.01	01:16:57.040		0.83738			4
2025.04.01	01:16:57.369		0.83737			4
2025.04.01	01:16:58.555	0.83730				2
2025.04.01	01:16:59.935	0.83732				2
2025.04.01	01:17:00.501	0.83731	0.83735			6
2025.04.01	01:17:01.413		0.83736			4
2025.04.01	01:17:02.200		0.83734			4
2025.04.01	01:17:02.853	0.83730				2
2025.04.01	01:17:03.160		0.83735			4
2025.04.01	01:17:05.066	0.83728	0.83733			6
2025.04.01	01:17:05.404		0.83732			4
2025.04.01	01:17:06.082	0.83727				2
2025.04.01	01:17:12.993		0.83730			4
2025.04.01	01:17:23.574	0.83726				2
2025.04.01	01:17:26.306	0.83727				2
2025.04.01	01:17:27.761	0.83726				2
2025.04.01	01:17:36.639	0.83723	0.83727			6
2025.04.01	01:17:36.948	0.83722	0.83725			6
2025.04.01	01:17:39.014		0.83726			4
2025.04.01	01:17:44.858		0.83728			4
2025.04.01	01:17:45.223		0.83726			4
2025.04.01	01:17:54.905	0.83723	0.83727			6
2025.04.01	01:17:56.815	0.83721				2
2025.04.01	01:18:00.032	0.83721				2
2025.04.01	01:18:00.419	0.83720	0.83728			6
2025.04.01	01:18:01.467	0.83722	0.83726			6
2025.04.01	01:18:26.468		0.83725			4
2025.04.01	01:18:31.571	0.83721				2
2025.04.01	01:18:33.593	0.83727	0.83731			6
2025.04.01	01:18:39.265		0.83730			4
2025.04.01	01:18:39.924		0.83731			4
2025.04.01	01:18:41.237	0.83726	0.83733			6
2025.04.01	01:18:41.872	0.83727				2
2025.04.01	01:18:42.192	0.83726	0.83732			6
2025.04.01	01:18:42.496	0.83728				2
2025.04.01	01:18:51.785	0.83726				2
2025.04.01	01:18:52.320	0.83728				2
2025.04.01	01:18:57.889	0.83727	0.83731			6
2025.04.01	01:18:59.767	0.83728				2
2025.04.01	01:19:01.008	0.83728				2
2025.04.01	01:19:09.294	0.83727				2
2025.04.01	01:19:09.806	0.83726	0.83732			6
2025.04.01	01:19:10.686	0.83727	0.83731			6
2025.04.01	01:19:12.295		0.83730			4
2025.04.01	01:19:13.258		0.83731			4
2025.04.01	01:19:17.673	0.83728	0.83732			6
2025.04.01	01:19:21.931		0.83731			4
2025.04.01	01:19:28.151		0.83733			4
2025.04.01	01:19:29.367	0.83727	0.83730			6
2025.04.01	01:19:29.764	0.83726				2
2025.04.01	01:19:31.361	0.83727				2
2025.04.01	01:19:45.166	0.83726				2
2025.04.01	01:20:00.322	0.83726				2
2025.04.01	01:20:01.149		0.83729			4
2025.04.01	01:20:07.920	0.83725				2
2025.04.01	01:20:24.869		0.83728			4
2025.04.01	01:21:00.467	0.83725				2
2025.04.01	01:21:01.160	0.83726	0.83730			6
2025.04.01	01:21:24.568	0.83728	0.83731			6
2025.04.01	01:21:26.671	0.83733	0.83739			6
2025.04.01	01:21:27.827		0.83738			4
2025.04.01	01:21:28.131	0.83734				2
2025.04.01	01:21:28.450		0.83737			4
2025.04.01	01:21:28.870	0.83731				2
2025.04.01	01:21:29.561	0.83732				2
2025.04.01	01:21:30.208	0.83731	0.83735			6
2025.04.01	01:21:40.292		0.83736			4
2025.04.01	01:21:50.461	0.83732				2
2025.04.01	01:21:52.296	0.83734	0.83737			6
2025.04.01	01:21:53.720		0.83738			4
2025.04.01	01:21:55.398	0.83735	0.83737			6
2025.04.01	01:21:58.016	0.83734				2
2025.04.01	01:22:00.438	0.83734				2
2025.04.01	01:22:02.113	0.83733	0.83736			6
2025.04.01	01:22:02.648		0.83737			4
2025.04.01	01:22:05.081		0.83736			4
2025.04.01	01:22:07.183	0.83731	0.83737			6
2025.04.01	01:22:08.487	0.83733	0.83736			6
2025.04.01	01:22:19.902	0.83732				2
2025.04.01	01:22:26.582		0.83735			4
2025.04.01	01:23:00.439	0.83732				2
2025.04.01	01:23:13.363	0.83729	0.83734			6
2025.04.01	01:23:13.673		0.83733			4
2025.04.01	01:23:16.381		0.83732			4
2025.04.01	01:23:25.029	0.83728	0.83731			6
2025.04.01	01:23:46.557	0.83727				2
2025.04.01	01:23:49.543		0.83730			4
2025.04.01	01:23:50.761	0.83726				2
2025.04.01	01:23:51.109		0.83731			4
2025.04.01	01:23:56.377	0.83727	0.83730			6
2025.04.01	01:24:00.461	0.83727				2
2025.04.01	01:24:00.809		0.83731			4
2025.04.01	01:24:01.870	0.83728				2
2025.04.01	01:24:18.457	0.83730	0.83733			6
2025.04.01	01:25:00.619	0.83730				2
2025.04.01	01:25:16.163	0.83727	0.83730			6
2025.04.01	01:25:26.993		0.83731			4
2025.04.01	01:25:29.534	0.83729	0.83730			6
2025.04.01	01:25:29.875		0.83731			4
2025.04.01	01:25:36.692	0.83728	0.83730			6
2025.04.01	01:25:39.635	0.83727				2
2025.04.01	01:25:45.364	0.83728	0.83731			6
2025.04.01	01:25:52.943	0.83729				2
2025.04.01	01:26:00.423	0.83727	0.83730			6
2025.04.01	01:26:01.900	0.83728	0.83731			6
2025.04.01	01:26:02.887	0.83729				2
2025.04.01	01:26:20.926	0.83730	0.83732			6
2025.04.01	01:26:21.227	0.83732	0.83734			6
2025.04.01	01:26:23.262		0.83735			4
2025.04.01	01:26:23.892		0.83734			4
2025.04.01	01:26:24.285		0.83735			4
2025.04.01	01:26:29.067		0.83734			4
2025.04.01	01:26:30.810	0.83731				2
2025.04.01	01:27:00.479	0.83731				2
2025.04.01	01:27:12.356	0.83732	0.83735			6
2025.04.01	01:27:20.316	0.83731	0.83734			6
2025.04.01	01:27:21.389	0.83732				2
2025.04.01	01:27:30.254	0.83731				2
2025.04.01	01:27:31.128	0.83732				2
2025.04.01	01:27:33.080		0.83735			4
2025.04.01	01:27:46.148	0.83728	0.83732			6
2025.04.01	01:27:49.201		0.83731			4
2025.04.01	01:28:00.422	0.83728				2
2025.04.01	01:28:01.658		0.83732			4
2025.04.01	01:28:01.967		0.83731			4
2025.04.01	01:28:04.135		0.83732			4
2025.04.01	01:28:05.980		0.83731			4
2025.04.01	01:28:25.119	0.83726	0.83732			6
2025.04.01	01:28:25.428	0.83728	0.83731			6
2025.04.01	01:28:26.608	0.83727				2
2025.04.01	01:28:26.926	0.83728	0.83730			6
2025.04.01	01:28:27.230		0.83731			4
2025.04.01	01:28:28.192		0.83730			4
2025.04.01	01:28:30.408		0.83731			4
2025.04.01	01:28:34.620		0.83730			4
2025.04.01	01:28:58.216		0.83731			4
2025.04.01	01:28:59.363		0.83730			4
2025.04.01	01:29:01.555	0.83728				2
2025.04.01	01:29:11.593		0.83731			4
2025.04.01	01:29:16.695		0.83730			4
2025.04.01	01:29:35.468	0.83727				2
2025.04.01	01:29:48.580	0.83728				2
2025.04.01	01:30:00.307	0.83728	0.83731			6
2025.04.01	01:30:01.220		0.83730			4
2025.04.01	01:30:01.558		0.83731			4
2025.04.01	01:30:02.134	0.83725				2
2025.04.01	01:30:03.360		0.83730			4
2025.04.01	01:30:04.271	0.83728	0.83731			6
2025.04.01	01:30:50.971	0.83727	0.83732			6
2025.04.01	01:30:51.287	0.83728	0.83730			6
2025.04.01	01:31:00.470	0.83728				2
2025.04.01	01:31:01.921	0.83731	0.83734			6
2025.04.01	01:31:07.129	0.83732				2
2025.04.01	01:31:19.981		0.83735			4
2025.04.01	01:31:44.254	0.83733				2
2025.04.01	01:31:59.459	0.83731	0.83736			6
2025.04.01	01:32:00.121	0.83731				2
2025.04.01	01:32:00.443		0.83734			4
2025.04.01	01:32:09.454	0.83732	0.83735			6
2025.04.01	01:32:14.900	0.83731				2
2025.04.01	01:32:15.202	0.83730				2
2025.04.01	01:32:22.509		0.83733			4
2025.04.01	01:32:24.978		0.83732			4
2025.04.01	01:32:28.171		0.83734			4
2025.04.01	01:32:30.024	0.83729	0.83731			6
2025.04.01	01:32:31.408	0.83728				2
2025.04.01	01:32:34.392	0.83729	0.83732			6
2025.04.01	01:32:35.015	0.83730				2
2025.04.01	01:32:50.752		0.83731			4
2025.04.01	01:33:00.616	0.83730				2
2025.04.01	01:33:12.362	0.83729				2
2025.04.01	01:33:20.920	0.83728	0.83730			6
2025.04.01	01:33:31.188		0.83731			4
2025.04.01	01:33:32.255	0.83729				2
2025.04.01	01:33:41.348	0.83728				2
2025.04.01	01:34:01.559	0.83728				2
2025.04.01	01:34:06.087		0.83730			4
2025.04.01	01:34:06.989	0.83726	0.83729			6
2025.04.01	01:34:10.144	0.83727				2
2025.04.01	01:34:59.514	0.83726				2
2025.04.01	01:34:59.829	0.83727	0.83730			6
2025.04.01	01:35:01.166	0.83726	0.83729			6
2025.04.01	01:35:03.805	0.83727	0.83730			6
2025.04.01	01:35:09.106		0.83729			4
2025.04.01	01:35:18.416	0.83726				2
2025.04.01	01:35:23.697		0.83730			4
2025.04.01	01:35:29.829	0.83727	0.83729			6
2025.04.01	01:35:35.754		0.83730			4
2025.04.01	01:35:37.857	0.83728				2
2025.04.01	01:36:00.616	0.83728				2
2025.04.01	01:36:31.412	0.83726	0.83728			6
2025.04.01	01:36:40.242		0.83729			4
2025.04.01	01:36:42.383		0.83728			4
2025.04.01	01:37:00.930	0.83727	0.83729			6
2025.04.01	01:37:13.259	0.83728	0.83730			6
2025.04.01	01:37:13.709	0.83727				2
2025.04.01	01:37:22.286	0.83728				2
2025.04.01	01:37:32.093	0.83727				2
2025.04.01	01:37:35.573	0.83728				2
2025.04.01	01:37:44.270	0.83727	0.83729			6
2025.04.01	01:37:57.250	0.83728	0.83730			6
2025.04.01	01:38:01.421	0.83727	0.83729			6
2025.04.01	01:38:13.954	0.83728	0.83730			6
2025.04.01	01:38:25.536	0.83726	0.83729			6
2025.04.01	01:38:35.619	0.83728	0.83730			6
2025.04.01	01:38:41.043		0.83731			4
2025.04.01	01:39:00.616	0.83728				2
2025.04.01	01:39:07.415		0.83730			4
2025.04.01	01:39:21.205		0.83731			4
2025.04.01	01:39:43.427		0.83730			4
2025.04.01	01:39:43.749	0.83727	0.83731			6
2025.04.01	01:39:44.256		0.83730			4
2025.04.01	01:40:01.144	0.83727				2
2025.04.01	01:40:03.823	0.83728				2
2025.04.01	01:40:19.331		0.83731			4
2025.04.01	01:41:04.288	0.83728				2
2025.04.01	01:41:19.364		0.83731			4
2025.04.01	01:41:41.291		0.83730			4
2025.04.01	01:42:01.471	0.83728				2
2025.04.01	01:42:28.501	0.83727	0.83729			6
2025.04.01	01:42:37.029		0.83730			4
2025.04.01	01:42:45.118	0.83729	0.83731			6
2025.04.01	01:43:02.380	0.83729				2
2025.04.01	01:43:07.055	0.83727	0.83729			6
2025.04.01	01:43:07.369		0.83730			4
2025.04.01	01:43:10.871	0.83728				2
2025.04.01	01:43:11.180	0.83727				2
2025.04.01	01:43:13.876		0.83729			4
2025.04.01	01:44:00.182	0.83725	0.83730			6
2025.04.01	01:44:03.336	0.83726				2
2025.04.01	01:44:06.932	0.83725				2
2025.04.01	01:44:21.100	0.83726	0.83729			6
2025.04.01	01:44:36.095	0.83725	0.83727			6
2025.04.01	01:44:40.603		0.83728			4
2025.04.01	01:44:49.933	0.83726				2
2025.04.01	01:44:51.750	0.83725				2
2025.04.01	01:45:00.252	0.83725				2
2025.04.01	01:45:01.115		0.83727			4
2025.04.01	01:45:06.077	0.83724	0.83726			6
2025.04.01	01:45:09.758	0.83725	0.83727			6
2025.04.01	01:45:10.066		0.83726			4
2025.04.01	01:45:11.185	0.83724				2
2025.04.01	01:45:15.990		0.83727			4
2025.04.01	01:45:17.898	0.83725				2
2025.04.01	01:45:26.110	0.83723	0.83724			6
2025.04.01	01:45:26.445	0.83722	0.83723			6
2025.04.01	01:45:27.267	0.83723	0.83724			6
2025.04.01	01:45:33.858	0.83724	0.83725			6
2025.04.01	01:46:00.118	0.83724				2
2025.04.01	01:46:00.457	0.83725	0.83727			6
2025.04.01	01:46:46.600		0.83728			4
2025.04.01	01:46:52.475	0.83727				2
2025.04.01	01:46:55.477		0.83729			4
2025.04.01	01:47:02.955	0.83727				2
2025.04.01	01:47:20.555	0.83726	0.83727			6
2025.04.01	01:47:22.391	0.83725				2
2025.04.01	01:47:36.282		0.83728			4
2025.04.01	01:47:38.432	0.83726				2
2025.04.01	01:47:43.559		0.83730			4
2025.04.01	01:47:46.357		0.83728			4
2025.04.01	01:47:55.998		0.83730			4
2025.04.01	01:48:01.058	0.83726				2
2025.04.01	01:48:02.380	0.83728				2
2025.04.01	01:48:21.209	0.83730	0.83731			6
2025.04.01	01:48:47.158	0.83728	0.83729			6
2025.04.01	01:49:00.017	0.83727	0.83728			6
2025.04.01	01:49:06.479	0.83726	0.83727			6
2025.04.01	01:49:08.864	0.83725				2
2025.04.01	01:49:37.669	0.83724				2
2025.04.01	01:50:00.082	0.83723	0.83725			6
2025.04.01	01:50:02.161	0.83724				2
2025.04.01	01:50:03.236	0.83723				2
2025.04.01	01:50:03.694	0.83724				2
2025.04.01	01:50:04.651		0.83726			4
2025.04.01	01:50:11.712		0.83725			4
2025.04.01	01:50:16.350		0.83726			4
2025.04.01	01:50:36.092	0.83725				2
2025.04.01	01:50:41.132		0.83727			4
2025.04.01	01:51:01.553	0.83725				2
2025.04.01	01:51:03.547	0.83727	0.83729			6
2025.04.01	01:51:05.412	0.83725	0.83728			6
2025.04.01	01:51:06.963		0.83727			4
2025.04.01	01:51:07.310	0.83724				2
2025.04.01	01:51:10.715		0.83726			4
2025.04.01	01:51:14.359		0.83727			4
2025.04.01	01:51:20.630		0.83728			4
2025.04.01	01:51:29.021	0.83726				2
2025.04.01	01:51:49.877	0.83727	0.83729			6
2025.04.01	01:52:00.471	0.83726				2
2025.04.01	01:52:02.257		0.83728			4
2025.04.01	01:52:45.757	0.83727	0.83729			6
2025.04.01	01:53:08.708	0.83727				2
2025.04.01	01:53:10.583	0.83729	0.83731			6
2025.04.01	01:53:32.076		0.83730			4
2025.04.01	01:53:33.474	0.83728				2
2025.04.01	01:53:42.380	0.83729	0.83731			6
2025.04.01	01:54:00.010	0.83729				2
2025.04.01	01:54:42.526		0.83731			4
2025.04.01	01:54:45.378	0.83730	0.83732			6
2025.04.01	01:55:01.382	0.83730				2
2025.04.01	01:55:46.085		0.83732			4
2025.04.01	01:55:55.242	0.83731	0.83733			6
2025.04.01	01:56:00.107	0.83731				2
2025.04.01	01:56:33.248	0.83732	0.83734			6
2025.04.01	01:57:02.378	0.83732				2
2025.04.01	01:57:03.974	0.83733	0.83735			6
2025.04.01	01:57:14.674	0.83732	0.83734			6
2025.04.01	01:57:18.430	0.83733	0.83735			6
2025.04.01	01:57:18.736	0.83734	0.83736			6
2025.04.01	01:58:01.434	0.83734				2
2025.04.01	01:58:19.119		0.83736			4
2025.04.01	01:58:21.145	0.83736	0.83737			6
2025.04.01	01:58:25.901	0.83735				2
2025.04.01	01:58:28.019	0.83734	0.83736			6
2025.04.01	01:58:28.706	0.83735	0.83737			6
2025.04.01	01:58:29.056		0.83736			4
2025.04.01	01:58:30.065		0.83737			4
2025.04.01	01:58:30.385	0.83736				2
2025.04.01	01:59:00.468	0.83736				2
2025.04.01	01:59:02.138		0.83738			4
2025.04.01	01:59:06.952	0.83737				2
2025.04.01	01:59:36.308		0.83739			4
2025.04.01	01:59:57.906	0.83736	0.83738			6
2025.04.01	02:00:00.359	0.83736				2
2025.04.01	02:00:03.229	0.83737	0.83739			6
2025.04.01	02:00:03.613	0.83736	0.83738			6
2025.04.01	02:00:03.954		0.83737			4
2025.04.01	02:00:05.160	0.83735				2
2025.04.01	02:00:07.089	0.83736	0.83738			6
2025.04.01	02:00:08.298	0.83737	0.83739			6
2025.04.01	02:00:10.080	0.83736	0.83738			6
2025.04.01	02:00:10.748	0.83737				2
2025.04.01	02:00:17.757	0.83736				2
2025.04.01	02:00:24.721	0.83738	0.83740			6
2025.04.01	02:00:25.041	0.83739				2
2025.04.01	02:00:35.907		0.83741			4
2025.04.01	02:00:46.103	0.83740	0.83742			6
2025.04.01	02:00:55.920	0.83739	0.83741			6
2025.04.01	02:01:00.634	0.83739				2
2025.04.01	02:01:02.248		0.83740			4
2025.04.01	02:01:02.584	0.83737	0.83739			6
2025.04.01	02:01:07.969	0.83736	0.83738			6
2025.04.01	02:01:13.462	0.83735	0.83737			6
2025.04.01	02:01:13.765	0.83737	0.83739			6
2025.04.01	02:01:22.906	0.83738	0.83740			6
2025.04.01	02:01:41.519	0.83737	0.83739			6
2025.04.01	02:01:50.084	0.83738	0.83740			6
2025.04.01	02:02:00.640	0.83738				2
2025.04.01	02:02:26.367	0.83739				2
2025.04.01	02:02:28.494	0.83738				2
2025.04.01	02:02:51.488		0.83740			4
2025.04.01	02:03:00.452	0.83738				2
2025.04.01	02:03:48.478	0.83739				2
2025.04.01	02:03:52.003		0.83740			4
2025.04.01	02:04:00.163	0.83738				2
2025.04.01	02:04:00.468	0.83736	0.83738			6
2025.04.01	02:04:15.147	0.83735	0.83737			6
2025.04.01	02:04:20.469	0.83736				2
2025.04.01	02:04:21.776		0.83738			4
2025.04.01	02:04:25.113		0.83737			4
2025.04.01	02:04:28.306		0.83738			4
2025.04.01	02:04:32.606	0.83735	0.83737			6
2025.04.01	02:04:41.140		0.83736			4
2025.04.01	02:04:42.932		0.83737			4
2025.04.01	02:04:44.456	0.83734	0.83736			6
2025.04.01	02:04:53.792	0.83735	0.83737			6
2025.04.01	02:04:55.301		0.83736			4
2025.04.01	02:04:55.912	0.83734				2
2025.04.01	02:04:59.220	0.83735				2
2025.04.01	02:05:00.351	0.83735				2
2025.04.01	02:05:01.931	0.83734	0.83735			6
2025.04.01	02:05:20.031	0.83733	0.83736			6
2025.04.01	02:05:22.174	0.83734				2
2025.04.01	02:05:26.360	0.83735	0.83737			6
2025.04.01	02:05:32.143	0.83736	0.83738			6
2025.04.01	02:06:00.565	0.83736				2
2025.04.01	02:06:19.186	0.83737				2
2025.04.01	02:06:20.244	0.83736	0.83737			6
2025.04.01	02:06:30.219	0.83735	0.83736			6
2025.04.01	02:06:50.628	0.83736	0.83737			6
2025.04.01	02:06:55.645	0.83735	0.83736			6
2025.04.01	02:06:58.243	0.83736	0.83737			6
2025.04.01	02:07:00.543	0.83736				2
2025.04.01	02:07:00.907	0.83735	0.83736			6
2025.04.01	02:07:06.403	0.83736	0.83737			6
2025.04.01	02:07:32.220	0.83735	0.83736			6
2025.04.01	02:07:35.873	0.83734	0.83735			6
2025.04.01	02:08:00.469	0.83734				2
2025.04.01	02:08:25.801	0.83729	0.83731			6
2025.04.01	02:08:28.760	0.83730				2
2025.04.01	02:08:33.798	0.83729				2
2025.04.01	02:08:40.182		0.83730			4
2025.04.01	02:08:41.529	0.83731	0.83732			6
2025.04.01	02:08:47.413	0.83734	0.83735			6
2025.04.01	02:08:51.258	0.83733	0.83734			6
2025.04.01	02:09:00.987	0.83734	0.83735			6
2025.04.01	02:09:03.094	0.83733	0.83734			6
2025.04.01	02:09:04.794	0.83734	0.83735			6
2025.04.01	02:09:05.813	0.83733	0.83734			6
2025.04.01	02:09:13.547	0.83732	0.83733			6
2025.04.01	02:09:19.960	0.83729	0.83730			6
2025.04.01	02:09:20.266		0.83731			4
2025.04.01	02:09:20.620		0.83730			4
2025.04.01	02:09:24.066	0.83728				2
2025.04.01	02:09:51.332	0.83729				2
2025.04.01	02:09:52.899	0.83728				2
2025.04.01	02:09:54.909		0.83729			4
2025.04.01	02:10:00.337	0.83728				2
2025.04.01	02:10:03.011	0.83727				2
2025.04.01	02:10:50.677	0.83728				2
2025.04.01	02:10:51.922		0.83730			4
2025.04.01	02:10:53.366	0.83730	0.83731			6
2025.04.01	02:11:02.244	0.83730				2
2025.04.01	02:11:53.564		0.83731			4
2025.04.01	02:12:02.030	0.83730				2
2025.04.01	02:12:03.134	0.83729				2
2025.04.01	02:12:16.051	0.83731	0.83732			6
2025.04.01	02:12:17.103		0.83733			4
2025.04.01	02:12:31.155	0.83730	0.83732			6
2025.04.01	02:12:32.405	0.83731	0.83733			6
2025.04.01	02:12:59.085		0.83732			4
2025.04.01	02:12:59.403	0.83730				2
2025.04.01	02:13:00.617	0.83730				2
2025.04.01	02:13:10.052	0.83731	0.83733			6
2025.04.01	02:13:16.336		0.83732			4
2025.04.01	02:14:00.411	0.83731				2
2025.04.01	02:14:16.594		0.83732			4
2025.04.01	02:14:21.610	0.83729	0.83731			6
2025.04.01	02:14:30.377	0.83730				2
2025.04.01	02:14:40.263	0.83729				2
2025.04.01	02:15:00.327	0.83729				2
2025.04.01	02:15:06.131		0.83730			4
2025.04.01	02:15:06.558	0.83730	0.83731			6
2025.04.01	02:15:13.402	0.83729	0.83730			6
2025.04.01	02:15:23.501		0.83731			4
2025.04.01	02:15:27.460	0.83730				2
2025.04.01	02:15:39.408		0.83733			4
2025.04.01	02:15:42.327		0.83732			4
2025.04.01	02:15:42.701	0.83731				2
2025.04.01	02:15:43.458	0.83730				2
2025.04.01	02:15:51.406	0.83729	0.83731			6
2025.04.01	02:15:52.182		0.83730			4
2025.04.01	02:16:03.032	0.83729				2
2025.04.01	02:16:04.339		0.83731			4
2025.04.01	02:16:12.861	0.83730				2
2025.04.01	02:16:38.372	0.83731	0.83732			6
2025.04.01	02:16:47.920	0.83730				2
2025.04.01	02:16:52.227		0.83731			4
2025.04.01	02:17:01.554	0.83730				2
2025.04.01	02:17:08.907		0.83733			4
2025.04.01	02:17:20.526		0.83731			4
2025.04.01	02:17:49.070	0.83732	0.83733			6
2025.04.01	02:18:00.993	0.83732				2
2025.04.01	02:18:05.394	0.83733	0.83734			6
2025.04.01	02:18:07.307		0.83735			4
2025.04.01	02:18:08.999	0.83735	0.83736			6
2025.04.01	02:18:09.311	0.83734	0.83735			6
2025.04.01	02:18:21.377	0.83735	0.83736			6
2025.04.01	02:18:37.843	0.83733	0.83734			6
2025.04.01	02:18:51.362	0.83732				2
2025.04.01	02:18:58.689		0.83733			4
2025.04.01	02:19:00.630	0.83732				2
2025.04.01	02:19:17.766	0.83731	0.83732			6
2025.04.01	02:19:30.757	0.83728	0.83730			6
2025.04.01	02:19:40.843	0.83730	0.83732			6
2025.04.01	02:20:00.132	0.83730				2
2025.04.01	02:20:02.653		0.83731			4
2025.04.01	02:20:09.435	0.83727	0.83728			6
2025.04.01	02:20:10.466	0.83725	0.83726			6
2025.04.01	02:20:16.549	0.83726	0.83727			6
2025.04.01	02:20:19.145	0.83728	0.83729			6
2025.04.01	02:20:28.145	0.83729	0.83730			6
2025.04.01	02:20:29.617	0.83728	0.83729			6
2025.04.01	02:20:42.306	0.83729	0.83730			6
2025.04.01	02:20:46.644	0.83728	0.83729			6
2025.04.01	02:20:59.566	0.83726	0.83727			6
2025.04.01	02:21:00.218	0.83726				2
2025.04.01	02:21:37.222	0.83725				2
2025.04.01	02:21:44.265		0.83726			4
2025.04.01	02:21:50.946	0.83724				2
2025.04.01	02:22:00.030	0.83724				2
2025.04.01	02:22:01.132		0.83725			4
2025.04.01	02:22:09.221	0.83726	0.83727			6
2025.04.01	02:22:15.243	0.83727	0.83728			6
2025.04.01	02:22:37.949	0.83724	0.83725			6
2025.04.01	02:22:43.106	0.83725	0.83726			6
2025.04.01	02:23:00.613	0.83725				2
2025.04.01	02:23:04.046	0.83724	0.83725			6
2025.04.01	02:24:01.482	0.83724				2
2025.04.01	02:24:04.816		0.83725			4
2025.04.01	02:24:09.410	0.83723	0.83724			6
2025.04.01	02:24:09.809	0.83724	0.83725			6
2025.04.01	02:24:11.689	0.83727	0.83728			6
2025.04.01	02:24:28.246	0.83724	0.83725			6
2025.04.01	02:25:00.054	0.83724				2
2025.04.01	02:25:01.585	0.83723				2
2025.04.01	02:25:01.986	0.83724				2
2025.04.01	02:25:02.451	0.83721				2
2025.04.01	02:25:02.757	0.83724				2
2025.04.01	02:25:29.639		0.83725			4
2025.04.01	02:25:32.692	0.83723	0.83724			6
2025.04.01	02:25:41.243		0.83725			4
2025.04.01	02:25:54.062		0.83724			4
2025.04.01	02:26:00.060	0.83723				2
2025.04.01	02:26:16.845	0.83725	0.83726			6
2025.04.01	02:26:18.775	0.83723	0.83724			6
2025.04.01	02:26:30.232	0.83725	0.83726			6
2025.04.01	02:26:54.470	0.83724	0.83725			6
2025.04.01	02:27:02.855	0.83723	0.83724			6
2025.04.01	02:27:32.944	0.83724	0.83725			6
2025.04.01	02:27:38.432	0.83725	0.83726			6
2025.04.01	02:27:59.767	0.83727	0.83730			6
2025.04.01	02:28:00.116	0.83727				2
2025.04.01	02:28:07.268	0.83726				2
2025.04.01	02:28:12.078	0.83729				2
2025.04.01	02:29:02.623	0.83729	0.83730			6
2025.04.01	02:29:16.447	0.83728				2
2025.04.01	02:29:35.867		0.83729			4
2025.04.01	02:29:39.814	0.83729	0.83730			6
2025.04.01	02:30:00.275	0.83728	0.83731			6
2025.04.01	02:30:00.920	0.83727	0.83732			6
2025.04.01	02:30:01.411		0.83733			4
2025.04.01	02:30:02.092		0.83732			4
2025.04.01	02:30:02.741		0.83731			4
2025.04.01	02:30:24.678	0.83729	0.83730			6
2025.04.01	02:30:27.904	0.83726	0.83731			6
2025.04.01	02:30:28.289		0.83730			4
2025.04.01	02:30:33.252	0.83727				2
2025.04.01	02:30:35.287	0.83728				2
2025.04.01	02:30:35.662	0.83726				2
2025.04.01	02:30:42.810	0.83725				2
2025.04.01	02:30:43.512	0.83726	0.83727			6
2025.04.01	02:31:00.344	0.83726				2
2025.04.01	02:31:03.560	0.83734	0.83735			6
2025.04.01	02:31:04.692	0.83736	0.83737			6
2025.04.01	02:31:05.006	0.83735	0.83736			6
2025.04.01	02:31:05.394	0.83736	0.83737			6
2025.04.01	02:31:05.964		0.83739			4
2025.04.01	02:31:07.179	0.83738				2
2025.04.01	02:31:08.646	0.83737	0.83738			6
2025.04.01	02:31:08.947	0.83736				2
2025.04.01	02:31:10.319	0.83735	0.83737			6
2025.04.01	02:31:13.916	0.83730	0.83731			6
2025.04.01	02:31:14.267	0.83729	0.83730			6
2025.04.01	02:31:20.758	0.83730	0.83731			6
2025.04.01	02:31:21.596	0.83729	0.83730			6
2025.04.01	02:31:27.700	0.83730	0.83731			6
2025.04.01	02:31:32.898	0.83731	0.83732			6
2025.04.01	02:31:33.244	0.83733	0.83735			6
2025.04.01	02:31:49.775	0.83734				2
2025.04.01	02:32:00.335	0.83734				2
2025.04.01	02:32:02.918	0.83735	0.83736			6
2025.04.01	02:32:06.378	0.83736	0.83737			6
2025.04.01	02:32:18.325	0.83735	0.83736			6
2025.04.01	02:32:29.743	0.83733	0.83735			6
2025.04.01	02:32:30.130		0.83734			4
2025.04.01	02:32:30.780	0.83732				2
2025.04.01	02:32:33.081	0.83733				2
2025.04.01	02:32:33.447	0.83732	0.83733			6
2025.04.01	02:32:41.107	0.83731	0.83732			6
2025.04.01	02:32:41.427	0.83730	0.83731			6
2025.04.01	02:32:46.359	0.83729	0.83730			6
2025.04.01	02:32:54.184	0.83728	0.83729			6
2025.04.01	02:32:55.149	0.83729	0.83730			6
2025.04.01	02:32:58.298	0.83727				2
2025.04.01	02:32:58.629	0.83726				2
2025.04.01	02:32:59.207	0.83728	0.83729			6
2025.04.01	02:33:00.040	0.83728	0.83730			6
2025.04.01	02:33:01.115		0.83729			4
2025.04.01	02:33:01.452	0.83726	0.83730			6
2025.04.01	02:33:02.285	0.83728	0.83729			6
2025.04.01	02:33:03.122	0.83726	0.83730			6
2025.04.01	02:33:03.751	0.83727				2
2025.04.01	02:33:05.301		0.83728			4
2025.04.01	02:33:07.006	0.83726	0.83727			6
2025.04.01	02:33:07.847	0.83725	0.83726			6
2025.04.01	02:33:10.862	0.83726	0.83727			6
2025.04.01	02:33:22.987	0.83724	0.83725			6
2025.04.01	02:33:38.664	0.83723	0.83724			6
2025.04.01	02:33:39.231	0.83724	0.83725			6
2025.04.01	02:33:41.847	0.83723	0.83724			6
2025.04.01	02:33:50.184	0.83724	0.83725			6
2025.04.01	02:34:00.206	0.83724				2
2025.04.01	02:34:19.016	0.83723	0.83724			6
2025.04.01	02:34:19.545	0.83722				2
2025.04.01	02:34:25.620	0.83723				2
2025.04.01	02:34:33.256	0.83724	0.83725			6
2025.04.01	02:34:41.471	0.83723	0.83724			6
2025.04.01	02:34:53.191		0.83725			4
2025.04.01	02:34:54.329	0.83722				2
2025.04.01	02:35:00.351	0.83722				2
2025.04.01	02:35:01.082	0.83723	0.83724			6
2025.04.01	02:35:07.746	0.83724	0.83725			6
2025.04.01	02:35:26.759	0.83725	0.83726			6
2025.04.01	02:35:48.270	0.83723	0.83725			6
2025.04.01	02:35:48.577		0.83724			4
2025.04.01	02:36:00.278	0.83723				2
2025.04.01	02:36:01.030	0.83725	0.83726			6
2025.04.01	02:36:01.346	0.83726	0.83727			6
2025.04.01	02:36:02.797	0.83725	0.83726			6
2025.04.01	02:36:08.796	0.83726	0.83727			6
2025.04.01	02:36:12.862	0.83725	0.83726			6
2025.04.01	02:36:44.048	0.83724	0.83725			6
2025.04.01	02:36:46.849	0.83725	0.83726			6
2025.04.01	02:37:00.702	0.83725				2
2025.04.01	02:37:01.781	0.83723	0.83724			6
2025.04.01	02:37:02.891	0.83724	0.83725			6
2025.04.01	02:37:11.482	0.83725	0.83726			6
2025.04.01	02:37:39.331	0.83726	0.83727			6
2025.04.01	02:37:39.792	0.83725	0.83726			6
2025.04.01	02:37:44.442	0.83726	0.83727			6
2025.04.01	02:37:50.476	0.83727	0.83728			6
2025.04.01	02:37:50.795	0.83728	0.83729			6
2025.04.01	02:37:51.491	0.83729	0.83730			6
2025.04.01	02:37:51.807	0.83728	0.83729			6
2025.04.01	02:37:52.126	0.83727	0.83730			6
2025.04.01	02:37:52.430	0.83728	0.83729			6
2025.04.01	02:37:54.089	0.83729	0.83730			6
2025.04.01	02:38:00.457	0.83728	0.83729			6
2025.04.01	02:38:06.940	0.83730	0.83731			6
2025.04.01	02:38:09.143	0.83729	0.83730			6
2025.04.01	02:38:14.271	0.83730	0.83731			6
2025.04.01	02:38:17.822	0.83729	0.83730			6
2025.04.01	02:38:26.860	0.83728	0.83729			6
2025.04.01	02:38:36.345	0.83730	0.83731			6
2025.04.01	02:38:58.821	0.83728	0.83729			6
2025.04.01	02:39:00.332	0.83728				2
2025.04.01	02:39:19.204	0.83727	0.83728			6
2025.04.01	02:39:34.294	0.83728	0.83729			6
2025.04.01	02:39:36.123	0.83727	0.83728			6
2025.04.01	02:39:37.671	0.83728	0.83729			6
2025.04.01	02:39:49.192	0.83727	0.83728			6
2025.04.01	02:39:51.627	0.83728	0.83729			6
2025.04.01	02:40:01.345	0.83728				2
2025.04.01	02:40:02.572	0.83726	0.83727			6
2025.04.01	02:40:03.761	0.83727	0.83728			6
2025.04.01	02:40:16.718	0.83726	0.83727			6
2025.04.01	02:40:17.321	0.83727	0.83728			6
2025.04.01	02:40:21.682	0.83729	0.83730			6
2025.04.01	02:40:28.252	0.83728	0.83729			6
2025.04.01	02:41:01.073	0.83728				2
2025.04.01	02:41:07.180	0.83727	0.83728			6
2025.04.01	02:41:07.518	0.83730	0.83731			6
2025.04.01	02:41:08.208	0.83729	0.83730			6
2025.04.01	02:41:18.337	0.83730	0.83731			6
2025.04.01	02:41:20.235	0.83731	0.83732			6
2025.04.01	02:41:20.896	0.83730	0.83731			6
2025.04.01	02:41:50.827	0.83731	0.83732			6
2025.04.01	02:41:54.322	0.83729	0.83730			6
2025.04.01	02:41:55.426	0.83730	0.83731			6
2025.04.01	02:41:56.207	0.83731	0.83732			6
2025.04.01	02:41:56.543	0.83730	0.83731			6
2025.04.01	02:42:00.288	0.83730				2
2025.04.01	02:42:08.831	0.83729	0.83730			6
2025.04.01	02:42:11.480	0.83731	0.83732			6
2025.04.01	02:42:12.449	0.83730	0.83731			6
2025.04.01	02:42:28.712	0.83731	0.83732			6
2025.04.01	02:42:29.352	0.83729	0.83730			6
2025.04.01	02:42:46.209	0.83730	0.83731			6
2025.04.01	02:43:00.331	0.83730				2
2025.04.01	02:43:10.205	0.83731	0.83732			6
2025.04.01	02:43:20.221	0.83732	0.83733			6
2025.04.01	02:43:24.841	0.83731	0.83732			6
2025.04.01	02:43:30.874	0.83732	0.83734			6
2025.04.01	02:43:31.188		0.83733			4
2025.04.01	02:43:35.442	0.83731	0.83732			6
2025.04.01	02:43:36.432	0.83733	0.83735			6
2025.04.01	02:43:37.180		0.83734			4
2025.04.01	02:43:38.779	0.83734	0.83736			6
2025.04.01	02:43:39.274		0.83735			4
2025.04.01	02:43:40.072		0.83736			4
2025.04.01	02:43:47.149		0.83735			4
2025.04.01	02:43:50.409	0.83733	0.83734			6
2025.04.01	02:43:50.722	0.83735	0.83736			6
2025.04.01	02:44:00.483	0.83732	0.83734			6
2025.04.01	02:44:02.171	0.83731				2
2025.04.01	02:44:05.307	0.83732	0.83733			6
2025.04.01	02:44:08.074	0.83731	0.83732			6
2025.04.01	02:44:10.572	0.83734	0.83735			6
2025.04.01	02:44:46.674	0.83735	0.83736			6
2025.04.01	02:45:01.183	0.83735				2
2025.04.01	02:45:01.721	0.83734	0.83735			6
2025.04.01	02:45:18.564	0.83735	0.83736			6
2025.04.01	02:45:22.198	0.83734	0.83735			6
2025.04.01	02:45:49.683	0.83735	0.83736			6
2025.04.01	02:45:54.652	0.83734	0.83735			6
2025.04.01	02:45:55.131	0.83733	0.83734			6
2025.04.01	02:46:00.223	0.83733				2
2025.04.01	02:46:12.351	0.83732	0.83733			6
2025.04.01	02:46:22.849		0.83734			4
2025.04.01	02:46:28.542		0.83736			4
2025.04.01	02:46:37.539		0.83733			4
2025.04.01	02:46:52.716	0.83733	0.83734			6
2025.04.01	02:46:53.057	0.83734	0.83735			6
2025.04.01	02:46:59.002		0.83736			4
2025.04.01	02:47:01.774	0.83734				2
2025.04.01	02:47:03.366	0.83732	0.83735			6
2025.04.01	02:47:03.939	0.83731				2
2025.04.01	02:47:04.255		0.83732			4
2025.04.01	02:47:06.222	0.83732	0.83733			6
2025.04.01	02:47:12.793	0.83731	0.83732			6
2025.04.01	02:47:14.542	0.83732	0.83733			6
2025.04.01	02:47:21.579	0.83731	0.83732			6
2025.04.01	02:47:23.404	0.83733	0.83734			6
2025.04.01	02:47:39.824	0.83734	0.83735			6
2025.04.01	02:47:40.170	0.83735	0.83736			6
2025.04.01	02:47:52.763	0.83732	0.83733			6
2025.04.01	02:47:53.088	0.83731				2
2025.04.01	02:47:54.806		0.83732			4
2025.04.01	02:47:57.336	0.83730				2
2025.04.01	02:48:00.365	0.83730				2
2025.04.01	02:48:01.366	0.83732	0.83733			6
2025.04.01	02:48:03.749	0.83730	0.83732			6
2025.04.01	02:48:23.956	0.83729	0.83730			6
2025.04.01	02:48:30.548	0.83730	0.83731			6
2025.04.01	02:48:54.307	0.83729	0.83730			6
2025.04.01	02:49:00.247	0.83729				2
2025.04.01	02:49:05.889	0.83728	0.83729			6
2025.04.01	02:49:06.570	0.83729	0.83730			6
2025.04.01	02:49:12.339	0.83730	0.83731			6
2025.04.01	02:49:30.984	0.83732	0.83733			6
2025.04.01	02:49:45.451	0.83731	0.83732			6
2025.04.01	02:50:00.271	0.83731	0.83734			6
2025.04.01	02:50:02.494		0.83732			4
2025.04.01	02:50:13.009	0.83732	0.83733			6
2025.04.01	02:50:18.690	0.83731	0.83732			6
2025.04.01	02:50:26.546	0.83732	0.83733			6
2025.04.01	02:50:27.490	0.83733	0.83734			6
2025.04.01	02:50:57.899	0.83732	0.83733			6
2025.04.01	02:50:59.904	0.83733	0.83734			6
2025.04.01	02:51:00.457	0.83732	0.83733			6
2025.04.01	02:51:00.934	0.83733	0.83734			6
2025.04.01	02:51:17.632	0.83732	0.83733			6
2025.04.01	02:51:47.526	0.83731	0.83732			6
2025.04.01	02:52:00.442	0.83731				2
2025.04.01	02:52:07.726	0.83732	0.83733			6
2025.04.01	02:52:27.547	0.83733	0.83734			6
2025.04.01	02:52:28.121	0.83734	0.83735			6
2025.04.01	02:52:29.683	0.83733	0.83734			6
2025.04.01	02:52:29.985	0.83732	0.83733			6
2025.04.01	02:52:38.626	0.83731	0.83732			6
2025.04.01	02:52:44.358	0.83732	0.83733			6
2025.04.01	02:52:53.043	0.83731	0.83732			6
2025.04.01	02:53:00.129	0.83731				2
2025.04.01	02:53:22.906	0.83730	0.83731			6
2025.04.01	02:53:26.572	0.83731	0.83732			6
2025.04.01	02:53:29.071	0.83732	0.83733			6
2025.04.01	02:53:36.411	0.83731	0.83732			6
2025.04.01	02:54:00.124	0.83731				2
2025.04.01	02:54:34.327	0.83732	0.83733			6
2025.04.01	02:54:40.638	0.83734	0.83735			6
2025.04.01	02:54:41.311	0.83733	0.83734			6
2025.04.01	02:54:41.949	0.83731	0.83732			6
2025.04.01	02:55:00.595	0.83731				2
2025.04.01	02:55:37.777	0.83733	0.83734			6
2025.04.01	02:55:40.468	0.83732	0.83733			6
2025.04.01	02:55:47.558	0.83733	0.83734			6
2025.04.01	02:55:51.253	0.83732	0.83733			6
2025.04.01	02:55:57.761	0.83731	0.83732			6
2025.04.01	02:56:00.454	0.83731				2
2025.04.01	02:56:22.528	0.83732	0.83733			6
2025.04.01	02:56:22.883	0.83733	0.83734			6
2025.04.01	02:56:24.146	0.83732	0.83733			6
2025.04.01	02:56:30.183	0.83733	0.83734			6
2025.04.01	02:56:44.391	0.83734	0.83735			6
2025.04.01	02:56:44.697	0.83735	0.83736			6
2025.04.01	02:56:45.251	0.83734	0.83735			6
2025.04.01	02:56:48.507	0.83733	0.83734			6
2025.04.01	02:56:55.284	0.83734	0.83735			6
2025.04.01	02:56:55.601	0.83733	0.83734			6
2025.04.01	02:56:56.953	0.83734	0.83735			6
2025.04.01	02:56:58.578	0.83735	0.83736			6
2025.04.01	02:57:01.559	0.83736	0.83737			6
2025.04.01	02:57:09.693		0.83738			4
2025.04.01	02:57:14.798		0.83737			4
2025.04.01	02:57:26.611	0.83735				2
2025.04.01	02:57:27.672		0.83736			4
2025.04.01	02:57:32.238	0.83734	0.83735			6
2025.04.01	02:57:53.155	0.83733	0.83734			6
2025.04.01	02:57:59.390	0.83732	0.83733			6
2025.04.01	02:58:00.321	0.83732				2
2025.04.01	02:58:08.407	0.83731	0.83732			6
2025.04.01	02:58:23.286	0.83730	0.83731			6
2025.04.01	02:58:23.616	0.83731	0.83732			6
2025.04.01	02:58:23.930	0.83732	0.83733			6
2025.04.01	02:58:24.345	0.83730	0.83731			6
2025.04.01	02:58:25.556	0.83731	0.83732			6
2025.04.01	02:58:28.086	0.83730	0.83731			6
2025.04.01	02:59:01.603	0.83730				2
2025.04.01	02:59:04.372	0.83731	0.83732			6
2025.04.01	02:59:10.763	0.83732	0.83733			6
2025.04.01	02:59:32.957	0.83733	0.83734			6
2025.04.01	02:59:38.615	0.83732	0.83733			6
2025.04.01	03:00:00.339	0.83730	0.83731			6
2025.04.01	03:00:00.645	0.83732	0.83733			6
2025.04.01	03:00:02.755	0.83730	0.83731			6
2025.04.01	03:00:03.244	0.83729	0.83730			6
2025.04.01	03:00:05.395	0.83730	0.83731			6
2025.04.01	03:00:09.789	0.83732	0.83733			6
2025.04.01	03:00:10.350	0.83731	0.83732			6
2025.04.01	03:00:16.531	0.83730	0.83731			6
2025.04.01	03:00:17.710	0.83731	0.83732			6
2025.04.01	03:00:20.047	0.83730	0.83731			6
2025.04.01	03:00:24.743	0.83728	0.83729			6
2025.04.01	03:00:25.350	0.83730	0.83731			6
2025.04.01	03:00:28.281	0.83729	0.83730			6
2025.04.01	03:00:38.447	0.83730	0.83731			6
2025.04.01	03:00:38.762	0.83729	0.83730			6
2025.04.01	03:00:42.080	0.83730	0.83731			6
2025.04.01	03:00:53.139	0.83733	0.83734			6
2025.04.01	03:00:54.498	0.83732	0.83733			6
2025.04.01	03:00:58.964	0.83733	0.83734			6
2025.04.01	03:01:00.533	0.83732	0.83733			6
2025.04.01	03:01:01.574	0.83733	0.83734			6
2025.04.01	03:01:07.562	0.83737	0.83738			6
2025.04.01	03:01:11.508	0.83736	0.83737			6
2025.04.01	03:01:11.922	0.83737	0.83738			6
2025.04.01	03:01:13.425	0.83738	0.83739			6
2025.04.01	03:01:14.936	0.83737	0.83738			6
2025.04.01	03:01:15.719	0.83736	0.83737			6
2025.04.01	03:01:21.134	0.83737	0.83738			6
2025.04.01	03:01:29.782	0.83735	0.83736			6
2025.04.01	03:01:32.326	0.83736	0.83737			6
2025.04.01	03:01:32.864	0.83735	0.83736			6
2025.04.01	03:01:33.196	0.83737	0.83738			6
2025.04.01	03:01:38.936	0.83736	0.83737			6
2025.04.01	03:01:39.246	0.83735	0.83736			6
2025.04.01	03:01:40.370	0.83737	0.83738			6
2025.04.01	03:01:41.187	0.83739	0.83740			6
2025.04.01	03:01:41.494	0.83738	0.83739			6
2025.04.01	03:01:41.966	0.83739	0.83740			6
2025.04.01	03:01:42.674	0.83738	0.83739			6
2025.04.01	03:01:43.061	0.83739	0.83740			6
2025.04.01	03:01:43.410	0.83738	0.83739			6
2025.04.01	03:01:44.293	0.83739	0.83740			6
2025.04.01	03:01:52.454	0.83740	0.83741			6
2025.04.01	03:01:56.745	0.83741	0.83742			6
2025.04.01	03:01:58.106	0.83742	0.83743			6
2025.04.01	03:01:58.428	0.83743	0.83744			6
2025.04.01	03:02:00.209	0.83743				2
2025.04.01	03:02:00.790	0.83744	0.83745			6
2025.04.01	03:02:02.514	0.83743	0.83744			6
2025.04.01	03:02:06.754	0.83740	0.83741			6
2025.04.01	03:02:09.082	0.83741	0.83742			6
2025.04.01	03:02:10.021	0.83742	0.83743			6
2025.04.01	03:02:10.748	0.83741	0.83742			6
2025.04.01	03:02:12.606	0.83740	0.83741			6
2025.04.01	03:02:12.987	0.83737	0.83738			6
2025.04.01	03:02:13.646	0.83738	0.83739			6
2025.04.01	03:02:14.669	0.83736	0.83737			6
2025.04.01	03:02:17.685	0.83737	0.83738			6
2025.04.01	03:02:18.447	0.83736	0.83737			6
2025.04.01	03:02:19.016	0.83737	0.83738			6
2025.04.01	03:02:19.819	0.83736	0.83737			6
2025.04.01	03:02:20.151	0.83737	0.83738			6
2025.04.01	03:02:24.059	0.83736	0.83737			6
2025.04.01	03:02:25.751	0.83737	0.83738			6
2025.04.01	03:02:26.064	0.83738	0.83739			6
2025.04.01	03:02:26.425	0.83737	0.83738			6
2025.04.01	03:02:29.968	0.83738	0.83739			6
2025.04.01	03:02:31.529	0.83737	0.83738			6
2025.04.01	03:02:32.452	0.83738	0.83739			6
2025.04.01	03:02:32.875	0.83737	0.83738			6
2025.04.01	03:02:33.208	0.83738	0.83739			6
2025.04.01	03:02:34.035	0.83737	0.83738			6
2025.04.01	03:02:35.004	0.83736	0.83737			6
2025.04.01	03:02:35.337	0.83737	0.83738			6
2025.04.01	03:02:36.944	0.83738	0.83739			6
2025.04.01	03:02:39.110	0.83739	0.83740			6
2025.04.01	03:02:39.490	0.83738	0.83739			6
2025.04.01	03:02:45.730	0.83739	0.83740			6
2025.04.01	03:02:52.669	0.83737	0.83738			6
2025.04.01	03:02:56.483	0.83738	0.83739			6
2025.04.01	03:03:00.686	0.83738				2
2025.04.01	03:03:01.981	0.83740	0.83741			6
2025.04.01	03:03:02.388	0.83739	0.83740			6
2025.04.01	03:03:03.119	0.83740	0.83741			6
2025.04.01	03:03:05.208	0.83738	0.83739			6
2025.04.01	03:03:13.055	0.83737	0.83738			6
2025.04.01	03:03:17.427	0.83738	0.83739			6
2025.04.01	03:03:21.516	0.83737	0.83738			6
2025.04.01	03:03:22.682	0.83738	0.83739			6
2025.04.01	03:03:23.070	0.83737	0.83738			6
2025.04.01	03:03:23.403	0.83736	0.83737			6
2025.04.01	03:03:32.139	0.83737	0.83738			6
2025.04.01	03:03:37.589	0.83736	0.83737			6
2025.04.01	03:03:37.927	0.83737	0.83738			6
2025.04.01	03:03:38.340	0.83736	0.83737			6
2025.04.01	03:03:44.571	0.83735	0.83736			6
2025.04.01	03:03:45.014	0.83736	0.83737			6
2025.04.01	03:03:47.035	0.83737	0.83738			6
2025.04.01	03:03:47.690	0.83736	0.83737			6
2025.04.01	03:03:54.784	0.83735	0.83736			6
2025.04.01	03:04:00.310	0.83735				2
2025.04.01	03:04:02.941	0.83734	0.83735			6
2025.04.01	03:04:06.639	0.83733	0.83734			6
2025.04.01	03:04:07.363	0.83734	0.83735			6
2025.04.01	03:04:07.723	0.83733	0.83734			6
2025.04.01	03:04:08.909	0.83734	0.83735			6
2025.04.01	03:04:11.878	0.83735	0.83736			6
2025.04.01	03:04:28.162	0.83736	0.83737			6
2025.04.01	03:04:29.832	0.83737	0.83738			6
2025.04.01	03:04:33.642	0.83738	0.83739			6
2025.04.01	03:04:34.501	0.83736	0.83737			6
2025.04.01	03:04:36.347	0.83737	0.83738			6
2025.04.01	03:04:37.744	0.83739	0.83740			6
2025.04.01	03:04:38.047	0.83740	0.83741			6
2025.04.01	03:04:38.861	0.83739	0.83740			6
2025.04.01	03:04:39.228	0.83738	0.83739			6
2025.04.01	03:04:41.604	0.83739	0.83740			6
2025.04.01	03:04:44.708	0.83740	0.83741			6
2025.04.01	03:04:45.015	0.83739	0.83740			6
2025.04.01	03:05:00.445	0.83738	0.83739			6
2025.04.01	03:05:18.065	0.83739	0.83740			6
2025.04.01	03:05:19.329	0.83738	0.83739			6
2025.04.01	03:05:22.548	0.83740	0.83741			6
2025.04.01	03:05:35.243	0.83739	0.83740			6
2025.04.01	03:05:47.195	0.83738	0.83739			6
2025.04.01	03:05:51.813	0.83739	0.83740			6
2025.04.01	03:05:59.441	0.83738	0.83739			6
2025.04.01	03:05:59.747	0.83737	0.83738			6
2025.04.01	03:06:00.117	0.83737				2
2025.04.01	03:06:01.022	0.83738	0.83739			6
2025.04.01	03:07:00.584	0.83738				2
2025.04.01	03:07:01.277		0.83739			4
2025.04.01	03:07:02.501	0.83735	0.83736			6
2025.04.01	03:07:05.061	0.83736	0.83737			6
2025.04.01	03:07:05.754	0.83737	0.83738			6
2025.04.01	03:07:07.827	0.83738	0.83739			6
2025.04.01	03:07:26.764	0.83737	0.83738			6
2025.04.01	03:07:36.706	0.83736	0.83737			6
2025.04.01	03:07:44.714	0.83737	0.83738			6
2025.04.01	03:07:47.919	0.83736	0.83737			6
2025.04.01	03:07:52.167	0.83735	0.83736			6
2025.04.01	03:07:54.433	0.83736	0.83737			6
2025.04.01	03:08:02.070	0.83736				2
2025.04.01	03:08:05.557	0.83735	0.83736			6
2025.04.01	03:08:12.797	0.83736	0.83737			6
2025.04.01	03:08:13.442	0.83735	0.83736			6
2025.04.01	03:08:15.832	0.83736	0.83737			6
2025.04.01	03:08:17.680	0.83735	0.83736			6
2025.04.01	03:08:28.624	0.83733	0.83734			6
2025.04.01	03:08:40.032	0.83731	0.83732			6
2025.04.01	03:08:41.299	0.83732	0.83733			6
2025.04.01	03:08:42.851	0.83733	0.83734			6
2025.04.01	03:08:45.765	0.83732	0.83733			6
2025.04.01	03:08:46.638	0.83733	0.83734			6
2025.04.01	03:08:47.523	0.83734	0.83735			6
2025.04.01	03:08:50.316	0.83737	0.83738			6
2025.04.01	03:08:50.628	0.83738	0.83739			6
2025.04.01	03:08:51.361	0.83739	0.83740			6
2025.04.01	03:09:01.277	0.83739				2
2025.04.01	03:09:08.148	0.83741	0.83742			6
2025.04.01	03:09:08.496	0.83740	0.83741			6
2025.04.01	03:09:09.275	0.83741	0.83742			6
2025.04.01	03:09:12.338	0.83742	0.83743			6
2025.04.01	03:09:14.313	0.83741	0.83742			6
2025.04.01	03:09:22.249	0.83740	0.83741			6
2025.04.01	03:09:22.864	0.83739	0.83740			6
2025.04.01	03:09:27.029	0.83740	0.83741			6
2025.04.01	03:09:27.409	0.83739	0.83740			6
2025.04.01	03:09:32.604	0.83738	0.83739			6
2025.04.01	03:09:32.996	0.83739	0.83740			6
2025.04.01	03:09:35.176	0.83738	0.83739			6
2025.04.01	03:09:35.532	0.83739	0.83740			6
2025.04.01	03:09:35.967	0.83738	0.83739			6
2025.04.01	03:09:43.272	0.83739	0.83740			6
2025.04.01	03:09:45.506	0.83738	0.83739			6
2025.04.01	03:09:46.258	0.83739	0.83740			6
2025.04.01	03:09:46.602	0.83738	0.83739			6
2025.04.01	03:09:51.723	0.83739	0.83740			6
2025.04.01	03:09:53.984	0.83738	0.83739			6
2025.04.01	03:10:01.065	0.83738				2
2025.04.01	03:10:03.617	0.83737	0.83738			6
2025.04.01	03:10:14.046	0.83738	0.83739			6
2025.04.01	03:10:22.367	0.83737	0.83738			6
2025.04.01	03:10:30.703	0.83735	0.83736			6
2025.04.01	03:10:47.038	0.83737	0.83738			6
2025.04.01	03:10:48.939	0.83738	0.83739			6
2025.04.01	03:10:53.766	0.83737	0.83738			6
2025.04.01	03:10:54.465	0.83736	0.83737			6
2025.04.01	03:10:59.943	0.83737	0.83738			6
2025.04.01	03:11:00.350	0.83737				2
2025.04.01	03:11:00.652	0.83736	0.83737			6
2025.04.01	03:11:00.957	0.83737	0.83738			6
2025.04.01	03:11:01.306	0.83736	0.83737			6
2025.04.01	03:11:02.388	0.83737	0.83738			6
2025.04.01	03:11:05.552	0.83735	0.83736			6
2025.04.01	03:11:15.380	0.83736	0.83737			6
2025.04.01	03:11:18.606	0.83735	0.83736			6
2025.04.01	03:11:21.098	0.83734	0.83735			6
2025.04.01	03:11:23.078	0.83735	0.83736			6
2025.04.01	03:11:47.005	0.83736	0.83737			6
2025.04.01	03:11:48.534	0.83735	0.83736			6
2025.04.01	03:11:50.948	0.83736	0.83737			6
2025.04.01	03:11:51.797	0.83735	0.83736			6
2025.04.01	03:11:56.064	0.83736	0.83737			6
2025.04.01	03:12:00.370	0.83736				2
2025.04.01	03:12:03.689	0.83737	0.83738			6
2025.04.01	03:12:04.302	0.83736	0.83737			6
2025.04.01	03:12:08.795	0.83737	0.83738			6
2025.04.01	03:12:12.765	0.83736	0.83737			6
2025.04.01	03:12:18.210	0.83737	0.83738			6
2025.04.01	03:12:19.210	0.83736	0.83737			6
2025.04.01	03:12:19.652	0.83737	0.83738			6
2025.04.01	03:12:19.985	0.83736	0.83737			6
2025.04.01	03:12:24.327	0.83738	0.83739			6
2025.04.01	03:12:33.279	0.83737	0.83738			6
2025.04.01	03:12:34.024	0.83738	0.83739			6
2025.04.01	03:12:45.827	0.83737	0.83738			6
2025.04.01	03:12:46.920	0.83738	0.83739			6
2025.04.01	03:13:00.953	0.83738				2
2025.04.01	03:13:02.166	0.83739	0.83740			6
2025.04.01	03:13:09.994	0.83740	0.83741			6
2025.04.01	03:13:13.962	0.83738	0.83739			6
2025.04.01	03:13:18.969	0.83737	0.83738			6
2025.04.01	03:13:24.035	0.83738	0.83739			6
2025.04.01	03:13:36.792	0.83739	0.83740			6
2025.04.01	03:13:41.376	0.83742	0.83743			6
2025.04.01	03:13:41.779	0.83741	0.83742			6
2025.04.01	03:13:42.758	0.83743	0.83744			6
2025.04.01	03:13:43.418	0.83745	0.83746			6
2025.04.01	03:13:45.357	0.83746	0.83747			6
2025.04.01	03:13:52.645	0.83745	0.83746			6
2025.04.01	03:13:56.727	0.83747	0.83748			6
2025.04.01	03:13:57.686	0.83746	0.83747			6
2025.04.01	03:13:58.437	0.83747	0.83748			6
2025.04.01	03:13:59.493	0.83746	0.83747			6
2025.04.01	03:14:00.057	0.83746				2
2025.04.01	03:14:25.165	0.83742	0.83743			6
2025.04.01	03:14:32.085	0.83745	0.83746			6
2025.04.01	03:14:33.428	0.83744	0.83745			6
2025.04.01	03:14:36.258	0.83746	0.83747			6
2025.04.01	03:14:36.928	0.83745	0.83746			6
2025.04.01	03:14:37.693	0.83746	0.83747			6
2025.04.01	03:14:43.148	0.83747	0.83748			6
2025.04.01	03:14:43.993	0.83746	0.83747			6
2025.04.01	03:14:44.708	0.83747	0.83748			6
2025.04.01	03:14:45.168	0.83746	0.83747			6
2025.04.01	03:14:45.490	0.83747	0.83748			6
2025.04.01	03:14:45.826	0.83746	0.83747			6
2025.04.01	03:14:46.466	0.83747	0.83748			6
2025.04.01	03:14:47.839	0.83746	0.83747			6
2025.04.01	03:14:51.701	0.83747	0.83748			6
2025.04.01	03:14:53.844	0.83746	0.83747			6
2025.04.01	03:14:54.224	0.83747	0.83748			6
2025.04.01	03:14:55.459	0.83748	0.83749			6
2025.04.01	03:14:56.781	0.83747	0.83748			6
2025.04.01	03:14:58.941	0.83748	0.83749			6
2025.04.01	03:15:00.265	0.83747	0.83748			6
2025.04.01	03:15:01.154	0.83749	0.83750			6
2025.04.01	03:15:01.505	0.83748	0.83749			6
2025.04.01	03:15:01.807	0.83747	0.83748			6
2025.04.01	03:15:03.580	0.83746	0.83747			6
2025.04.01	03:15:04.710	0.83745	0.83746			6
2025.04.01	03:15:05.044	0.83746	0.83747			6
2025.04.01	03:15:05.401	0.83745	0.83746			6
2025.04.01	03:15:06.763	0.83747	0.83748			6
2025.04.01	03:15:12.029	0.83746	0.83747			6
2025.04.01	03:15:13.051	0.83747	0.83748			6
2025.04.01	03:15:15.561	0.83746	0.83747			6
2025.04.01	03:15:19.305	0.83747	0.83748			6
2025.04.01	03:15:25.111	0.83746	0.83747			6
2025.04.01	03:15:36.680	0.83745	0.83746			6
2025.04.01	03:15:37.096	0.83746	0.83747			6
2025.04.01	03:15:58.357	0.83747	0.83748			6
2025.04.01	03:15:59.568	0.83748	0.83749			6
2025.04.01	03:16:00.562	0.83749	0.83750			6
2025.04.01	03:16:03.123	0.83750	0.83751			6
2025.04.01	03:16:03.436	0.83749	0.83750			6
2025.04.01	03:16:04.661	0.83747	0.83748			6
2025.04.01	03:16:10.656	0.83746	0.83747			6
2025.04.01	03:16:11.405	0.83747	0.83748			6
2025.04.01	03:16:12.120	0.83746	0.83747			6
2025.04.01	03:16:17.458	0.83747	0.83748			6
2025.04.01	03:16:19.665	0.83746	0.83747			6
2025.04.01	03:16:22.088	0.83747	0.83748			6
2025.04.01	03:16:31.139	0.83748	0.83749			6
2025.04.01	03:16:31.871	0.83749	0.83750			6
2025.04.01	03:16:33.460	0.83748	0.83749			6
2025.04.01	03:16:33.763	0.83749	0.83750			6
2025.04.01	03:16:35.227	0.83747	0.83748			6
2025.04.01	03:16:35.535	0.83745	0.83746			6
2025.04.01	03:16:36.680	0.83746	0.83747			6
2025.04.01	03:16:38.437	0.83747	0.83748			6
2025.04.01	03:16:41.752	0.83748	0.83749			6
2025.04.01	03:16:46.735	0.83749	0.83750			6
2025.04.01	03:16:49.736	0.83748	0.83749			6
2025.04.01	03:16:55.303	0.83749	0.83750			6
2025.04.01	03:16:55.633	0.83748	0.83749			6
2025.04.01	03:16:56.340	0.83746	0.83747			6
2025.04.01	03:16:56.645	0.83747	0.83748			6
2025.04.01	03:16:57.410	0.83746	0.83747			6
2025.04.01	03:16:57.758	0.83747	0.83748			6
2025.04.01	03:17:00.284	0.83746	0.83747			6
2025.04.01	03:17:01.380	0.83745	0.83746			6
2025.04.01	03:17:01.813	0.83746	0.83747			6
2025.04.01	03:17:07.438	0.83745	0.83746			6
2025.04.01	03:17:09.983	0.83746	0.83747			6
2025.04.01	03:17:10.670	0.83745	0.83746			6
2025.04.01	03:17:16.602	0.83746	0.83747			6
2025.04.01	03:17:16.911	0.83745	0.83746			6
2025.04.01	03:17:18.947	0.83746	0.83747			6
2025.04.01	03:17:23.477	0.83747	0.83748			6
2025.04.01	03:17:24.150	0.83746	0.83747			6
2025.04.01	03:17:25.568	0.83747	0.83748			6
2025.04.01	03:17:39.111	0.83745	0.83746			6
2025.04.01	03:17:39.431	0.83746	0.83747			6
2025.04.01	03:17:39.738	0.83747	0.83748			6
2025.04.01	03:17:41.260	0.83746	0.83747			6
2025.04.01	03:17:51.462	0.83747	0.83748			6
2025.04.01	03:17:52.238	0.83746	0.83747			6
2025.04.01	03:17:52.619	0.83747	0.83748			6
2025.04.01	03:17:53.093	0.83746	0.83747			6
2025.04.01	03:17:53.431	0.83747	0.83748			6
2025.04.01	03:17:53.804	0.83746	0.83747			6
2025.04.01	03:17:55.074	0.83747	0.83748			6
2025.04.01	03:17:55.406	0.83746	0.83747			6
2025.04.01	03:17:56.715	0.83747	0.83748			6
2025.04.01	03:17:57.450	0.83746	0.83747			6
2025.04.01	03:18:00.110	0.83746				2
2025.04.01	03:18:01.879	0.83748	0.83749			6
2025.04.01	03:18:02.186	0.83747	0.83748			6
2025.04.01	03:18:02.488	0.83746	0.83747			6
2025.04.01	03:18:05.658	0.83745	0.83746			6
2025.04.01	03:18:05.978	0.83746	0.83747			6
2025.04.01	03:18:08.336	0.83747	0.83748			6
2025.04.01	03:18:18.486	0.83746	0.83747			6
2025.04.01	03:18:19.308	0.83747	0.83748			6
2025.04.01	03:18:19.619	0.83746	0.83747			6
2025.04.01	03:18:23.634	0.83745	0.83746			6
2025.04.01	03:18:24.366	0.83746	0.83747			6
2025.04.01	03:18:41.438	0.83744	0.83745			6
2025.04.01	03:18:41.744	0.83745	0.83746			6
2025.04.01	03:18:48.633	0.83744	0.83745			6
2025.04.01	03:18:49.035	0.83745	0.83746			6
2025.04.01	03:18:49.373	0.83744	0.83745			6
2025.04.01	03:18:49.733	0.83745	0.83746			6
2025.04.01	03:18:52.385	0.83744	0.83745			6
2025.04.01	03:18:57.952	0.83743	0.83744			6
2025.04.01	03:19:00.553	0.83743				2
2025.04.01	03:19:02.106	0.83742	0.83743			6
2025.04.01	03:19:05.067	0.83743	0.83744			6
2025.04.01	03:19:06.832	0.83742	0.83743			6
2025.04.01	03:19:08.507	0.83744	0.83745			6
2025.04.01	03:19:09.906	0.83743	0.83744			6
2025.04.01	03:19:14.378	0.83742	0.83743			6
2025.04.01	03:19:15.259	0.83743	0.83744			6
2025.04.01	03:19:15.619	0.83742	0.83743			6
2025.04.01	03:19:17.551	0.83743	0.83744			6
2025.04.01	03:19:18.238	0.83742	0.83743			6
2025.04.01	03:19:20.814	0.83743	0.83744			6
2025.04.01	03:19:22.695	0.83744	0.83745			6
2025.04.01	03:19:23.081	0.83743	0.83744			6
2025.04.01	03:19:23.480	0.83744	0.83745			6
2025.04.01	03:19:30.841	0.83743	0.83744			6
2025.04.01	03:19:32.777	0.83744	0.83745			6
2025.04.01	03:19:40.608	0.83743	0.83744			6
2025.04.01	03:19:44.577	0.83742	0.83743			6
2025.04.01	03:19:46.429	0.83744	0.83745			6
2025.04.01	03:19:47.473	0.83742	0.83743			6
2025.04.01	03:19:48.106	0.83744	0.83745			6
2025.04.01	03:19:49.471	0.83743	0.83744			6
2025.04.01	03:19:49.814	0.83742	0.83743			6
2025.04.01	03:19:50.265	0.83744	0.83745			6
2025.04.01	03:19:51.077	0.83743	0.83744			6
2025.04.01	03:19:52.802	0.83742	0.83743			6
2025.04.01	03:19:53.746	0.83743	0.83744			6
2025.04.01	03:19:54.192	0.83742	0.83743			6
2025.04.01	03:19:54.960	0.83743	0.83744			6
2025.04.01	03:20:00.496	0.83743				2
2025.04.01	03:20:01.997	0.83742	0.83743			6
2025.04.01	03:20:05.795	0.83741	0.83742			6
2025.04.01	03:20:08.055	0.83742	0.83743			6
2025.04.01	03:20:12.047	0.83741	0.83742			6
2025.04.01	03:20:14.113	0.83740	0.83741			6
2025.04.01	03:20:14.428	0.83741	0.83742			6
2025.04.01	03:20:15.399	0.83742	0.83743			6
2025.04.01	03:20:15.767	0.83740	0.83741			6
2025.04.01	03:20:16.658	0.83741	0.83742			6
2025.04.01	03:20:18.654	0.83742	0.83743			6
2025.04.01	03:20:19.296	0.83741	0.83742			6
2025.04.01	03:20:20.508	0.83740	0.83741			6
2025.04.01	03:20:20.907	0.83741	0.83742			6
2025.04.01	03:20:21.300	0.83740	0.83741			6
2025.04.01	03:20:22.062	0.83741	0.83742			6
2025.04.01	03:20:28.880	0.83742	0.83743			6
2025.04.01	03:20:30.917	0.83741	0.83742			6
2025.04.01	03:20:31.352	0.83742	0.83743			6
2025.04.01	03:20:31.931	0.83741	0.83742			6
2025.04.01	03:20:35.955	0.83742	0.83743			6
2025.04.01	03:20:40.407	0.83741	0.83742			6
2025.04.01	03:20:42.755	0.83740	0.83741			6
2025.04.01	03:20:44.144	0.83741	0.83742			6
2025.04.01	03:20:44.483	0.83740	0.83741			6
2025.04.01	03:20:52.084	0.83741	0.83742			6
2025.04.01	03:20:54.939	0.83740	0.83741			6
2025.04.01	03:20:56.351	0.83739	0.83740			6
2025.04.01	03:21:00.888	0.83739				2
2025.04.01	03:21:02.048	0.83737	0.83738			6
2025.04.01	03:21:05.756	0.83738	0.83739			6
2025.04.01	03:21:08.871	0.83739	0.83740			6
2025.04.01	03:21:12.869	0.83738	0.83739			6
2025.04.01	03:21:20.109	0.83739	0.83740			6
2025.04.01	03:21:21.242	0.83740	0.83741			6
2025.04.01	03:21:21.547	0.83741	0.83742			6
2025.04.01	03:21:21.879	0.83740	0.83741			6
2025.04.01	03:21:24.923	0.83741	0.83742			6
2025.04.01	03:21:26.073	0.83742	0.83743			6
2025.04.01	03:21:29.576	0.83741	0.83742			6
2025.04.01	03:21:36.469	0.83742	0.83743			6
2025.04.01	03:21:41.775	0.83741	0.83742			6
2025.04.01	03:21:42.147	0.83742	0.83743			6
2025.04.01	03:21:43.366	0.83741	0.83742			6
2025.04.01	03:21:44.616	0.83740	0.83741			6
2025.04.01	03:21:45.676	0.83742	0.83743			6
2025.04.01	03:21:49.925	0.83741	0.83742			6
2025.04.01	03:21:51.595	0.83742	0.83743			6
2025.04.01	03:21:52.032	0.83741	0.83742			6
2025.04.01	03:22:00.026	0.83741				2
2025.04.01	03:22:00.337	0.83740	0.83741			6
2025.04.01	03:22:01.891	0.83741	0.83742			6
2025.04.01	03:22:02.574	0.83740	0.83741			6
2025.04.01	03:22:03.547	0.83741	0.83742			6
2025.04.01	03:22:05.148	0.83740	0.83741			6
2025.04.01	03:22:05.525	0.83741	0.83742			6
2025.04.01	03:22:05.896	0.83742	0.83743			6
2025.04.01	03:22:06.254	0.83741	0.83742			6
2025.04.01	03:22:06.568	0.83742	0.83743			6
2025.04.01	03:22:10.921	0.83741	0.83742			6
2025.04.01	03:22:12.146	0.83740	0.83741			6
2025.04.01	03:22:13.176	0.83741	0.83742			6
2025.04.01	03:22:17.995	0.83742	0.83743			6
2025.04.01	03:22:18.378	0.83741	0.83742			6
2025.04.01	03:22:18.703	0.83742	0.83743			6
2025.04.01	03:22:24.088	0.83741	0.83742			6
2025.04.01	03:22:27.720	0.83740	0.83741			6
2025.04.01	03:22:29.986	0.83741	0.83742			6
2025.04.01	03:22:30.961	0.83740	0.83741			6
2025.04.01	03:22:31.265	0.83741	0.83742			6
2025.04.01	03:22:38.692	0.83740	0.83741			6
2025.04.01	03:22:44.846	0.83739	0.83740			6
2025.04.01	03:22:45.993	0.83740	0.83741			6
2025.04.01	03:22:51.864	0.83739	0.83740			6
2025.04.01	03:23:00.346	0.83739				2
2025.04.01	03:23:18.966	0.83740	0.83741			6
2025.04.01	03:23:25.201	0.83741	0.83742			6
2025.04.01	03:23:30.333	0.83740	0.83741			6
2025.04.01	03:23:37.930	0.83741	0.83742			6
2025.04.01	03:23:40.798	0.83744	0.83745			6
2025.04.01	03:23:52.540	0.83743	0.83744			6
2025.04.01	03:23:54.873	0.83742	0.83743			6
2025.04.01	03:23:55.857	0.83743	0.83744			6
2025.04.01	03:23:59.352	0.83742	0.83743			6
2025.04.01	03:23:59.663	0.83743	0.83744			6
2025.04.01	03:24:00.317	0.83742	0.83743			6
2025.04.01	03:24:01.650	0.83741	0.83742			6
2025.04.01	03:24:04.190	0.83742	0.83743			6
2025.04.01	03:24:09.887	0.83741	0.83742			6
2025.04.01	03:24:18.288	0.83742	0.83743			6
2025.04.01	03:24:20.316	0.83743	0.83744			6
2025.04.01	03:24:21.185	0.83742	0.83743			6
2025.04.01	03:24:21.865	0.83743	0.83744			6
2025.04.01	03:24:23.323	0.83742	0.83743			6
2025.04.01	03:24:27.631	0.83743	0.83744			6
2025.04.01	03:24:28.023	0.83742	0.83743			6
2025.04.01	03:24:31.749	0.83743	0.83745			6
2025.04.01	03:24:32.355		0.83744			4
2025.04.01	03:24:32.658	0.83742	0.83743			6
2025.04.01	03:24:36.017	0.83743	0.83744			6
2025.04.01	03:24:45.323	0.83744	0.83745			6
2025.04.01	03:25:00.536	0.83744				2
2025.04.01	03:25:01.976	0.83742	0.83743			6
2025.04.01	03:25:06.708	0.83743	0.83744			6
2025.04.01	03:25:11.045	0.83741	0.83742			6
2025.04.01	03:25:18.981	0.83740	0.83741			6
2025.04.01	03:25:20.321	0.83741	0.83742			6
2025.04.01	03:25:24.314	0.83740	0.83741			6
2025.04.01	03:25:24.819	0.83741	0.83742			6
2025.04.01	03:25:26.375	0.83738	0.83739			6
2025.04.01	03:25:27.550	0.83737	0.83738			6
2025.04.01	03:25:28.176	0.83736	0.83737			6
2025.04.01	03:25:30.756	0.83737	0.83738			6
2025.04.01	03:25:43.678	0.83738	0.83739			6
2025.04.01	03:25:51.752	0.83737	0.83738			6
2025.04.01	03:25:54.647	0.83738	0.83739			6
2025.04.01	03:25:55.495	0.83737	0.83738			6
2025.04.01	03:26:00.407	0.83737				2
2025.04.01	03:26:05.807	0.83736	0.83737			6
2025.04.01	03:26:06.385	0.83737	0.83738			6
2025.04.01	03:26:06.978	0.83736	0.83737			6
2025.04.01	03:27:00.321	0.83736				2
2025.04.01	03:27:02.046	0.83735	0.83736			6
2025.04.01	03:27:06.046	0.83734	0.83735			6
2025.04.01	03:27:24.112	0.83733	0.83734			6
2025.04.01	03:27:26.535	0.83735	0.83736			6
2025.04.01	03:27:27.738	0.83736	0.83737			6
2025.04.01	03:27:37.332	0.83737	0.83738			6
2025.04.01	03:27:51.380	0.83738	0.83739			6
2025.04.01	03:28:00.372	0.83739	0.83740			6
2025.04.01	03:28:01.976	0.83738	0.83739			6
2025.04.01	03:28:11.881	0.83737	0.83738			6
2025.04.01	03:28:31.623	0.83738	0.83739			6
2025.04.01	03:28:32.228	0.83737	0.83738			6
2025.04.01	03:28:36.147	0.83738	0.83739			6
2025.04.01	03:28:36.495	0.83737	0.83738			6
2025.04.01	03:28:37.915	0.83736	0.83737			6
2025.04.01	03:28:42.987	0.83737	0.83738			6
2025.04.01	03:28:46.971	0.83738	0.83740			6
2025.04.01	03:28:47.571	0.83737	0.83738			6
2025.04.01	03:28:58.521	0.83738	0.83739			6
2025.04.01	03:29:00.525	0.83738				2
2025.04.01	03:29:01.031	0.83739	0.83740			6
2025.04.01	03:29:01.701	0.83738	0.83739			6
2025.04.01	03:29:02.006	0.83736	0.83737			6
2025.04.01	03:29:04.968	0.83738	0.83739			6
2025.04.01	03:29:06.577	0.83737	0.83738			6
2025.04.01	03:29:10.020	0.83738	0.83739			6
2025.04.01	03:29:12.454	0.83737	0.83738			6
2025.04.01	03:29:19.277	0.83738	0.83739			6
2025.04.01	03:29:20.086	0.83739	0.83740			6
2025.04.01	03:29:22.894	0.83738	0.83739			6
2025.04.01	03:29:31.004	0.83739	0.83740			6
2025.04.01	03:29:35.014	0.83738	0.83739			6
2025.04.01	03:29:36.176	0.83739	0.83740			6
2025.04.01	03:29:39.402	0.83737	0.83738			6
2025.04.01	03:29:42.606	0.83739	0.83740			6
2025.04.01	03:29:49.880	0.83738	0.83739			6
2025.04.01	03:30:00.423	0.83738				2
2025.04.01	03:30:00.957	0.83740	0.83741			6
2025.04.01	03:30:01.973	0.83739	0.83740			6
2025.04.01	03:30:23.177	0.83738	0.83739			6
2025.04.01	03:30:23.506		0.83740			4
2025.04.01	03:30:23.979		0.83739			4
2025.04.01	03:30:31.970	0.83739	0.83740			6
2025.04.01	03:30:35.092	0.83740	0.83741			6
2025.04.01	03:30:44.034	0.83738	0.83739			6
2025.04.01	03:30:49.192	0.83736	0.83737			6
2025.04.01	03:30:51.326	0.83737	0.83738			6
2025.04.01	03:30:52.863	0.83736	0.83737			6
2025.04.01	03:31:00.107	0.83736				2
2025.04.01	03:31:07.055	0.83737	0.83738			6
2025.04.01	03:31:29.351	0.83736	0.83737			6
2025.04.01	03:31:29.722	0.83737	0.83738			6
2025.04.01	03:31:41.518	0.83736	0.83737			6
2025.04.01	03:31:47.674	0.83737	0.83738			6
2025.04.01	03:32:00.331	0.83737				2
2025.04.01	03:32:33.031	0.83740	0.83741			6
2025.04.01	03:32:34.301	0.83739	0.83740			6
2025.04.01	03:32:36.460	0.83740	0.83741			6
2025.04.01	03:32:38.756	0.83739	0.83740			6
2025.04.01	03:32:40.768	0.83741	0.83742			6
2025.04.01	03:32:41.560	0.83740	0.83741			6
2025.04.01	03:32:42.491	0.83741	0.83742			6
2025.04.01	03:32:43.292	0.83740	0.83741			6
2025.04.01	03:32:54.257	0.83741	0.83742			6
2025.04.01	03:32:55.455	0.83740	0.83741			6
2025.04.01	03:33:00.550	0.83739	0.83740			6
2025.04.01	03:33:00.947	0.83740	0.83741			6
2025.04.01	03:33:08.991	0.83741	0.83742			6
2025.04.01	03:33:10.638	0.83740	0.83741			6
2025.04.01	03:33:16.525	0.83742	0.83743			6
2025.04.01	03:33:17.691	0.83743	0.83744			6
2025.04.01	03:33:18.720	0.83742	0.83743			6
2025.04.01	03:33:25.490	0.83741	0.83742			6
2025.04.01	03:33:25.819	0.83742	0.83743			6
2025.04.01	03:33:32.549	0.83741	0.83742			6
2025.04.01	03:33:33.707	0.83742	0.83743			6
2025.04.01	03:33:35.665	0.83743	0.83744			6
2025.04.01	03:33:37.064	0.83742	0.83743			6
2025.04.01	03:33:38.089	0.83743	0.83744			6
2025.04.01	03:33:56.607	0.83742	0.83743			6
2025.04.01	03:33:57.836	0.83741	0.83742			6
2025.04.01	03:33:59.283	0.83742	0.83743			6
2025.04.01	03:34:00.152	0.83742				2
2025.04.01	03:34:04.691	0.83743	0.83744			6
2025.04.01	03:34:09.988	0.83742	0.83743			6
2025.04.01	03:34:14.642	0.83741	0.83742			6
2025.04.01	03:34:16.063	0.83742	0.83743			6
2025.04.01	03:34:17.739	0.83741	0.83742			6
2025.04.01	03:34:19.151	0.83742	0.83743			6
2025.04.01	03:34:19.484	0.83741	0.83742			6
2025.04.01	03:34:20.408	0.83742	0.83743			6
2025.04.01	03:34:21.341	0.83741	0.83742			6
2025.04.01	03:34:22.416	0.83742	0.83743			6
2025.04.01	03:34:23.982	0.83741	0.83742			6
2025.04.01	03:34:24.862	0.83742	0.83743			6
2025.04.01	03:34:27.625	0.83743	0.83744			6
2025.04.01	03:34:27.997	0.83742	0.83743			6
2025.04.01	03:34:33.640	0.83741	0.83742			6
2025.04.01	03:34:35.038	0.83742	0.83743			6
2025.04.01	03:34:35.388	0.83741	0.83742			6
2025.04.01	03:34:35.697	0.83742	0.83743			6
2025.04.01	03:34:39.225	0.83741	0.83742			6
2025.04.01	03:34:39.623	0.83742	0.83743			6
2025.04.01	03:34:41.767	0.83741	0.83742			6
2025.04.01	03:34:43.269	0.83742	0.83743			6
2025.04.01	03:34:43.629	0.83741	0.83742			6
2025.04.01	03:34:44.179	0.83742	0.83743			6
2025.04.01	03:34:44.995	0.83743	0.83744			6
2025.04.01	03:34:45.374	0.83742	0.83743			6
2025.04.01	03:34:59.698	0.83741	0.83742			6
2025.04.01	03:35:00.226	0.83742	0.83743			6
2025.04.01	03:35:00.560	0.83741	0.83742			6
2025.04.01	03:35:00.885	0.83742	0.83743			6
2025.04.01	03:35:01.584	0.83743	0.83744			6
2025.04.01	03:35:01.980	0.83742	0.83743			6
2025.04.01	03:35:02.298	0.83743	0.83744			6
2025.04.01	03:35:06.721	0.83744	0.83745			6
2025.04.01	03:35:07.078	0.83741	0.83742			6
2025.04.01	03:35:07.388	0.83742	0.83743			6
2025.04.01	03:35:08.209	0.83741	0.83742			6
2025.04.01	03:35:09.583	0.83742	0.83743			6
2025.04.01	03:35:09.885	0.83741	0.83742			6
2025.04.01	03:35:11.841	0.83742	0.83743			6
2025.04.01	03:35:12.147	0.83741	0.83742			6
2025.04.01	03:35:26.953	0.83740	0.83741			6
2025.04.01	03:35:27.514	0.83742	0.83743			6
2025.04.01	03:35:28.056	0.83741	0.83742			6
2025.04.01	03:35:43.744	0.83742	0.83743			6
2025.04.01	03:35:45.431	0.83741	0.83742			6
2025.04.01	03:35:45.949	0.83742	0.83743			6
2025.04.01	03:35:47.488	0.83741	0.83742			6
2025.04.01	03:35:52.993	0.83740	0.83741			6
2025.04.01	03:35:53.876	0.83742	0.83743			6
2025.04.01	03:36:00.012	0.83742				2
2025.04.01	03:36:03.156	0.83741	0.83742			6
2025.04.01	03:36:05.740	0.83740	0.83741			6
2025.04.01	03:36:09.409	0.83741	0.83742			6
2025.04.01	03:36:12.008	0.83740	0.83741			6
2025.04.01	03:36:13.290	0.83743	0.83744			6
2025.04.01	03:36:14.345	0.83742	0.83743			6
2025.04.01	03:36:20.702	0.83743	0.83744			6
2025.04.01	03:36:21.023	0.83742	0.83743			6
2025.04.01	03:36:21.910	0.83743	0.83744			6
2025.04.01	03:36:22.687	0.83742	0.83743			6
2025.04.01	03:36:31.461	0.83743	0.83744			6
2025.04.01	03:36:32.410	0.83740	0.83741			6
2025.04.01	03:36:32.715	0.83741	0.83742			6
2025.04.01	03:36:33.606	0.83740	0.83741			6
2025.04.01	03:36:36.963	0.83739	0.83740			6
2025.04.01	03:36:42.836	0.83740	0.83741			6
2025.04.01	03:36:44.920	0.83739	0.83740			6
2025.04.01	03:36:53.208	0.83740	0.83741			6
2025.04.01	03:36:54.806	0.83739	0.83740			6
2025.04.01	03:36:58.408	0.83740	0.83741			6
2025.04.01	03:36:59.472	0.83741	0.83742			6
2025.04.01	03:36:59.971	0.83740	0.83741			6
2025.04.01	03:37:00.391	0.83741	0.83742			6
2025.04.01	03:37:05.952	0.83740	0.83741			6
2025.04.01	03:37:06.629	0.83741	0.83742			6
2025.04.01	03:37:07.051	0.83740	0.83741			6
2025.04.01	03:37:08.195	0.83741	0.83742			6
2025.04.01	03:37:08.821	0.83742	0.83743			6
2025.04.01	03:37:15.905	0.83741	0.83742			6
2025.04.01	03:37:20.282	0.83742	0.83743			6
2025.04.01	03:37:21.969	0.83741	0.83742			6
2025.04.01	03:37:26.299	0.83740	0.83741			6
2025.04.01	03:37:27.362	0.83739	0.83740			6
2025.04.01	03:37:28.995	0.83738	0.83739			6
2025.04.01	03:37:39.742	0.83739	0.83740			6
2025.04.01	03:37:53.341	0.83738	0.83739			6
2025.04.01	03:37:53.753	0.83740	0.83741			6
2025.04.01	03:37:59.637	0.83738	0.83739			6
2025.04.01	03:38:00.251	0.83739	0.83740			6
2025.04.01	03:38:00.554	0.83738	0.83739			6
2025.04.01	03:38:02.828	0.83739	0.83740			6
2025.04.01	03:38:11.780	0.83740	0.83741			6
2025.04.01	03:38:12.107	0.83739	0.83740			6
2025.04.01	03:38:27.224	0.83738	0.83739			6
2025.04.01	03:38:27.705	0.83740	0.83741			6
2025.04.01	03:38:35.321	0.83739	0.83740			6
2025.04.01	03:38:40.363	0.83740	0.83741			6
2025.04.01	03:38:48.004	0.83741	0.83742			6
2025.04.01	03:38:48.306	0.83740	0.83741			6
2025.04.01	03:38:48.629	0.83741	0.83742			6
2025.04.01	03:38:49.739	0.83742	0.83743			6
2025.04.01	03:38:51.187	0.83741	0.83742			6
2025.04.01	03:38:52.040	0.83742	0.83743			6
2025.04.01	03:38:53.510	0.83741	0.83742			6
2025.04.01	03:38:58.572	0.83742	0.83743			6
2025.04.01	03:39:00.135	0.83742				2
2025.04.01	03:39:08.057	0.83741	0.83742			6
2025.04.01	03:39:10.757	0.83742	0.83743			6
2025.04.01	03:39:11.112	0.83741	0.83742			6
2025.04.01	03:39:12.666	0.83742	0.83743			6
2025.04.01	03:39:18.673	0.83741	0.83742			6
2025.04.01	03:39:21.143	0.83742	0.83743			6
2025.04.01	03:39:21.757	0.83741	0.83742			6
2025.04.01	03:39:23.271	0.83742	0.83743			6
2025.04.01	03:39:25.130	0.83743	0.83744			6
2025.04.01	03:39:27.940	0.83744	0.83745			6
2025.04.01	03:39:31.101	0.83743	0.83744			6
2025.04.01	03:39:37.858	0.83742	0.83743			6
2025.04.01	03:39:49.417	0.83743	0.83744			6
2025.04.01	03:39:50.353	0.83742	0.83743			6
2025.04.01	03:39:56.200	0.83743	0.83744			6
2025.04.01	03:39:57.715	0.83742	0.83743			6
2025.04.01	03:39:59.311	0.83743	0.83744			6
2025.04.01	03:40:00.574	0.83743				2
2025.04.01	03:40:00.904	0.83742	0.83743			6
2025.04.01	03:40:01.522	0.83741	0.83742			6
2025.04.01	03:40:02.220	0.83742	0.83743			6
2025.04.01	03:40:02.914	0.83741	0.83742			6
2025.04.01	03:40:03.965	0.83742	0.83743			6
2025.04.01	03:40:04.468	0.83741	0.83742			6
2025.04.01	03:40:04.837	0.83742	0.83743			6
2025.04.01	03:40:09.609	0.83741	0.83742			6
2025.04.01	03:40:18.224	0.83742	0.83743			6
2025.04.01	03:40:22.840	0.83741	0.83742			6
2025.04.01	03:40:24.906	0.83742	0.83743			6
2025.04.01	03:40:25.885	0.83741	0.83742			6
2025.04.01	03:40:27.447	0.83742	0.83743			6
2025.04.01	03:40:27.783	0.83741	0.83742			6
2025.04.01	03:40:28.091	0.83742	0.83743			6
2025.04.01	03:40:29.641	0.83741	0.83742			6
2025.04.01	03:40:35.939	0.83742	0.83743			6
2025.04.01	03:40:38.125	0.83741	0.83742			6
2025.04.01	03:40:39.036	0.83742	0.83743			6
2025.04.01	03:40:39.748	0.83744	0.83745			6
2025.04.01	03:40:40.456	0.83742	0.83743			6
2025.04.01	03:40:43.208	0.83743	0.83744			6
2025.04.01	03:40:44.802	0.83742	0.83743			6
2025.04.01	03:40:45.288	0.83743	0.83744			6
2025.04.01	03:40:51.719	0.83742	0.83743			6
2025.04.01	03:40:52.216	0.83743	0.83744			6
2025.04.01	03:40:53.033	0.83744	0.83745			6
2025.04.01	03:40:53.361	0.83743	0.83744			6
2025.04.01	03:40:53.667	0.83742	0.83743			6
2025.04.01	03:40:55.169	0.83743	0.83744			6
2025.04.01	03:40:55.507	0.83742	0.83743			6
2025.04.01	03:40:56.433	0.83743	0.83744			6
2025.04.01	03:41:00.008	0.83742	0.83743			6
2025.04.01	03:41:00.343	0.83743	0.83744			6
2025.04.01	03:41:01.024	0.83742	0.83743			6
2025.04.01	03:41:05.977	0.83743	0.83744			6
2025.04.01	03:41:06.847	0.83744	0.83745			6
2025.04.01	03:41:10.303	0.83745	0.83746			6
2025.04.01	03:41:11.026	0.83744	0.83745			6
2025.04.01	03:41:12.491	0.83745	0.83746			6
2025.04.01	03:41:13.745	0.83744	0.83745			6
2025.04.01	03:41:15.015	0.83743	0.83744			6
2025.04.01	03:41:15.780	0.83744	0.83745			6
2025.04.01	03:41:16.086	0.83743	0.83744			6
2025.04.01	03:41:18.779	0.83742	0.83743			6
2025.04.01	03:41:20.542	0.83743	0.83744			6
2025.04.01	03:41:20.848	0.83744	0.83745			6
2025.04.01	03:41:24.666	0.83743	0.83744			6
2025.04.01	03:41:27.873	0.83744	0.83745			6
2025.04.01	03:41:29.560	0.83743	0.83744			6
2025.04.01	03:41:32.757	0.83744	0.83745			6
2025.04.01	03:41:34.355	0.83743	0.83744			6
2025.04.01	03:41:34.663	0.83744	0.83745			6
2025.04.01	03:41:39.225	0.83743	0.83744			6
2025.04.01	03:41:40.780	0.83744	0.83745			6
2025.04.01	03:41:49.641	0.83745	0.83746			6
2025.04.01	03:41:50.562	0.83743	0.83744			6
2025.04.01	03:41:51.341	0.83742	0.83743			6
2025.04.01	03:41:53.643	0.83743	0.83744			6
2025.04.01	03:41:57.591	0.83742	0.83743			6
2025.04.01	03:41:58.366	0.83743	0.83744			6
2025.04.01	03:42:00.129	0.83742	0.83743			6
2025.04.01	03:42:00.552	0.83743	0.83744			6
2025.04.01	03:42:03.654	0.83744	0.83745			6
2025.04.01	03:42:04.030	0.83745	0.83746			6
2025.04.01	03:42:04.399	0.83744	0.83745			6
2025.04.01	03:42:04.797	0.83743	0.83744			6
2025.04.01	03:42:05.162	0.83744	0.83745			6
2025.04.01	03:42:10.076	0.83743	0.83744			6
2025.04.01	03:42:11.120	0.83742	0.83743			6
2025.04.01	03:42:14.451	0.83743	0.83744			6
2025.04.01	03:42:21.609	0.83742	0.83743			6
2025.04.01	03:42:21.909	0.83744	0.83745			6
2025.04.01	03:42:22.226	0.83743	0.83744			6
2025.04.01	03:42:33.102	0.83742	0.83743			6
2025.04.01	03:42:34.236	0.83743	0.83744			6
2025.04.01	03:42:34.610	0.83742	0.83743			6
2025.04.01	03:42:35.313	0.83743	0.83744			6
2025.04.01	03:42:35.639	0.83742	0.83743			6
2025.04.01	03:42:37.547	0.83743	0.83744			6
2025.04.01	03:42:37.997	0.83742	0.83743			6
2025.04.01	03:42:38.915	0.83743	0.83744			6
2025.04.01	03:42:39.600	0.83742	0.83743			6
2025.04.01	03:42:50.571	0.83741	0.83742			6
2025.04.01	03:42:51.076	0.83743	0.83744			6
2025.04.01	03:42:51.601	0.83742	0.83743			6
2025.04.01	03:42:55.045	0.83743	0.83744			6
2025.04.01	03:42:55.668	0.83742	0.83743			6
2025.04.01	03:43:00.304	0.83742				2
2025.04.01	03:43:10.639	0.83743	0.83744			6
2025.04.01	03:43:10.983	0.83742	0.83743			6
2025.04.01	03:43:13.009	0.83743	0.83744			6
2025.04.01	03:43:23.932	0.83742	0.83743			6
2025.04.01	03:43:24.250	0.83743	0.83744			6
2025.04.01	03:43:24.559	0.83742	0.83743			6
2025.04.01	03:43:25.178	0.83743	0.83744			6
2025.04.01	03:43:36.631	0.83742	0.83743			6
2025.04.01	03:43:37.844	0.83743	0.83744			6
2025.04.01	03:43:39.073	0.83742	0.83743			6
2025.04.01	03:43:39.995	0.83743	0.83744			6
2025.04.01	03:43:48.053	0.83742	0.83743			6
2025.04.01	03:43:49.498	0.83743	0.83744			6
2025.04.01	03:43:54.107	0.83742	0.83743			6
2025.04.01	03:43:56.301	0.83741	0.83742			6
2025.04.01	03:44:00.547	0.83741				2
2025.04.01	03:44:32.731	0.83740	0.83741			6
2025.04.01	03:44:38.047	0.83739	0.83740			6
2025.04.01	03:44:40.992	0.83738	0.83739			6
2025.04.01	03:44:41.307	0.83739	0.83740			6
2025.04.01	03:44:45.343	0.83740	0.83741			6
2025.04.01	03:44:46.631	0.83741	0.83742			6
2025.04.01	03:44:52.068	0.83740	0.83741			6
2025.04.01	03:44:52.557	0.83741	0.83742			6
2025.04.01	03:44:55.641	0.83740	0.83741			6
2025.04.01	03:44:56.714	0.83741	0.83742			6
2025.04.01	03:44:58.943	0.83740	0.83741			6
2025.04.01	03:45:00.294	0.83740				2
2025.04.01	03:45:04.704	0.83741	0.83742			6
2025.04.01	03:45:11.651	0.83740	0.83741			6
2025.04.01	03:45:12.753	0.83741	0.83742			6
2025.04.01	03:45:17.013	0.83742	0.83743			6
2025.04.01	03:45:18.359	0.83741	0.83742			6
2025.04.01	03:45:19.066	0.83742	0.83743			6
2025.04.01	03:45:19.729	0.83740	0.83741			6
2025.04.01	03:45:20.633	0.83739	0.83740			6
2025.04.01	03:45:20.943	0.83740	0.83741			6
2025.04.01	03:45:21.484	0.83739	0.83740			6
2025.04.01	03:45:24.722	0.83740	0.83741			6
2025.04.01	03:45:25.119	0.83739	0.83740			6
2025.04.01	03:45:29.329	0.83740	0.83741			6
2025.04.01	03:45:36.357	0.83739	0.83740			6
2025.04.01	03:45:36.747	0.83740	0.83741			6
2025.04.01	03:45:37.140	0.83739	0.83740			6
2025.04.01	03:45:39.890	0.83740	0.83741			6
2025.04.01	03:45:51.319	0.83738	0.83739			6
2025.04.01	03:46:01.079	0.83738				2
2025.04.01	03:46:04.357	0.83736	0.83737			6
2025.04.01	03:46:04.722	0.83737	0.83738			6
2025.04.01	03:46:12.084	0.83738	0.83739			6
2025.04.01	03:46:12.930	0.83739	0.83740			6
2025.04.01	03:46:13.982	0.83738	0.83739			6
2025.04.01	03:46:15.298	0.83739	0.83740			6
2025.04.01	03:46:15.746	0.83738	0.83739			6
2025.04.01	03:46:18.950	0.83739	0.83740			6
2025.04.01	03:46:19.358	0.83738	0.83739			6
2025.04.01	03:46:20.180	0.83739	0.83740			6
2025.04.01	03:46:37.493	0.83740	0.83741			6
2025.04.01	03:46:50.879	0.83739	0.83740			6
2025.04.01	03:47:00.065	0.83739				2
2025.04.01	03:47:03.784	0.83738	0.83739			6
2025.04.01	03:47:08.165	0.83737	0.83738			6
2025.04.01	03:47:09.727	0.83739	0.83740			6
2025.04.01	03:47:39.616	0.83740	0.83741			6
2025.04.01	03:47:40.378	0.83739	0.83740			6
2025.04.01	03:47:49.190	0.83738	0.83739			6
2025.04.01	03:47:52.639	0.83737	0.83738			6
2025.04.01	03:47:52.975	0.83738	0.83739			6
2025.04.01	03:47:53.279	0.83740	0.83741			6
2025.04.01	03:47:54.011	0.83741	0.83742			6
2025.04.01	03:48:00.352	0.83741				2
2025.04.01	03:48:05.477	0.83742	0.83743			6
2025.04.01	03:48:15.793	0.83743	0.83744			6
2025.04.01	03:48:18.056	0.83744	0.83745			6
2025.04.01	03:48:18.398	0.83743	0.83744			6
2025.04.01	03:48:19.295	0.83744	0.83745			6
2025.04.01	03:48:21.389	0.83743	0.83744			6
2025.04.01	03:48:31.684	0.83745	0.83746			6
2025.04.01	03:48:36.742	0.83744	0.83745			6
2025.04.01	03:48:50.308	0.83745	0.83746			6
2025.04.01	03:48:58.100	0.83744	0.83745			6
2025.04.01	03:49:00.723	0.83744				2
2025.04.01	03:49:03.318	0.83745	0.83746			6
2025.04.01	03:49:04.330	0.83744	0.83745			6
2025.04.01	03:49:05.577	0.83745	0.83746			6
2025.04.01	03:49:06.329	0.83744	0.83745			6
2025.04.01	03:49:09.459	0.83745	0.83746			6
2025.04.01	03:49:09.958	0.83744	0.83745			6
2025.04.01	03:49:12.152	0.83745	0.83746			6
2025.04.01	03:49:15.072	0.83746	0.83747			6
2025.04.01	03:49:15.409	0.83745	0.83746			6
2025.04.01	03:49:15.742	0.83746	0.83747			6
2025.04.01	03:49:16.190	0.83745	0.83746			6
2025.04.01	03:49:16.754	0.83746	0.83747			6
2025.04.01	03:49:23.869	0.83745	0.83746			6
2025.04.01	03:49:31.360	0.83746	0.83747			6
2025.04.01	03:49:31.717	0.83745	0.83746			6
2025.04.01	03:49:41.115	0.83744	0.83745			6
2025.04.01	03:49:41.731	0.83745	0.83746			6
2025.04.01	03:49:43.064	0.83744	0.83745			6
2025.04.01	03:49:51.664	0.83745	0.83746			6
2025.04.01	03:50:00.322	0.83745				2
2025.04.01	03:50:02.752	0.83744	0.83745			6
2025.04.01	03:50:03.477	0.83745	0.83746			6
2025.04.01	03:50:08.855	0.83746	0.83747			6
2025.04.01	03:50:10.158	0.83747	0.83748			6
2025.04.01	03:50:12.696	0.83746	0.83747			6
2025.04.01	03:50:14.515	0.83747	0.83748			6
2025.04.01	03:50:15.136	0.83745	0.83746			6
2025.04.01	03:50:16.346	0.83744	0.83745			6
2025.04.01	03:50:16.716	0.83745	0.83746			6
2025.04.01	03:50:17.107	0.83744	0.83745			6
2025.04.01	03:50:19.610	0.83745	0.83746			6
2025.04.01	03:50:20.006	0.83744	0.83745			6
2025.04.01	03:50:22.358	0.83745	0.83746			6
2025.04.01	03:50:22.759	0.83744	0.83745			6
2025.04.01	03:50:23.210	0.83745	0.83746			6
2025.04.01	03:50:29.024	0.83744	0.83745			6
2025.04.01	03:50:29.502	0.83745	0.83746			6
2025.04.01	03:50:34.018	0.83744	0.83745			6
2025.04.01	03:50:34.356	0.83743	0.83744			6
2025.04.01	03:50:39.244	0.83744	0.83745			6
2025.04.01	03:50:39.828	0.83745	0.83746			6
2025.04.01	03:50:40.878	0.83744	0.83745			6
2025.04.01	03:50:41.749	0.83745	0.83746			6
2025.04.01	03:50:42.056	0.83744	0.83745			6
2025.04.01	03:50:42.605	0.83745	0.83746			6
2025.04.01	03:50:42.943	0.83744	0.83745			6
2025.04.01	03:50:43.259	0.83745	0.83746			6
2025.04.01	03:50:44.570	0.83744	0.83745			6
2025.04.01	03:50:48.099	0.83745	0.83746			6
2025.04.01	03:50:49.179	0.83746	0.83747			6
2025.04.01	03:50:50.367	0.83745	0.83746			6
2025.04.01	03:50:50.682	0.83744	0.83745			6
2025.04.01	03:50:51.546	0.83745	0.83746			6
2025.04.01	03:50:52.343	0.83743	0.83744			6
2025.04.01	03:50:52.750	0.83741	0.83742			6
2025.04.01	03:51:00.410	0.83741				2
2025.04.01	03:51:10.507	0.83740	0.83741			6
2025.04.01	03:51:11.419	0.83739	0.83740			6
2025.04.01	03:51:12.066	0.83740	0.83741			6
2025.04.01	03:51:12.370	0.83739	0.83740			6
2025.04.01	03:51:13.124	0.83738	0.83739			6
2025.04.01	03:51:14.425	0.83739	0.83740			6
2025.04.01	03:51:15.434	0.83740	0.83741			6
2025.04.01	03:51:32.246	0.83739	0.83740			6
2025.04.01	03:51:41.363	0.83738	0.83739			6
