<DATE>	<TIME>	<BID>	<ASK>	<LAST>	<VOLUME>	<FLAGS>
2025.02.19	00:00:00.018	0.82807	0.82861			6
2025.02.19	00:00:00.316	0.82770	0.82883			6
2025.02.19	00:00:01.227	0.82764	0.82896			6
2025.02.19	00:00:01.672	0.82778	0.82907			6
2025.02.19	00:00:08.366	0.82752	0.82873			6
2025.02.19	00:00:09.274		0.82867			4
2025.02.19	00:00:10.485		0.82873			4
2025.02.19	00:00:15.329	0.82798				2
2025.02.19	00:00:20.776	0.82752				2
2025.02.19	00:00:26.224	0.82753	0.82871			6
2025.02.19	00:00:31.371	0.82739				2
2025.02.19	00:00:32.367	0.82742	0.82876			6
2025.02.19	00:00:35.876	0.82758				2
2025.02.19	00:00:36.635		0.82881			4
2025.02.19	00:00:37.826	0.82797	0.82919			6
2025.02.19	00:00:43.809	0.82744	0.82886			6
2025.02.19	00:00:45.845		0.82885			4
2025.02.19	00:00:48.267		0.82886			4
2025.02.19	00:00:51.887		0.82885			4
2025.02.19	00:00:55.807		0.82884			4
2025.02.19	00:00:57.088	0.82758				2
2025.02.19	00:00:59.495	0.82760	0.82888			6
2025.02.19	00:00:59.976	0.82758	0.82883			6
2025.02.19	00:01:01.202	0.82758	0.82867			6
2025.02.19	00:01:02.306	0.82754				2
2025.02.19	00:01:03.002	0.82755	0.82864			6
2025.02.19	00:01:05.487	0.82758				2
2025.02.19	00:01:05.980	0.82755	0.82863			6
2025.02.19	00:01:07.207	0.82756	0.82862			6
2025.02.19	00:01:11.567		0.82861			4
2025.02.19	00:01:14.704		0.82860			4
2025.02.19	00:01:16.511	0.82759	0.82861			6
2025.02.19	00:01:17.087	0.82756	0.82860			6
2025.02.19	00:01:18.214	0.82768	0.82861			6
2025.02.19	00:01:18.882		0.82860			4
2025.02.19	00:01:20.682		0.82859			4
2025.02.19	00:01:23.115		0.82860			4
2025.02.19	00:01:23.676		0.82859			4
2025.02.19	00:01:27.985		0.82858			4
2025.02.19	00:01:33.611		0.82859			4
2025.02.19	00:01:34.188		0.82858			4
2025.02.19	00:01:43.213		0.82857			4
2025.02.19	00:01:45.903	0.82761	0.82844			6
2025.02.19	00:01:46.418	0.82763	0.82842			6
2025.02.19	00:01:48.315	0.82768	0.82843			6
2025.02.19	00:01:48.876		0.82842			4
2025.02.19	00:01:50.103	0.82774	0.82839			6
2025.02.19	00:02:00.904	0.82774				2
2025.02.19	00:02:20.006	0.82775	0.82836			6
2025.02.19	00:03:00.599	0.82775				2
2025.02.19	00:03:07.131	0.82782	0.82839			6
2025.02.19	00:03:07.988	0.82785				2
2025.02.19	00:03:12.163	0.82759				2
2025.02.19	00:03:13.173	0.82746	0.82842			6
2025.02.19	00:03:13.590	0.82771	0.82827			6
2025.02.19	00:03:14.397	0.82773	0.82830			6
2025.02.19	00:03:14.979	0.82768				2
2025.02.19	00:03:16.226	0.82773				2
2025.02.19	00:03:17.078	0.82771	0.82827			6
2025.02.19	00:03:18.302	0.82749	0.82849			6
2025.02.19	00:03:19.336	0.82759	0.82856			6
2025.02.19	00:03:41.324	0.82789				2
2025.02.19	00:03:43.875		0.82842			4
2025.02.19	00:03:46.052		0.82841			4
2025.02.19	00:03:47.511	0.82790				2
2025.02.19	00:03:49.453	0.82791	0.82842			6
2025.02.19	00:03:56.664	0.82790	0.82830			6
2025.02.19	00:04:00.423	0.82790				2
2025.02.19	00:04:27.308		0.82849			4
2025.02.19	00:04:59.978	0.82796	0.82852			6
2025.02.19	00:05:01.555	0.82796				2
2025.02.19	00:05:06.111		0.82840			4
2025.02.19	00:05:08.613	0.82798				2
2025.02.19	00:05:10.359	0.82792	0.82838			6
2025.02.19	00:05:12.268	0.82782				2
2025.02.19	00:05:15.971		0.82839			4
2025.02.19	00:05:18.323	0.82769	0.82827			6
2025.02.19	00:05:19.071	0.82772				2
2025.02.19	00:05:20.088		0.82834			4
2025.02.19	00:05:22.972	0.82767	0.82824			6
2025.02.19	00:05:23.330		0.82825			4
2025.02.19	00:05:23.635		0.82830			4
2025.02.19	00:05:24.358		0.82834			4
2025.02.19	00:05:24.816	0.82758	0.82842			6
2025.02.19	00:05:27.434	0.82753	0.82823			6
2025.02.19	00:05:27.792	0.82758	0.82842			6
2025.02.19	00:05:28.680	0.82759				2
2025.02.19	00:05:29.696		0.82843			4
2025.02.19	00:05:33.225		0.82841			4
2025.02.19	00:05:35.188		0.82842			4
2025.02.19	00:05:36.370		0.82839			4
2025.02.19	00:05:39.814		0.82838			4
2025.02.19	00:05:40.341		0.82837			4
2025.02.19	00:05:44.527		0.82838			4
2025.02.19	00:05:50.138	0.82766	0.82836			6
2025.02.19	00:05:57.905	0.82787	0.82834			6
2025.02.19	00:06:00.353	0.82787				2
2025.02.19	00:06:06.563		0.82839			4
2025.02.19	00:06:07.116	0.82781	0.82836			6
2025.02.19	00:06:08.122	0.82754	0.82833			6
2025.02.19	00:06:08.460	0.82781	0.82836			6
2025.02.19	00:06:20.360		0.82834			4
2025.02.19	00:06:22.333	0.82760				2
2025.02.19	00:06:24.356	0.82761	0.82833			6
2025.02.19	00:06:30.307	0.82759	0.82830			6
2025.02.19	00:07:01.790	0.82759				2
2025.02.19	00:07:35.100	0.82754	0.82828			6
2025.02.19	00:07:36.162	0.82755				2
2025.02.19	00:07:37.334	0.82759	0.82838			6
2025.02.19	00:07:38.359		0.82850			4
2025.02.19	00:07:48.371		0.82838			4
2025.02.19	00:07:59.064	0.82780	0.82831			6
2025.02.19	00:07:59.398	0.82779				2
2025.02.19	00:08:00.375	0.82779	0.82840			6
2025.02.19	00:08:02.616	0.82754	0.82833			6
2025.02.19	00:08:02.951	0.82779	0.82840			6
2025.02.19	00:08:03.920	0.82754	0.82835			6
2025.02.19	00:08:04.255	0.82787	0.82844			6
2025.02.19	00:08:10.357		0.82835			4
2025.02.19	00:08:12.430	0.82757				2
2025.02.19	00:08:12.771	0.82787				2
2025.02.19	00:08:35.969		0.82839			4
2025.02.19	00:08:41.362		0.82855			4
2025.02.19	00:08:42.354		0.82861			4
2025.02.19	00:08:44.828	0.82779	0.82827			6
2025.02.19	00:08:45.377	0.82784	0.82832			6
2025.02.19	00:08:45.887		0.82839			4
2025.02.19	00:08:50.181		0.82835			4
2025.02.19	00:08:56.358		0.82834			4
2025.02.19	00:08:56.791	0.82751				2
2025.02.19	00:09:11.561	0.82751				2
2025.02.19	00:09:18.329	0.82756	0.82832			6
2025.02.19	00:09:32.442	0.82750	0.82815			6
2025.02.19	00:09:32.799		0.82816			4
2025.02.19	00:09:33.103		0.82810			4
2025.02.19	00:09:45.532	0.82766	0.82824			6
2025.02.19	00:09:46.307		0.82835			4
2025.02.19	00:09:52.398	0.82761	0.82829			6
2025.02.19	00:09:53.303		0.82824			4
2025.02.19	00:09:57.043	0.82749	0.82815			6
2025.02.19	00:10:00.351	0.82763	0.82808			6
2025.02.19	00:10:01.773	0.82753	0.82815			6
2025.02.19	00:10:02.186	0.82762	0.82809			6
2025.02.19	00:10:03.124	0.82756	0.82814			6
2025.02.19	00:10:03.426	0.82757	0.82821			6
2025.02.19	00:10:03.980	0.82766	0.82813			6
2025.02.19	00:10:04.298	0.82756	0.82821			6
2025.02.19	00:10:06.056	0.82765	0.82814			6
2025.02.19	00:10:06.359	0.82756	0.82809			6
2025.02.19	00:10:07.604	0.82764	0.82815			6
2025.02.19	00:10:08.274	0.82756	0.82816			6
2025.02.19	00:10:09.080	0.82766	0.82815			6
2025.02.19	00:10:10.282	0.82756	0.82816			6
2025.02.19	00:10:10.587	0.82757				2
2025.02.19	00:10:12.481	0.82765	0.82825			6
2025.02.19	00:10:14.015	0.82759	0.82819			6
2025.02.19	00:10:16.735	0.82760	0.82820			6
2025.02.19	00:10:17.946	0.82759	0.82819			6
2025.02.19	00:10:20.061	0.82760	0.82820			6
2025.02.19	00:10:28.533	0.82759	0.82819			6
2025.02.19	00:10:32.768	0.82760	0.82820			6
2025.02.19	00:10:35.185	0.82755	0.82815			6
2025.02.19	00:10:35.490	0.82750	0.82810			6
2025.02.19	00:10:35.793	0.82749	0.82809			6
2025.02.19	00:10:36.093	0.82750	0.82810			6
2025.02.19	00:10:36.698	0.82749	0.82809			6
2025.02.19	00:10:38.215	0.82750	0.82810			6
2025.02.19	00:10:39.425	0.82749	0.82809			6
2025.02.19	00:10:39.726	0.82750	0.82810			6
2025.02.19	00:10:40.332	0.82749	0.82809			6
2025.02.19	00:10:42.150	0.82748	0.82808			6
2025.02.19	00:10:42.755	0.82749	0.82809			6
2025.02.19	00:10:43.663	0.82748	0.82808			6
2025.02.19	00:10:43.966	0.82749	0.82809			6
2025.02.19	00:10:44.570	0.82748	0.82808			6
2025.02.19	00:10:45.176	0.82749	0.82809			6
2025.02.19	00:10:45.480	0.82748	0.82808			6
2025.02.19	00:10:48.508	0.82750	0.82810			6
2025.02.19	00:10:48.810	0.82748	0.82808			6
2025.02.19	00:10:50.020	0.82747	0.82807			6
2025.02.19	00:10:50.322	0.82748	0.82808			6
2025.02.19	00:10:52.139	0.82751	0.82811			6
2025.02.19	00:10:52.441	0.82748	0.82808			6
2025.02.19	00:10:53.047	0.82750	0.82810			6
2025.02.19	00:10:53.350	0.82748	0.82808			6
2025.02.19	00:10:54.257	0.82749	0.82809			6
2025.02.19	00:10:54.561	0.82750	0.82810			6
2025.02.19	00:10:54.863	0.82748	0.82808			6
2025.02.19	00:10:55.166	0.82749	0.82809			6
2025.02.19	00:10:55.468	0.82748	0.82808			6
2025.02.19	00:10:55.771	0.82749	0.82809			6
2025.02.19	00:10:56.073	0.82748	0.82808			6
2025.02.19	00:10:56.378	0.82749	0.82809			6
2025.02.19	00:10:56.983	0.82746	0.82806			6
2025.02.19	00:10:57.587	0.82742	0.82802			6
2025.02.19	00:10:58.194	0.82750	0.82810			6
2025.02.19	00:10:58.493	0.82749	0.82809			6
2025.02.19	00:10:59.102	0.82748	0.82808			6
2025.02.19	00:10:59.706	0.82747	0.82807			6
2025.02.19	00:11:00.008	0.82747				2
2025.02.19	00:11:00.310	0.82748	0.82808			6
2025.02.19	00:11:00.615	0.82746	0.82806			6
2025.02.19	00:11:00.915	0.82747	0.82807			6
2025.02.19	00:11:01.220	0.82746	0.82806			6
2025.02.19	00:11:01.520	0.82740	0.82800			6
2025.02.19	00:11:01.823	0.82743	0.82803			6
2025.02.19	00:11:02.431	0.82739	0.82799			6
2025.02.19	00:11:02.734	0.82754	0.82791			6
2025.02.19	00:11:04.263	0.82761	0.82790			6
2025.02.19	00:11:06.126		0.82794			4
2025.02.19	00:11:06.615	0.82745	0.82805			6
2025.02.19	00:11:06.920	0.82744	0.82804			6
2025.02.19	00:11:07.828	0.82761	0.82796			6
2025.02.19	00:11:10.044	0.82759				2
2025.02.19	00:11:11.779	0.82744	0.82804			6
2025.02.19	00:11:12.117	0.82742	0.82802			6
2025.02.19	00:11:12.722	0.82759	0.82796			6
2025.02.19	00:11:15.130	0.82754				2
2025.02.19	00:11:20.787	0.82755				2
2025.02.19	00:11:26.233	0.82754				2
2025.02.19	00:11:29.420	0.82753				2
2025.02.19	00:11:32.183	0.82750	0.82788			6
2025.02.19	00:11:33.255	0.82748				2
2025.02.19	00:11:34.363	0.82749	0.82795			6
2025.02.19	00:11:35.495	0.82747				2
2025.02.19	00:11:39.234	0.82749				2
2025.02.19	00:11:39.987	0.82747				2
2025.02.19	00:11:40.882	0.82749				2
2025.02.19	00:11:41.387	0.82747				2
2025.02.19	00:11:41.780	0.82749	0.82790			6
2025.02.19	00:11:42.422	0.82751	0.82795			6
2025.02.19	00:11:43.718		0.82798			4
2025.02.19	00:11:47.544	0.82750				2
2025.02.19	00:11:48.724	0.82747				2
2025.02.19	00:11:49.579	0.82749				2
2025.02.19	00:11:50.232	0.82750				2
2025.02.19	00:11:50.738	0.82749				2
2025.02.19	00:11:53.224	0.82747				2
2025.02.19	00:11:54.233	0.82750				2
2025.02.19	00:11:54.726	0.82747				2
2025.02.19	00:11:55.065	0.82750				2
2025.02.19	00:11:56.822	0.82747				2
2025.02.19	00:11:57.230	0.82751				2
2025.02.19	00:11:57.736	0.82747				2
2025.02.19	00:11:58.287	0.82750				2
2025.02.19	00:11:59.224	0.82747				2
2025.02.19	00:11:59.781	0.82750				2
2025.02.19	00:12:00.391	0.82747				2
2025.02.19	00:12:00.732	0.82750				2
2025.02.19	00:12:01.587	0.82747				2
2025.02.19	00:12:01.929	0.82759				2
2025.02.19	00:12:31.285	0.82757				2
2025.02.19	00:12:38.082	0.82752	0.82790			6
2025.02.19	00:12:38.456	0.82749				2
2025.02.19	00:12:39.990	0.82751	0.82796			6
2025.02.19	00:12:40.923		0.82785			4
2025.02.19	00:12:44.184	0.82750	0.82782			6
2025.02.19	00:12:45.723	0.82751				2
2025.02.19	00:12:47.735		0.82784			4
2025.02.19	00:12:51.454	0.82750				2
2025.02.19	00:12:53.107		0.82790			4
2025.02.19	00:12:58.136		0.82779			4
2025.02.19	00:12:58.721		0.82790			4
2025.02.19	00:13:00.233	0.82750				2
2025.02.19	00:13:02.238	0.82754				2
2025.02.19	00:13:11.862		0.82791			4
2025.02.19	00:13:16.159		0.82780			4
2025.02.19	00:13:30.900		0.82790			4
2025.02.19	00:13:33.380	0.82744	0.82777			6
2025.02.19	00:13:33.683	0.82737				2
2025.02.19	00:13:35.180		0.82778			4
2025.02.19	00:13:43.067		0.82777			4
2025.02.19	00:13:43.575		0.82776			4
2025.02.19	00:13:45.281		0.82778			4
2025.02.19	00:13:45.735		0.82776			4
2025.02.19	00:13:46.042		0.82775			4
2025.02.19	00:13:47.237		0.82776			4
2025.02.19	00:13:47.780		0.82775			4
2025.02.19	00:13:50.184	0.82723	0.82767			6
2025.02.19	00:13:50.487	0.82724				2
2025.02.19	00:13:51.379	0.82722				2
2025.02.19	00:13:51.680	0.82723				2
2025.02.19	00:13:52.238	0.82722				2
2025.02.19	00:13:52.580	0.82724				2
2025.02.19	00:13:53.623	0.82723				2
2025.02.19	00:13:54.683	0.82724				2
2025.02.19	00:14:00.159	0.82723				2
2025.02.19	00:14:00.728	0.82724				2
2025.02.19	00:14:01.241	0.82722				2
2025.02.19	00:14:01.704	0.82726				2
2025.02.19	00:14:02.377	0.82729				2
2025.02.19	00:14:07.068	0.82708	0.82737			6
2025.02.19	00:14:07.440	0.82704	0.82736			6
2025.02.19	00:14:07.747	0.82677	0.82722			6
2025.02.19	00:14:08.047	0.82678				2
2025.02.19	00:14:10.789	0.82677				2
2025.02.19	00:14:12.915	0.82679				2
2025.02.19	00:14:14.658	0.82681				2
2025.02.19	00:14:18.079	0.82684				2
2025.02.19	00:14:18.708	0.82681				2
2025.02.19	00:14:19.880		0.82723			4
2025.02.19	00:14:36.234	0.82682				2
2025.02.19	00:14:38.978	0.82681				2
2025.02.19	00:14:40.023	0.82679	0.82718			6
2025.02.19	00:14:40.341	0.82681				2
2025.02.19	00:14:40.727	0.82680				2
2025.02.19	00:14:41.735		0.82717			4
2025.02.19	00:14:43.023		0.82713			4
2025.02.19	00:14:43.947	0.82682				2
2025.02.19	00:14:44.524		0.82714			4
2025.02.19	00:14:44.939		0.82718			4
2025.02.19	00:14:46.234	0.82683	0.82713			6
2025.02.19	00:14:48.233		0.82714			4
2025.02.19	00:14:48.746		0.82713			4
2025.02.19	00:14:49.178		0.82712			4
2025.02.19	00:14:50.323		0.82718			4
2025.02.19	00:14:52.932	0.82682				2
2025.02.19	00:14:54.584	0.82681				2
2025.02.19	00:14:54.966	0.82684	0.82728			6
2025.02.19	00:14:57.122		0.82733			4
2025.02.19	00:14:57.955	0.82693	0.82738			6
2025.02.19	00:14:58.359	0.82691				2
2025.02.19	00:15:00.307	0.82682	0.82734			6
2025.02.19	00:15:00.652	0.82681	0.82733			6
2025.02.19	00:15:01.362	0.82680	0.82734			6
2025.02.19	00:15:01.799	0.82681				2
2025.02.19	00:15:02.896	0.82682	0.82736			6
2025.02.19	00:15:03.302	0.82683				2
2025.02.19	00:15:04.122	0.82669	0.82725			6
2025.02.19	00:15:08.464	0.82671				2
2025.02.19	00:15:11.145		0.82722			4
2025.02.19	00:15:16.580	0.82672				2
2025.02.19	00:15:17.232	0.82675				2
2025.02.19	00:15:18.140	0.82676				2
2025.02.19	00:15:18.787	0.82682	0.82727			6
2025.02.19	00:16:22.927	0.82686	0.82716			6
2025.02.19	00:16:24.213	0.82689				2
2025.02.19	00:16:24.748	0.82688				2
2025.02.19	00:16:28.537	0.82692	0.82718			6
2025.02.19	00:16:29.303	0.82691	0.82721			6
2025.02.19	00:16:32.226	0.82670	0.82718			6
2025.02.19	00:16:39.834	0.82672				2
2025.02.19	00:17:00.343	0.82672				2
2025.02.19	00:17:02.146	0.82676	0.82713			6
2025.02.19	00:17:12.909	0.82680				2
2025.02.19	00:17:16.550	0.82676				2
2025.02.19	00:17:51.220	0.82680	0.82718			6
2025.02.19	00:18:00.364	0.82680				2
2025.02.19	00:18:47.236	0.82681				2
2025.02.19	00:18:54.647	0.82688	0.82725			6
2025.02.19	00:18:59.232		0.82724			4
2025.02.19	00:19:00.740	0.82688				2
2025.02.19	00:19:02.807		0.82725			4
2025.02.19	00:19:08.042	0.82690				2
2025.02.19	00:19:09.433	0.82691				2
2025.02.19	00:19:26.008	0.82689	0.82720			6
2025.02.19	00:19:26.353		0.82721			4
2025.02.19	00:19:27.151	0.82690				2
2025.02.19	00:19:30.784	0.82691	0.82722			6
2025.02.19	00:19:33.760	0.82690	0.82721			6
2025.02.19	00:19:36.687	0.82691				2
2025.02.19	00:19:41.064	0.82693	0.82722			6
2025.02.19	00:19:41.498		0.82723			4
2025.02.19	00:19:43.865		0.82724			4
2025.02.19	00:19:47.129	0.82692				2
2025.02.19	00:19:48.329		0.82722			4
2025.02.19	00:19:59.970		0.82721			4
2025.02.19	00:20:02.514	0.82692	0.82726			6
2025.02.19	00:20:15.411	0.82693	0.82729			6
2025.02.19	00:20:25.914	0.82691	0.82725			6
2025.02.19	00:20:27.094	0.82692	0.82727			6
2025.02.19	00:20:30.857		0.82726			4
2025.02.19	00:20:38.354		0.82727			4
2025.02.19	00:20:50.396	0.82693	0.82728			6
2025.02.19	00:20:56.358		0.82727			4
2025.02.19	00:21:02.223	0.82693				2
2025.02.19	00:21:11.563		0.82729			4
2025.02.19	00:21:28.391	0.82694				2
2025.02.19	00:21:37.463	0.82696	0.82731			6
2025.02.19	00:21:46.309	0.82695	0.82730			6
2025.02.19	00:21:49.211	0.82692	0.82723			6
2025.02.19	00:21:50.205	0.82693	0.82728			6
2025.02.19	00:21:52.473	0.82694				2
2025.02.19	00:22:00.370	0.82694				2
2025.02.19	00:22:17.224	0.82695				2
2025.02.19	00:22:19.303		0.82732			4
2025.02.19	00:22:20.918	0.82692				2
2025.02.19	00:22:27.298	0.82696	0.82733			6
2025.02.19	00:22:28.217		0.82734			4
2025.02.19	00:22:38.444	0.82695				2
2025.02.19	00:22:39.303		0.82731			4
2025.02.19	00:22:52.196	0.82696				2
2025.02.19	00:22:59.833	0.82697				2
2025.02.19	00:23:00.302	0.82697	0.82735			6
2025.02.19	00:23:05.367	0.82699	0.82739			6
2025.02.19	00:23:06.308		0.82734			4
2025.02.19	00:23:09.298		0.82738			4
2025.02.19	00:23:09.677	0.82697	0.82734			6
2025.02.19	00:23:11.300		0.82733			4
2025.02.19	00:23:17.842	0.82699				2
2025.02.19	00:23:18.303		0.82736			4
2025.02.19	00:23:20.221		0.82737			4
2025.02.19	00:23:20.828		0.82738			4
2025.02.19	00:23:21.201		0.82745			4
2025.02.19	00:23:26.406	0.82698				2
2025.02.19	00:23:27.223		0.82739			4
2025.02.19	00:23:41.303		0.82745			4
2025.02.19	00:23:59.421	0.82700				2
2025.02.19	00:24:01.324	0.82700				2
2025.02.19	00:24:02.712	0.82703	0.82747			6
2025.02.19	00:24:07.038	0.82701				2
2025.02.19	00:24:27.632		0.82750			4
2025.02.19	00:24:31.709	0.82700				2
2025.02.19	00:25:00.314	0.82700				2
2025.02.19	00:25:06.111	0.82702	0.82741			6
2025.02.19	00:25:07.275	0.82700				2
2025.02.19	00:25:22.783		0.82740			4
2025.02.19	00:25:23.475		0.82743			4
2025.02.19	00:25:36.083	0.82703				2
2025.02.19	00:25:40.515	0.82700				2
2025.02.19	00:25:43.926	0.82690	0.82739			6
2025.02.19	00:25:46.625	0.82688	0.82738			6
2025.02.19	00:25:48.627		0.82737			4
2025.02.19	00:25:50.614	0.82689	0.82741			6
2025.02.19	00:25:55.280	0.82685	0.82731			6
2025.02.19	00:25:56.402		0.82734			4
2025.02.19	00:25:59.291	0.82693				2
2025.02.19	00:26:00.126	0.82693				2
2025.02.19	00:26:00.499	0.82695				2
2025.02.19	00:26:01.996	0.82696	0.82736			6
2025.02.19	00:26:02.925		0.82735			4
2025.02.19	00:26:04.283	0.82694	0.82734			6
2025.02.19	00:26:05.961	0.82698	0.82735			6
2025.02.19	00:26:12.509	0.82697				2
2025.02.19	00:26:16.038		0.82736			4
2025.02.19	00:26:29.523		0.82735			4
2025.02.19	00:26:55.025	0.82698	0.82734			6
2025.02.19	00:26:57.105		0.82735			4
2025.02.19	00:27:00.244	0.82698				2
2025.02.19	00:27:01.957	0.82700				2
2025.02.19	00:27:14.383		0.82734			4
2025.02.19	00:27:18.851	0.82695	0.82727			6
2025.02.19	00:27:20.522		0.82726			4
2025.02.19	00:27:29.367	0.82694				2
2025.02.19	00:28:00.031	0.82694				2
2025.02.19	00:28:04.928		0.82728			4
2025.02.19	00:28:10.257	0.82698	0.82735			6
2025.02.19	00:28:13.561	0.82696	0.82732			6
2025.02.19	00:28:14.840	0.82691				2
2025.02.19	00:28:15.374		0.82731			4
2025.02.19	00:28:15.774		0.82733			4
2025.02.19	00:28:25.171	0.82692				2
2025.02.19	00:28:31.922		0.82734			4
2025.02.19	00:28:32.571		0.82733			4
2025.02.19	00:28:33.387	0.82694	0.82735			6
2025.02.19	00:29:01.561	0.82694				2
2025.02.19	00:29:23.527		0.82734			4
2025.02.19	00:29:24.599	0.82699	0.82735			6
2025.02.19	00:29:29.759	0.82698				2
2025.02.19	00:29:34.817	0.82699				2
2025.02.19	00:29:37.322		0.82734			4
2025.02.19	00:29:41.189	0.82693	0.82731			6
2025.02.19	00:29:41.528	0.82681	0.82727			6
2025.02.19	00:29:42.353		0.82725			4
2025.02.19	00:29:42.715	0.82684	0.82727			6
2025.02.19	00:29:47.820		0.82728			4
2025.02.19	00:29:49.166		0.82726			4
2025.02.19	00:29:57.197	0.82687	0.82735			6
2025.02.19	00:30:00.380	0.82687				2
2025.02.19	00:30:01.892		0.82742			4
2025.02.19	00:30:03.745	0.82696	0.82736			6
2025.02.19	00:30:09.040	0.82697	0.82738			6
2025.02.19	00:30:30.445	0.82698	0.82739			6
2025.02.19	00:30:33.257	0.82700	0.82743			6
2025.02.19	00:30:36.353	0.82702	0.82742			6
2025.02.19	00:30:39.421		0.82743			4
2025.02.19	00:30:40.834		0.82742			4
2025.02.19	00:31:00.479	0.82702				2
2025.02.19	00:31:09.761		0.82740			4
2025.02.19	00:31:25.415	0.82700	0.82739			6
2025.02.19	00:31:25.795	0.82701				2
2025.02.19	00:31:28.831	0.82702				2
2025.02.19	00:31:31.067	0.82699	0.82742			6
2025.02.19	00:31:32.826		0.82741			4
2025.02.19	00:31:39.891	0.82702				2
2025.02.19	00:31:54.411		0.82739			4
2025.02.19	00:31:58.130	0.82698	0.82737			6
2025.02.19	00:31:59.904		0.82736			4
2025.02.19	00:32:01.367	0.82698				2
2025.02.19	00:32:06.185		0.82735			4
2025.02.19	00:32:13.610	0.82699				2
2025.02.19	00:32:36.444	0.82698	0.82734			6
2025.02.19	00:32:52.336	0.82702	0.82736			6
2025.02.19	00:32:52.914		0.82739			4
2025.02.19	00:32:53.388		0.82741			4
2025.02.19	00:32:53.691		0.82735			4
2025.02.19	00:32:54.282		0.82741			4
2025.02.19	00:32:54.668		0.82737			4
2025.02.19	00:32:58.081	0.82703				2
2025.02.19	00:32:59.816	0.82710	0.82740			6
2025.02.19	00:33:00.191	0.82710				2
2025.02.19	00:33:01.802	0.82698	0.82734			6
2025.02.19	00:33:07.330		0.82737			4
2025.02.19	00:33:09.582	0.82703	0.82738			6
2025.02.19	00:33:10.142	0.82689				2
2025.02.19	00:33:14.996	0.82690				2
2025.02.19	00:33:18.261	0.82691				2
2025.02.19	00:33:18.888	0.82694	0.82737			6
2025.02.19	00:33:19.304	0.82695				2
2025.02.19	00:33:19.625	0.82694				2
2025.02.19	00:33:20.667		0.82738			4
2025.02.19	00:33:22.211		0.82739			4
2025.02.19	00:33:24.634	0.82672	0.82757			6
2025.02.19	00:33:24.945	0.82680	0.82754			6
2025.02.19	00:33:25.278	0.82690				2
2025.02.19	00:33:25.622	0.82702	0.82755			6
2025.02.19	00:33:26.015	0.82688	0.82757			6
2025.02.19	00:33:26.359	0.82680				2
2025.02.19	00:33:27.400	0.82682	0.82754			6
2025.02.19	00:33:27.988	0.82681				2
2025.02.19	00:33:28.462	0.82682	0.82751			6
2025.02.19	00:33:28.925	0.82683				2
2025.02.19	00:33:29.329	0.82681	0.82756			6
2025.02.19	00:33:30.122		0.82755			4
2025.02.19	00:33:30.873	0.82699				2
2025.02.19	00:33:32.136		0.82754			4
2025.02.19	00:33:34.170		0.82749			4
2025.02.19	00:33:34.759	0.82697	0.82750			6
2025.02.19	00:33:35.528		0.82751			4
2025.02.19	00:33:38.151		0.82750			4
2025.02.19	00:33:39.266		0.82751			4
2025.02.19	00:33:45.292	0.82680	0.82749			6
2025.02.19	00:33:47.550		0.82748			4
2025.02.19	00:33:49.322		0.82747			4
2025.02.19	00:33:49.779	0.82678				2
2025.02.19	00:33:50.352	0.82679				2
2025.02.19	00:33:58.519	0.82697	0.82738			6
2025.02.19	00:33:59.584		0.82740			4
2025.02.19	00:34:00.182	0.82697				2
2025.02.19	00:34:05.613		0.82738			4
2025.02.19	00:34:06.363		0.82740			4
2025.02.19	00:34:09.107		0.82737			4
2025.02.19	00:34:13.871	0.82698	0.82736			6
2025.02.19	00:34:15.383		0.82738			4
2025.02.19	00:34:19.322	0.82695	0.82741			6
2025.02.19	00:34:20.165	0.82696	0.82732			6
2025.02.19	00:34:20.472		0.82741			4
2025.02.19	00:34:30.075	0.82695				2
2025.02.19	00:34:31.102	0.82684				2
2025.02.19	00:36:09.238	0.82687	0.82731			6
2025.02.19	00:36:32.223		0.82730			4
2025.02.19	00:36:34.023		0.82729			4
2025.02.19	00:36:46.620		0.82730			4
2025.02.19	00:36:48.735		0.82731			4
2025.02.19	00:37:00.049	0.82687				2
2025.02.19	00:37:03.187		0.82730			4
2025.02.19	00:37:13.360	0.82682	0.82719			6
2025.02.19	00:37:14.282		0.82728			4
2025.02.19	00:37:15.722		0.82729			4
2025.02.19	00:37:18.724		0.82730			4
2025.02.19	00:37:22.628		0.82729			4
2025.02.19	00:37:39.563	0.82676	0.82723			6
2025.02.19	00:37:39.968	0.82682	0.82730			6
2025.02.19	00:37:49.634		0.82729			4
2025.02.19	00:37:54.271	0.82688	0.82733			6
2025.02.19	00:37:58.506	0.82689				2
2025.02.19	00:38:01.563	0.82689				2
2025.02.19	00:38:05.306		0.82732			4
2025.02.19	00:38:07.473		0.82733			4
2025.02.19	00:38:31.554	0.82690				2
2025.02.19	00:38:46.325		0.82732			4
2025.02.19	00:38:48.971	0.82689				2
2025.02.19	00:38:53.452	0.82683	0.82729			6
2025.02.19	00:39:00.127	0.82683				2
2025.02.19	00:39:02.681	0.82681	0.82728			6
2025.02.19	00:39:11.560		0.82727			4
2025.02.19	00:39:12.124		0.82726			4
2025.02.19	00:39:16.023		0.82725			4
2025.02.19	00:39:31.077	0.82679				2
2025.02.19	00:39:34.566	0.82677				2
2025.02.19	00:39:44.520		0.82724			4
2025.02.19	00:39:50.882	0.82675				2
2025.02.19	00:39:52.704		0.82723			4
2025.02.19	00:40:00.182	0.82670	0.82712			6
2025.02.19	00:40:00.490	0.82671	0.82711			6
2025.02.19	00:40:01.292		0.82713			4
2025.02.19	00:40:01.626	0.82670	0.82714			6
2025.02.19	00:40:03.421	0.82669				2
2025.02.19	00:40:04.945	0.82670	0.82713			6
2025.02.19	00:40:07.886	0.82672	0.82712			6
2025.02.19	00:40:24.557	0.82668	0.82716			6
2025.02.19	00:40:27.558	0.82672	0.82712			6
2025.02.19	00:40:30.342	0.82664	0.82714			6
2025.02.19	00:40:30.644	0.82663	0.82715			6
2025.02.19	00:40:31.424	0.82667	0.82717			6
2025.02.19	00:40:31.738	0.82668	0.82715			6
2025.02.19	00:40:36.722	0.82667	0.82716			6
2025.02.19	00:40:37.038	0.82668	0.82715			6
2025.02.19	00:40:39.827	0.82667	0.82716			6
2025.02.19	00:40:40.348		0.82715			4
2025.02.19	00:40:40.981	0.82666	0.82716			6
2025.02.19	00:40:41.801	0.82665	0.82714			6
2025.02.19	00:40:42.875	0.82664				2
2025.02.19	00:40:44.226		0.82715			4
2025.02.19	00:40:45.575	0.82666	0.82713			6
2025.02.19	00:40:47.793	0.82653	0.82719			6
2025.02.19	00:40:48.891	0.82658	0.82717			6
2025.02.19	00:40:49.203	0.82659				2
2025.02.19	00:40:50.210	0.82658				2
2025.02.19	00:40:52.861	0.82657				2
2025.02.19	00:40:55.350	0.82656				2
2025.02.19	00:40:55.923	0.82655				2
2025.02.19	00:40:59.375	0.82656				2
2025.02.19	00:41:00.721	0.82656				2
2025.02.19	00:41:19.742	0.82653	0.82712			6
2025.02.19	00:41:20.134	0.82643	0.82711			6
2025.02.19	00:41:20.440	0.82644				2
2025.02.19	00:41:21.281	0.82643				2
2025.02.19	00:41:22.593		0.82707			4
2025.02.19	00:41:22.918	0.82644				2
2025.02.19	00:41:23.700	0.82654	0.82711			6
2025.02.19	00:41:28.013	0.82651	0.82707			6
2025.02.19	00:41:28.432	0.82649				2
2025.02.19	00:41:28.792	0.82647				2
2025.02.19	00:41:29.108	0.82652	0.82728			6
2025.02.19	00:41:29.444	0.82657	0.82723			6
2025.02.19	00:41:31.322	0.82658	0.82722			6
2025.02.19	00:41:34.023	0.82659	0.82721			6
2025.02.19	00:41:35.381	0.82648	0.82729			6
2025.02.19	00:41:35.683	0.82647				2
2025.02.19	00:41:36.646	0.82646				2
2025.02.19	00:41:37.323	0.82647				2
2025.02.19	00:41:38.223	0.82648				2
2025.02.19	00:41:39.304		0.82721			4
2025.02.19	00:41:40.435	0.82649				2
2025.02.19	00:41:40.926	0.82651				2
2025.02.19	00:41:42.384	0.82652				2
2025.02.19	00:41:45.307	0.82651				2
2025.02.19	00:41:47.301		0.82726			4
2025.02.19	00:41:48.110		0.82713			4
2025.02.19	00:41:48.425	0.82650	0.82710			6
2025.02.19	00:42:01.556	0.82650				2
2025.02.19	00:42:02.189	0.82640	0.82707			6
2025.02.19	00:42:03.300	0.82644	0.82709			6
2025.02.19	00:42:03.608	0.82647	0.82706			6
2025.02.19	00:42:05.975	0.82648	0.82705			6
2025.02.19	00:42:06.330	0.82649				2
2025.02.19	00:42:07.432	0.82650	0.82706			6
2025.02.19	00:42:08.435		0.82705			4
2025.02.19	00:42:11.438	0.82651				2
2025.02.19	00:42:13.323		0.82704			4
2025.02.19	00:42:17.870	0.82650	0.82705			6
2025.02.19	00:42:18.371	0.82649	0.82706			6
2025.02.19	00:42:20.103	0.82641	0.82709			6
2025.02.19	00:42:20.446		0.82708			4
2025.02.19	00:42:22.244	0.82647	0.82714			6
2025.02.19	00:42:22.645	0.82648	0.82713			6
2025.02.19	00:42:24.099	0.82649	0.82712			6
2025.02.19	00:42:27.637	0.82648	0.82713			6
2025.02.19	00:42:28.629	0.82647	0.82714			6
2025.02.19	00:42:32.219	0.82648	0.82713			6
2025.02.19	00:42:32.645	0.82647	0.82714			6
2025.02.19	00:42:35.668	0.82646	0.82715			6
2025.02.19	00:42:36.784	0.82647	0.82714			6
2025.02.19	00:42:38.918	0.82643	0.82718			6
2025.02.19	00:42:39.223		0.82719			4
2025.02.19	00:42:42.122		0.82721			4
2025.02.19	00:42:43.989	0.82650	0.82722			6
2025.02.19	00:42:44.827		0.82723			4
2025.02.19	00:42:53.835		0.82722			4
2025.02.19	00:43:00.436	0.82650				2
2025.02.19	00:43:04.969	0.82652				2
2025.02.19	00:43:05.415	0.82677	0.82730			6
2025.02.19	00:43:05.919		0.82722			4
2025.02.19	00:43:07.719	0.82676				2
2025.02.19	00:43:09.038	0.82680				2
2025.02.19	00:43:26.403		0.82725			4
2025.02.19	00:43:36.355		0.82724			4
2025.02.19	00:43:47.630		0.82723			4
2025.02.19	00:43:48.711	0.82676				2
2025.02.19	00:43:50.522		0.82721			4
2025.02.19	00:43:53.715	0.82678				2
2025.02.19	00:43:55.570	0.82687	0.82724			6
2025.02.19	00:44:01.562	0.82687				2
2025.02.19	00:44:05.987	0.82683	0.82716			6
2025.02.19	00:44:07.031	0.82687	0.82721			6
2025.02.19	00:44:08.072		0.82722			4
2025.02.19	00:44:09.384		0.82721			4
2025.02.19	00:44:47.423		0.82722			4
2025.02.19	00:45:00.895	0.82687				2
2025.02.19	00:45:02.138	0.82671	0.82731			6
2025.02.19	00:45:03.972	0.82687	0.82722			6
2025.02.19	00:45:08.759	0.82698	0.82710			6
2025.02.19	00:45:10.442		0.82714			4
2025.02.19	00:45:11.475		0.82715			4
2025.02.19	00:45:12.973		0.82712			4
2025.02.19	00:45:16.810		0.82713			4
2025.02.19	00:45:18.729		0.82712			4
2025.02.19	00:45:22.322		0.82713			4
2025.02.19	00:45:35.227	0.82709	0.82720			6
2025.02.19	00:45:36.896		0.82721			4
2025.02.19	00:45:43.808		0.82718			4
2025.02.19	00:45:44.131		0.82721			4
2025.02.19	00:45:44.592		0.82719			4
2025.02.19	00:45:49.664		0.82721			4
2025.02.19	00:45:54.719		0.82722			4
2025.02.19	00:45:55.732		0.82721			4
2025.02.19	00:45:56.754		0.82722			4
2025.02.19	00:46:01.623	0.82709				2
2025.02.19	00:46:13.330		0.82721			4
2025.02.19	00:46:14.407		0.82722			4
2025.02.19	00:46:25.053		0.82721			4
2025.02.19	00:46:31.744		0.82720			4
2025.02.19	00:46:38.221		0.82719			4
2025.02.19	00:46:50.368		0.82721			4
2025.02.19	00:46:51.724		0.82722			4
2025.02.19	00:47:01.436	0.82709				2
2025.02.19	00:47:02.136	0.82697	0.82733			6
2025.02.19	00:47:03.384	0.82698	0.82734			6
2025.02.19	00:47:03.992	0.82709	0.82722			6
2025.02.19	00:47:10.481		0.82720			4
2025.02.19	00:47:34.685		0.82721			4
2025.02.19	00:47:35.193		0.82722			4
2025.02.19	00:47:48.609	0.82704				2
2025.02.19	00:48:00.033	0.82704	0.82721			6
2025.02.19	00:48:00.444		0.82722			4
2025.02.19	00:48:00.828	0.82703				2
2025.02.19	00:48:02.523	0.82702				2
2025.02.19	00:48:12.125		0.82721			4
2025.02.19	00:48:16.516	0.82703				2
2025.02.19	00:48:25.326	0.82702				2
2025.02.19	00:48:41.918		0.82719			4
2025.02.19	00:48:42.831		0.82720			4
2025.02.19	00:49:00.786	0.82702				2
2025.02.19	00:49:03.346		0.82721			4
2025.02.19	00:49:17.225		0.82722			4
2025.02.19	00:49:26.444		0.82721			4
2025.02.19	00:49:32.541		0.82718			4
2025.02.19	00:49:33.081	0.82709				2
2025.02.19	00:49:34.157		0.82717			4
2025.02.19	00:49:57.206	0.82702	0.82709			6
2025.02.19	00:49:58.502		0.82714			4
2025.02.19	00:49:58.929		0.82715			4
2025.02.19	00:49:59.707	0.82705	0.82740			6
2025.02.19	00:50:00.672	0.82706				2
2025.02.19	00:50:06.125	0.82707				2
2025.02.19	00:50:09.426	0.82718	0.82739			6
2025.02.19	00:50:10.788		0.82738			4
2025.02.19	00:50:12.040		0.82739			4
2025.02.19	00:50:14.731	0.82719				2
2025.02.19	00:50:16.624	0.82720	0.82738			6
2025.02.19	00:50:17.579	0.82725	0.82741			6
2025.02.19	00:50:20.262	0.82723	0.82740			6
2025.02.19	00:50:23.817		0.82741			4
2025.02.19	00:50:25.915		0.82743			4
2025.02.19	00:50:28.639	0.82718				2
2025.02.19	00:50:31.003	0.82717	0.82730			6
2025.02.19	00:50:37.536		0.82729			4
2025.02.19	00:50:39.856		0.82731			4
2025.02.19	00:50:52.033	0.82716				2
2025.02.19	00:50:53.232	0.82706	0.82729			6
2025.02.19	00:50:53.548	0.82699	0.82728			6
2025.02.19	00:50:53.958	0.82698	0.82730			6
2025.02.19	00:50:54.666		0.82729			4
2025.02.19	00:50:55.296	0.82699	0.82728			6
2025.02.19	00:50:55.784	0.82701	0.82726			6
2025.02.19	00:50:56.281	0.82700	0.82727			6
2025.02.19	00:50:57.422	0.82701	0.82728			6
2025.02.19	00:50:57.749	0.82703	0.82729			6
2025.02.19	00:50:58.495		0.82728			4
2025.02.19	00:50:59.281	0.82704				2
2025.02.19	00:50:59.773	0.82703				2
2025.02.19	00:51:01.324	0.82703				2
2025.02.19	00:51:02.756	0.82704				2
2025.02.19	00:51:04.365		0.82727			4
2025.02.19	00:51:06.124	0.82705				2
2025.02.19	00:51:06.941		0.82726			4
2025.02.19	00:51:07.251	0.82703	0.82728			6
2025.02.19	00:51:11.823		0.82727			4
2025.02.19	00:51:12.472		0.82730			4
2025.02.19	00:51:13.520		0.82729			4
2025.02.19	00:51:17.824		0.82727			4
2025.02.19	00:51:20.371	0.82702	0.82725			6
2025.02.19	00:51:22.357	0.82701	0.82726			6
2025.02.19	00:51:23.710	0.82699	0.82727			6
2025.02.19	00:51:26.392	0.82700				2
2025.02.19	00:51:27.110	0.82698	0.82728			6
2025.02.19	00:51:29.503		0.82729			4
2025.02.19	00:51:30.043		0.82728			4
2025.02.19	00:51:37.925	0.82699				2
2025.02.19	00:51:43.988		0.82727			4
2025.02.19	00:51:45.123	0.82703	0.82724			6
2025.02.19	00:51:47.284	0.82702	0.82725			6
2025.02.19	00:51:47.840	0.82701				2
2025.02.19	00:51:48.724		0.82726			4
2025.02.19	00:51:50.613	0.82700				2
2025.02.19	00:51:51.509		0.82727			4
2025.02.19	00:51:58.230	0.82699	0.82728			6
2025.02.19	00:51:58.742	0.82698	0.82729			6
2025.02.19	00:51:59.260	0.82697	0.82730			6
2025.02.19	00:52:00.121	0.82697				2
2025.02.19	00:52:02.826		0.82729			4
2025.02.19	00:52:04.172	0.82698	0.82728			6
2025.02.19	00:52:05.811		0.82729			4
2025.02.19	00:52:07.278	0.82697	0.82730			6
2025.02.19	00:52:07.767	0.82695	0.82732			6
2025.02.19	00:52:08.644	0.82697	0.82730			6
2025.02.19	00:52:09.119	0.82694	0.82733			6
2025.02.19	00:52:09.617	0.82695	0.82731			6
2025.02.19	00:52:11.226	0.82696				2
2025.02.19	00:52:14.824		0.82730			4
2025.02.19	00:52:15.608		0.82726			4
2025.02.19	00:52:16.155	0.82697	0.82723			6
2025.02.19	00:52:17.522	0.82698	0.82722			6
2025.02.19	00:52:21.429	0.82697	0.82723			6
2025.02.19	00:52:23.407		0.82724			4
2025.02.19	00:52:30.565	0.82698	0.82723			6
2025.02.19	00:52:33.541	0.82697				2
2025.02.19	00:52:34.626		0.82724			4
2025.02.19	00:52:35.797	0.82699	0.82721			6
2025.02.19	00:52:36.271	0.82696	0.82724			6
2025.02.19	00:52:41.833		0.82725			4
2025.02.19	00:52:46.610	0.82697	0.82723			6
2025.02.19	00:52:49.619	0.82701	0.82733			6
2025.02.19	00:52:52.322		0.82732			4
2025.02.19	00:52:57.129	0.82699	0.82728			6
2025.02.19	00:52:57.806	0.82697	0.82723			6
2025.02.19	00:53:00.364	0.82698	0.82722			6
2025.02.19	00:53:01.305	0.82696	0.82720			6
2025.02.19	00:53:04.354	0.82695	0.82719			6
2025.02.19	00:53:07.158	0.82691	0.82723			6
2025.02.19	00:53:09.122	0.82692	0.82722			6
2025.02.19	00:53:11.483	0.82691	0.82721			6
2025.02.19	00:53:20.805	0.82692	0.82723			6
2025.02.19	00:53:21.700		0.82722			4
2025.02.19	00:53:26.536	0.82693	0.82726			6
2025.02.19	00:53:29.992		0.82727			4
2025.02.19	00:53:30.307	0.82688	0.82716			6
2025.02.19	00:53:32.863		0.82717			4
2025.02.19	00:53:38.527	0.82694	0.82728			6
2025.02.19	00:53:40.805	0.82696	0.82734			6
2025.02.19	00:53:41.144	0.82697	0.82732			6
2025.02.19	00:53:42.599	0.82698				2
2025.02.19	00:53:44.470	0.82694	0.82727			6
2025.02.19	00:53:47.225	0.82693	0.82728			6
2025.02.19	00:53:55.479	0.82695				2
2025.02.19	00:54:00.719	0.82695				2
2025.02.19	00:54:01.878	0.82696	0.82732			6
2025.02.19	00:54:06.943	0.82695	0.82730			6
2025.02.19	00:54:07.324		0.82731			4
2025.02.19	00:54:16.023		0.82730			4
2025.02.19	00:54:19.587		0.82731			4
2025.02.19	00:54:57.423		0.82729			4
2025.02.19	00:55:00.012	0.82701	0.82731			6
2025.02.19	00:55:01.021	0.82702				2
2025.02.19	00:55:01.327		0.82730			4
2025.02.19	00:55:01.671	0.82700	0.82731			6
2025.02.19	00:55:02.014	0.82701	0.82730			6
2025.02.19	00:55:03.671	0.82702	0.82734			6
2025.02.19	00:55:04.785		0.82735			4
2025.02.19	00:55:05.600		0.82737			4
2025.02.19	00:55:22.150		0.82736			4
2025.02.19	00:55:24.125		0.82737			4
2025.02.19	00:55:25.925		0.82736			4
2025.02.19	00:55:29.224		0.82737			4
2025.02.19	00:55:45.939		0.82736			4
2025.02.19	00:55:56.782		0.82737			4
2025.02.19	00:56:00.012	0.82702				2
2025.02.19	00:56:05.440		0.82736			4
2025.02.19	00:56:25.627		0.82735			4
2025.02.19	00:56:35.521		0.82733			4
2025.02.19	00:56:36.633		0.82736			4
2025.02.19	00:56:38.150		0.82735			4
2025.02.19	00:56:47.962		0.82728			4
2025.02.19	00:56:48.263		0.82722			4
2025.02.19	00:56:48.578		0.82723			4
2025.02.19	00:56:48.896		0.82722			4
2025.02.19	00:56:49.198		0.82725			4
2025.02.19	00:56:49.969	0.82692	0.82721			6
2025.02.19	00:56:50.303		0.82719			4
2025.02.19	00:56:50.978		0.82722			4
2025.02.19	00:56:52.041	0.82702				2
2025.02.19	00:56:52.533		0.82721			4
2025.02.19	00:56:54.394		0.82720			4
2025.02.19	00:56:57.095	0.82675	0.82708			6
2025.02.19	00:56:57.704		0.82714			4
2025.02.19	00:57:00.419	0.82675	0.82715			6
2025.02.19	00:57:00.986	0.82683				2
2025.02.19	00:57:01.323		0.82713			4
2025.02.19	00:57:03.722		0.82712			4
2025.02.19	00:57:04.423	0.82691	0.82721			6
2025.02.19	00:57:06.722	0.82684	0.82716			6
2025.02.19	00:57:07.430		0.82715			4
2025.02.19	00:57:09.473		0.82709			4
2025.02.19	00:57:11.380		0.82707			4
2025.02.19	00:57:13.624		0.82706			4
2025.02.19	00:57:14.303	0.82698	0.82716			6
2025.02.19	00:57:14.635	0.82696	0.82712			6
2025.02.19	00:57:14.983	0.82705	0.82728			6
2025.02.19	00:57:15.631	0.82706	0.82729			6
2025.02.19	00:57:17.132	0.82700	0.82722			6
2025.02.19	00:57:18.258		0.82723			4
2025.02.19	00:57:19.664		0.82721			4
2025.02.19	00:57:21.550		0.82722			4
2025.02.19	00:57:30.621		0.82721			4
2025.02.19	00:57:31.359		0.82720			4
2025.02.19	00:57:45.870	0.82691				2
2025.02.19	00:57:46.925		0.82719			4
2025.02.19	00:57:57.249	0.82706	0.82727			6
2025.02.19	00:57:58.491		0.82728			4
2025.02.19	00:58:00.040	0.82706				2
2025.02.19	00:58:00.343	0.82700	0.82723			6
2025.02.19	00:58:02.212	0.82699	0.82720			6
2025.02.19	00:58:02.923		0.82721			4
2025.02.19	00:58:03.304		0.82719			4
2025.02.19	00:58:09.122		0.82718			4
2025.02.19	00:58:10.493	0.82692	0.82720			6
2025.02.19	00:58:11.597		0.82721			4
2025.02.19	00:58:14.363	0.82691	0.82720			6
2025.02.19	00:58:18.130		0.82718			4
2025.02.19	00:58:26.755	0.82707	0.82725			6
2025.02.19	00:58:27.889	0.82704	0.82722			6
2025.02.19	00:58:29.104	0.82690	0.82715			6
2025.02.19	00:58:29.407	0.82693	0.82714			6
2025.02.19	00:58:30.192	0.82694	0.82718			6
2025.02.19	00:58:31.131	0.82693	0.82719			6
2025.02.19	00:58:32.559	0.82690	0.82712			6
2025.02.19	00:58:32.868	0.82691	0.82713			6
2025.02.19	00:58:33.722	0.82690				2
2025.02.19	00:58:34.440	0.82692	0.82714			6
2025.02.19	00:58:35.018	0.82696	0.82713			6
2025.02.19	00:58:35.410	0.82690				2
2025.02.19	00:58:36.090	0.82693	0.82712			6
2025.02.19	00:58:36.526	0.82700	0.82718			6
2025.02.19	00:58:37.359	0.82699	0.82719			6
2025.02.19	00:58:38.671	0.82690	0.82715			6
2025.02.19	00:58:38.992		0.82712			4
2025.02.19	00:58:39.303	0.82692	0.82713			6
2025.02.19	00:58:39.854	0.82695	0.82714			6
2025.02.19	00:58:40.255	0.82690				2
2025.02.19	00:58:40.699	0.82692	0.82713			6
2025.02.19	00:58:41.460	0.82695	0.82714			6
2025.02.19	00:58:41.795	0.82692	0.82713			6
2025.02.19	00:58:42.369	0.82695	0.82714			6
2025.02.19	00:58:42.731	0.82700	0.82722			6
2025.02.19	00:58:44.009	0.82699				2
2025.02.19	00:58:45.086		0.82724			4
2025.02.19	00:58:45.921	0.82701	0.82726			6
2025.02.19	00:58:48.870		0.82727			4
2025.02.19	00:58:52.322		0.82728			4
2025.02.19	00:58:53.928	0.82704				2
2025.02.19	00:58:55.006		0.82729			4
2025.02.19	00:59:00.422	0.82704				2
2025.02.19	00:59:14.435	0.82707	0.82735			6
2025.02.19	00:59:14.748		0.82737			4
2025.02.19	00:59:15.306		0.82731			4
2025.02.19	00:59:18.670		0.82733			4
2025.02.19	00:59:19.180		0.82732			4
2025.02.19	00:59:21.715		0.82733			4
2025.02.19	00:59:23.470		0.82734			4
2025.02.19	00:59:24.796		0.82733			4
2025.02.19	00:59:28.717		0.82734			4
2025.02.19	00:59:29.552		0.82733			4
2025.02.19	00:59:30.506		0.82735			4
2025.02.19	00:59:31.202	0.82699				2
2025.02.19	00:59:31.507		0.82737			4
2025.02.19	00:59:34.175	0.82705				2
2025.02.19	00:59:35.305	0.82699				2
2025.02.19	00:59:35.823		0.82738			4
2025.02.19	00:59:38.357	0.82701				2
2025.02.19	00:59:41.279		0.82737			4
2025.02.19	00:59:46.122		0.82736			4
2025.02.19	00:59:47.991		0.82737			4
2025.02.19	00:59:53.950	0.82709	0.82739			6
2025.02.19	00:59:54.848		0.82740			4
2025.02.19	00:59:56.107	0.82703	0.82737			6
2025.02.19	00:59:58.378		0.82738			4
2025.02.19	00:59:58.733		0.82736			4
2025.02.19	01:00:00.318	0.82696	0.82733			6
2025.02.19	01:00:00.625	0.82692	0.82726			6
2025.02.19	01:00:00.944	0.82688				2
2025.02.19	01:00:01.258	0.82698	0.82724			6
2025.02.19	01:00:01.563		0.82722			4
2025.02.19	01:00:01.865	0.82706	0.82736			6
2025.02.19	01:00:02.195	0.82710	0.82734			6
2025.02.19	01:00:02.543		0.82720			4
2025.02.19	01:00:03.161	0.82709	0.82719			6
2025.02.19	01:00:03.767	0.82710	0.82720			6
2025.02.19	01:00:04.371	0.82711	0.82718			6
2025.02.19	01:00:04.673	0.82707	0.82737			6
2025.02.19	01:00:05.771	0.82703	0.82724			6
2025.02.19	01:00:06.404		0.82723			4
2025.02.19	01:00:06.861		0.82722			4
2025.02.19	01:00:07.162	0.82704				2
2025.02.19	01:00:08.558	0.82709	0.82727			6
2025.02.19	01:00:09.041	0.82708	0.82725			6
2025.02.19	01:00:09.409	0.82709	0.82727			6
2025.02.19	01:00:10.084	0.82705	0.82729			6
2025.02.19	01:00:10.408	0.82711				2
2025.02.19	01:00:10.722	0.82714	0.82731			6
2025.02.19	01:00:11.046	0.82716	0.82734			6
2025.02.19	01:00:11.415	0.82705	0.82736			6
2025.02.19	01:00:11.723	0.82713	0.82737			6
2025.02.19	01:00:12.258	0.82714	0.82736			6
2025.02.19	01:00:13.214	0.82712	0.82737			6
2025.02.19	01:00:13.532	0.82719	0.82741			6
2025.02.19	01:00:14.359	0.82720	0.82740			6
2025.02.19	01:00:15.046	0.82721	0.82738			6
2025.02.19	01:00:15.665	0.82718	0.82735			6
2025.02.19	01:00:16.001	0.82717	0.82736			6
2025.02.19	01:00:16.366	0.82718	0.82735			6
2025.02.19	01:00:19.065	0.82717				2
2025.02.19	01:00:19.404	0.82715	0.82738			6
2025.02.19	01:00:22.301	0.82716	0.82737			6
2025.02.19	01:00:26.296	0.82715	0.82738			6
2025.02.19	01:00:27.369	0.82721				2
2025.02.19	01:00:28.820	0.82718	0.82736			6
2025.02.19	01:00:30.403	0.82719				2
2025.02.19	01:00:32.120	0.82720	0.82737			6
2025.02.19	01:00:32.427	0.82715	0.82735			6
2025.02.19	01:00:32.743	0.82717	0.82734			6
2025.02.19	01:00:33.476	0.82716				2
2025.02.19	01:00:33.783		0.82735			4
2025.02.19	01:00:34.089	0.82717	0.82733			6
2025.02.19	01:00:35.223	0.82716	0.82735			6
2025.02.19	01:00:36.034	0.82717	0.82733			6
2025.02.19	01:00:40.564	0.82716				2
2025.02.19	01:00:50.488	0.82719				2
2025.02.19	01:00:50.857	0.82718				2
2025.02.19	01:00:52.029	0.82719				2
2025.02.19	01:00:54.940	0.82717				2
2025.02.19	01:00:56.236		0.82732			4
2025.02.19	01:00:56.644	0.82719	0.82734			6
2025.02.19	01:00:57.228	0.82718				2
2025.02.19	01:00:58.391	0.82719	0.82733			6
2025.02.19	01:01:00.264	0.82721				2
2025.02.19	01:01:01.190	0.82719				2
2025.02.19	01:01:02.424	0.82720				2
2025.02.19	01:01:02.743	0.82721				2
2025.02.19	01:01:03.048	0.82719	0.82734			6
2025.02.19	01:01:03.502	0.82721				2
2025.02.19	01:01:04.301		0.82736			4
2025.02.19	01:01:08.409	0.82722				2
2025.02.19	01:01:09.153	0.82731	0.82737			6
2025.02.19	01:01:09.487	0.82730				2
2025.02.19	01:01:15.506	0.82732	0.82743			6
2025.02.19	01:01:16.347	0.82730	0.82740			6
2025.02.19	01:01:17.917	0.82727	0.82739			6
2025.02.19	01:01:18.223		0.82738			4
2025.02.19	01:01:18.905	0.82726	0.82734			6
2025.02.19	01:01:19.207	0.82727	0.82736			6
2025.02.19	01:01:19.519	0.82726				2
2025.02.19	01:01:19.834	0.82728				2
2025.02.19	01:01:20.927	0.82730	0.82740			6
2025.02.19	01:01:21.289		0.82738			4
2025.02.19	01:01:21.691		0.82739			4
2025.02.19	01:01:23.894	0.82728	0.82738			6
2025.02.19	01:01:24.201		0.82739			4
2025.02.19	01:01:29.090	0.82726	0.82734			6
2025.02.19	01:01:29.403	0.82728	0.82736			6
2025.02.19	01:01:31.498	0.82726				2
2025.02.19	01:01:32.121		0.82737			4
2025.02.19	01:01:34.995		0.82735			4
2025.02.19	01:01:36.223	0.82725	0.82732			6
2025.02.19	01:01:37.542		0.82731			4
2025.02.19	01:01:41.777	0.82726	0.82733			6
2025.02.19	01:01:42.088		0.82735			4
2025.02.19	01:01:42.751	0.82728				2
2025.02.19	01:01:45.621	0.82726				2
2025.02.19	01:01:51.924		0.82732			4
2025.02.19	01:01:57.636	0.82723	0.82731			6
2025.02.19	01:02:01.220	0.82723				2
2025.02.19	01:02:05.435		0.82732			4
2025.02.19	01:02:09.917	0.82725	0.82733			6
2025.02.19	01:02:12.512		0.82734			4
2025.02.19	01:02:14.054		0.82733			4
2025.02.19	01:02:17.280	0.82729				2
2025.02.19	01:02:17.838	0.82728				2
2025.02.19	01:02:19.244	0.82731	0.82739			6
2025.02.19	01:02:19.619		0.82738			4
2025.02.19	01:02:21.593	0.82729				2
2025.02.19	01:02:24.652		0.82739			4
2025.02.19	01:02:24.972		0.82736			4
2025.02.19	01:02:26.904	0.82731	0.82737			6
2025.02.19	01:02:28.752	0.82729	0.82734			6
2025.02.19	01:02:47.833	0.82727	0.82737			6
2025.02.19	01:02:48.145		0.82733			4
2025.02.19	01:02:50.822		0.82735			4
2025.02.19	01:02:52.178		0.82734			4
2025.02.19	01:02:52.696	0.82729	0.82736			6
2025.02.19	01:02:54.103	0.82727	0.82733			6
2025.02.19	01:02:57.239		0.82734			4
2025.02.19	01:02:57.723		0.82733			4
2025.02.19	01:03:00.493	0.82727	0.82732			6
2025.02.19	01:03:01.443	0.82723				2
2025.02.19	01:03:01.960		0.82733			4
2025.02.19	01:03:02.450	0.82727				2
2025.02.19	01:03:03.048	0.82730	0.82735			6
2025.02.19	01:03:07.941	0.82721	0.82727			6
2025.02.19	01:03:08.390		0.82728			4
2025.02.19	01:03:08.842	0.82720				2
2025.02.19	01:03:10.315	0.82721				2
2025.02.19	01:03:10.840		0.82729			4
2025.02.19	01:03:11.196	0.82723				2
2025.02.19	01:03:11.822		0.82727			4
2025.02.19	01:03:14.794	0.82725	0.82729			6
2025.02.19	01:03:16.323		0.82730			4
2025.02.19	01:03:19.704	0.82718				2
2025.02.19	01:03:20.389	0.82725				2
2025.02.19	01:03:26.823		0.82731			4
2025.02.19	01:03:40.063	0.82726				2
2025.02.19	01:03:48.456	0.82725	0.82730			6
2025.02.19	01:03:48.768		0.82731			4
2025.02.19	01:03:51.306	0.82719				2
2025.02.19	01:03:52.055	0.82725				2
2025.02.19	01:03:55.972		0.82730			4
2025.02.19	01:03:56.492	0.82726				2
2025.02.19	01:03:56.822		0.82731			4
2025.02.19	01:04:00.379	0.82725				2
2025.02.19	01:04:02.578		0.82726			4
2025.02.19	01:04:02.883	0.82721	0.82727			6
2025.02.19	01:04:06.238	0.82723	0.82728			6
2025.02.19	01:04:06.593	0.82725	0.82729			6
2025.02.19	01:04:06.941		0.82730			4
2025.02.19	01:04:09.283	0.82726	0.82732			6
2025.02.19	01:04:11.370		0.82731			4
2025.02.19	01:04:13.620	0.82725				2
2025.02.19	01:04:13.925		0.82729			4
2025.02.19	01:04:14.797	0.82726				2
2025.02.19	01:04:15.541		0.82730			4
2025.02.19	01:04:18.154	0.82723	0.82725			6
2025.02.19	01:04:19.965	0.82725	0.82728			6
2025.02.19	01:04:25.250	0.82726				2
2025.02.19	01:04:26.822		0.82727			4
2025.02.19	01:04:28.613		0.82728			4
2025.02.19	01:04:29.709		0.82727			4
2025.02.19	01:04:31.381		0.82728			4
2025.02.19	01:04:32.337		0.82731			4
2025.02.19	01:04:35.482	0.82727	0.82732			6
2025.02.19	01:04:43.023	0.82726	0.82728			6
2025.02.19	01:04:43.635	0.82727	0.82729			6
2025.02.19	01:04:45.147		0.82732			4
2025.02.19	01:04:50.061	0.82729	0.82733			6
2025.02.19	01:05:00.452	0.82729				2
2025.02.19	01:05:03.111		0.82734			4
2025.02.19	01:05:11.942		0.82732			4
2025.02.19	01:05:17.267	0.82728	0.82733			6
2025.02.19	01:05:31.013		0.82734			4
2025.02.19	01:05:31.624		0.82735			4
2025.02.19	01:05:32.032	0.82730	0.82736			6
2025.02.19	01:05:33.038	0.82731				2
2025.02.19	01:05:35.976		0.82737			4
2025.02.19	01:05:43.261	0.82733	0.82741			6
2025.02.19	01:05:52.369	0.82734				2
2025.02.19	01:05:54.434	0.82733				2
2025.02.19	01:05:54.800	0.82734				2
2025.02.19	01:05:57.725	0.82735				2
2025.02.19	01:05:59.433	0.82736				2
2025.02.19	01:06:00.227	0.82736	0.82742			6
2025.02.19	01:06:00.733	0.82734	0.82741			6
2025.02.19	01:06:01.053		0.82740			4
2025.02.19	01:06:11.703	0.82737	0.82742			6
2025.02.19	01:06:12.313		0.82743			4
2025.02.19	01:06:12.902		0.82744			4
2025.02.19	01:06:13.226		0.82745			4
2025.02.19	01:06:14.051		0.82743			4
2025.02.19	01:06:14.777	0.82738				2
2025.02.19	01:06:15.143	0.82737				2
2025.02.19	01:06:17.624	0.82741	0.82745			6
2025.02.19	01:06:17.929	0.82739	0.82746			6
2025.02.19	01:06:18.252	0.82740				2
2025.02.19	01:06:21.566	0.82739				2
2025.02.19	01:06:23.717	0.82738	0.82743			6
2025.02.19	01:06:24.022	0.82742	0.82746			6
2025.02.19	01:06:29.111		0.82748			4
2025.02.19	01:06:30.368		0.82749			4
2025.02.19	01:06:32.297	0.82743				2
2025.02.19	01:06:35.922	0.82742	0.82748			6
2025.02.19	01:06:49.206	0.82743				2
2025.02.19	01:06:49.768	0.82742				2
2025.02.19	01:07:00.460	0.82743				2
2025.02.19	01:07:01.359	0.82742				2
2025.02.19	01:07:04.477	0.82743				2
2025.02.19	01:07:08.593	0.82742				2
2025.02.19	01:07:31.469	0.82743				2
2025.02.19	01:07:34.925		0.82749			4
2025.02.19	01:07:41.558	0.82746	0.82752			6
2025.02.19	01:07:41.864		0.82751			4
2025.02.19	01:07:42.350	0.82750	0.82756			6
2025.02.19	01:07:42.741	0.82749	0.82755			6
2025.02.19	01:07:43.050	0.82750				2
2025.02.19	01:07:46.233	0.82749				2
2025.02.19	01:07:46.910	0.82750				2
2025.02.19	01:07:55.814	0.82751				2
2025.02.19	01:07:58.663	0.82750				2
2025.02.19	01:07:59.743	0.82748	0.82751			6
2025.02.19	01:08:00.305	0.82749	0.82754			6
2025.02.19	01:08:00.930		0.82755			4
2025.02.19	01:08:01.312	0.82750				2
2025.02.19	01:08:06.514	0.82748	0.82752			6
2025.02.19	01:08:18.669	0.82750	0.82756			6
2025.02.19	01:08:20.549	0.82749				2
2025.02.19	01:08:20.888	0.82750				2
2025.02.19	01:08:21.377	0.82749				2
2025.02.19	01:08:22.571	0.82750				2
2025.02.19	01:08:40.659	0.82751	0.82757			6
2025.02.19	01:08:50.682	0.82749	0.82754			6
2025.02.19	01:08:51.115	0.82748				2
2025.02.19	01:08:54.889	0.82750	0.82755			6
2025.02.19	01:08:55.322		0.82756			4
2025.02.19	01:09:01.021	0.82750				2
2025.02.19	01:09:04.692	0.82751				2
2025.02.19	01:09:10.273	0.82750				2
2025.02.19	01:09:10.622		0.82755			4
2025.02.19	01:09:10.924	0.82751				2
2025.02.19	01:09:12.543		0.82756			4
2025.02.19	01:09:12.894	0.82752				2
2025.02.19	01:09:13.641		0.82757			4
2025.02.19	01:09:15.726		0.82758			4
2025.02.19	01:09:17.266	0.82754	0.82759			6
2025.02.19	01:09:21.980	0.82756				2
2025.02.19	01:09:22.290		0.82761			4
2025.02.19	01:09:22.712	0.82755				2
2025.02.19	01:09:29.702	0.82756				2
2025.02.19	01:09:30.070	0.82755	0.82760			6
2025.02.19	01:09:31.288		0.82759			4
2025.02.19	01:09:38.660	0.82756	0.82760			6
2025.02.19	01:09:46.109		0.82761			4
2025.02.19	01:09:52.923		0.82760			4
2025.02.19	01:09:55.600	0.82757	0.82761			6
2025.02.19	01:09:57.122	0.82758	0.82762			6
2025.02.19	01:09:57.814		0.82763			4
2025.02.19	01:09:58.114	0.82759				2
2025.02.19	01:09:58.443	0.82761	0.82764			6
2025.02.19	01:09:58.762	0.82762	0.82767			6
2025.02.19	01:10:00.294	0.82762				2
2025.02.19	01:10:01.148	0.82763	0.82769			6
2025.02.19	01:10:02.135	0.82762				2
2025.02.19	01:10:02.882	0.82763				2
2025.02.19	01:10:06.779	0.82761	0.82765			6
2025.02.19	01:10:11.169		0.82766			4
2025.02.19	01:10:11.700		0.82767			4
2025.02.19	01:10:13.416	0.82762	0.82766			6
2025.02.19	01:10:22.397	0.82763	0.82764			6
2025.02.19	01:10:25.701	0.82764	0.82765			6
2025.02.19	01:10:29.084	0.82751	0.82752			6
2025.02.19	01:10:29.386	0.82750	0.82751			6
2025.02.19	01:10:29.739	0.82745	0.82746			6
2025.02.19	01:10:30.103	0.82742	0.82743			6
2025.02.19	01:10:31.451		0.82749			4
2025.02.19	01:10:34.801		0.82748			4
2025.02.19	01:10:36.352		0.82749			4
2025.02.19	01:10:40.317	0.82740	0.82747			6
2025.02.19	01:10:42.773		0.82748			4
2025.02.19	01:10:43.231		0.82747			4
2025.02.19	01:10:46.317	0.82741	0.82744			6
2025.02.19	01:10:46.636		0.82743			4
2025.02.19	01:10:47.484	0.82738				2
2025.02.19	01:10:47.877		0.82741			4
2025.02.19	01:10:48.748	0.82737				2
2025.02.19	01:10:52.667		0.82745			4
2025.02.19	01:10:52.987	0.82740	0.82746			6
2025.02.19	01:10:53.303	0.82742	0.82750			6
2025.02.19	01:11:00.318	0.82742				2
2025.02.19	01:11:06.349	0.82743				2
2025.02.19	01:11:07.836		0.82748			4
2025.02.19	01:11:09.352	0.82742	0.82747			6
2025.02.19	01:11:12.300		0.82748			4
2025.02.19	01:11:14.357	0.82741	0.82749			6
2025.02.19	01:11:14.739	0.82742				2
2025.02.19	01:11:20.415	0.82743				2
2025.02.19	01:11:22.541	0.82742				2
2025.02.19	01:11:23.012	0.82743				2
2025.02.19	01:11:23.388	0.82742				2
2025.02.19	01:11:24.622	0.82745	0.82750			6
2025.02.19	01:11:24.946	0.82746				2
2025.02.19	01:11:25.704		0.82751			4
2025.02.19	01:11:28.524	0.82749	0.82752			6
2025.02.19	01:11:28.829	0.82747	0.82751			6
2025.02.19	01:11:29.788	0.82749	0.82752			6
2025.02.19	01:11:31.867		0.82753			4
2025.02.19	01:11:32.346		0.82752			4
2025.02.19	01:11:33.422		0.82751			4
2025.02.19	01:11:33.747	0.82747				2
2025.02.19	01:11:40.240	0.82748				2
2025.02.19	01:11:45.743	0.82746	0.82747			6
2025.02.19	01:11:46.888	0.82745				2
2025.02.19	01:11:47.272		0.82750			4
2025.02.19	01:11:48.736	0.82747	0.82751			6
2025.02.19	01:11:53.270	0.82749	0.82752			6
2025.02.19	01:11:53.854		0.82751			4
2025.02.19	01:11:54.412		0.82752			4
2025.02.19	01:11:56.350		0.82751			4
2025.02.19	01:11:58.195	0.82746	0.82752			6
2025.02.19	01:11:58.549	0.82747	0.82751			6
2025.02.19	01:12:00.732	0.82746				2
2025.02.19	01:12:01.392	0.82745				2
2025.02.19	01:12:02.244	0.82746				2
2025.02.19	01:12:05.439		0.82752			4
2025.02.19	01:12:05.776	0.82750				2
2025.02.19	01:12:06.077	0.82749				2
2025.02.19	01:12:09.177	0.82747	0.82751			6
2025.02.19	01:12:09.563		0.82752			4
2025.02.19	01:12:15.050		0.82753			4
2025.02.19	01:12:15.363	0.82749				2
2025.02.19	01:12:15.988		0.82752			4
2025.02.19	01:12:16.370		0.82753			4
2025.02.19	01:12:20.789	0.82750				2
2025.02.19	01:12:23.157	0.82743	0.82744			6
2025.02.19	01:12:23.471	0.82741	0.82742			6
2025.02.19	01:12:24.105	0.82738				2
2025.02.19	01:12:24.870	0.82737				2
2025.02.19	01:12:25.419		0.82741			4
2025.02.19	01:12:25.860	0.82738	0.82742			6
2025.02.19	01:12:26.316		0.82741			4
2025.02.19	01:12:28.730		0.82743			4
2025.02.19	01:12:30.318	0.82741				2
2025.02.19	01:12:30.694		0.82742			4
2025.02.19	01:12:33.639	0.82735	0.82737			6
2025.02.19	01:12:33.945	0.82736	0.82738			6
2025.02.19	01:12:34.704		0.82737			4
2025.02.19	01:12:35.723	0.82735				2
2025.02.19	01:12:36.569	0.82734	0.82735			6
2025.02.19	01:12:38.857		0.82736			4
2025.02.19	01:12:42.571	0.82735	0.82737			6
2025.02.19	01:12:43.690	0.82734	0.82735			6
2025.02.19	01:12:47.640		0.82736			4
2025.02.19	01:12:48.187		0.82735			4
2025.02.19	01:12:49.786	0.82735	0.82737			6
2025.02.19	01:12:51.928		0.82736			4
2025.02.19	01:12:52.491		0.82737			4
2025.02.19	01:12:57.533		0.82736			4
2025.02.19	01:13:00.322	0.82735				2
2025.02.19	01:13:14.355	0.82739	0.82746			6
2025.02.19	01:13:14.663	0.82742	0.82744			6
2025.02.19	01:13:19.992		0.82746			4
2025.02.19	01:13:21.861		0.82744			4
2025.02.19	01:13:27.135	0.82743				2
2025.02.19	01:13:36.347		0.82745			4
2025.02.19	01:13:42.743	0.82742				2
2025.02.19	01:13:44.948	0.82743	0.82744			6
2025.02.19	01:13:48.647	0.82742				2
2025.02.19	01:13:49.428	0.82743	0.82745			6
2025.02.19	01:13:55.568	0.82742	0.82747			6
2025.02.19	01:14:01.138	0.82742				2
2025.02.19	01:14:04.487	0.82744	0.82750			6
2025.02.19	01:14:05.895	0.82745	0.82751			6
2025.02.19	01:14:23.887		0.82750			4
2025.02.19	01:14:30.515		0.82749			4
2025.02.19	01:14:30.845	0.82743	0.82748			6
2025.02.19	01:14:31.158	0.82742	0.82747			6
2025.02.19	01:15:00.382	0.82743	0.82749			6
2025.02.19	01:15:08.261		0.82748			4
2025.02.19	01:15:29.174	0.82744	0.82747			6
2025.02.19	01:15:29.487		0.82749			4
2025.02.19	01:15:30.889	0.82743				2
2025.02.19	01:15:40.360	0.82741	0.82747			6
2025.02.19	01:15:41.523	0.82742				2
2025.02.19	01:15:43.081	0.82741				2
2025.02.19	01:15:43.483		0.82746			4
2025.02.19	01:15:45.565	0.82742				2
2025.02.19	01:15:49.241	0.82741				2
2025.02.19	01:15:50.561	0.82742				2
2025.02.19	01:16:00.131	0.82742				2
2025.02.19	01:16:02.986	0.82741	0.82747			6
2025.02.19	01:16:03.939	0.82742	0.82746			6
2025.02.19	01:16:06.222	0.82741	0.82747			6
2025.02.19	01:16:08.472		0.82745			4
2025.02.19	01:16:08.861		0.82747			4
2025.02.19	01:16:13.163		0.82745			4
2025.02.19	01:16:13.482	0.82742	0.82746			6
2025.02.19	01:16:15.658	0.82741	0.82747			6
2025.02.19	01:16:16.321	0.82742	0.82746			6
2025.02.19	01:16:33.786		0.82743			4
2025.02.19	01:16:34.100		0.82744			4
2025.02.19	01:16:34.439		0.82743			4
2025.02.19	01:16:34.759		0.82744			4
2025.02.19	01:16:36.064		0.82743			4
2025.02.19	01:16:44.034	0.82743	0.82744			6
2025.02.19	01:16:55.758		0.82746			4
2025.02.19	01:16:56.065	0.82744	0.82745			6
2025.02.19	01:16:56.417		0.82746			4
2025.02.19	01:16:56.775	0.82743	0.82747			6
2025.02.19	01:16:57.202	0.82742	0.82746			6
2025.02.19	01:17:00.250	0.82742				2
2025.02.19	01:17:00.588	0.82743	0.82747			6
2025.02.19	01:17:00.940		0.82746			4
2025.02.19	01:17:01.242	0.82741				2
2025.02.19	01:17:02.347	0.82742				2
2025.02.19	01:17:14.226	0.82741				2
2025.02.19	01:17:27.185	0.82742				2
2025.02.19	01:17:35.619	0.82743	0.82748			6
2025.02.19	01:17:40.521	0.82742				2
2025.02.19	01:17:48.399	0.82743	0.82749			6
2025.02.19	01:18:00.359	0.82743				2
2025.02.19	01:18:10.649		0.82748			4
2025.02.19	01:18:27.546	0.82746	0.82747			6
2025.02.19	01:18:27.952	0.82747	0.82748			6
2025.02.19	01:18:28.370	0.82746				2
2025.02.19	01:18:39.789	0.82747				2
2025.02.19	01:18:40.772	0.82746				2
2025.02.19	01:18:44.996	0.82747				2
2025.02.19	01:18:49.745	0.82746				2
2025.02.19	01:18:50.689	0.82751	0.82752			6
2025.02.19	01:18:51.017	0.82750	0.82751			6
2025.02.19	01:18:55.602	0.82754	0.82755			6
2025.02.19	01:18:55.921		0.82756			4
2025.02.19	01:18:56.282		0.82755			4
2025.02.19	01:18:56.714	0.82753	0.82754			6
2025.02.19	01:18:59.863	0.82756	0.82757			6
2025.02.19	01:19:00.367	0.82756				2
2025.02.19	01:19:00.813	0.82755	0.82758			6
2025.02.19	01:19:13.809	0.82754				2
2025.02.19	01:19:14.371	0.82755				2
2025.02.19	01:19:15.117	0.82756	0.82757			6
2025.02.19	01:19:15.429	0.82755	0.82756			6
2025.02.19	01:19:37.550	0.82754	0.82755			6
2025.02.19	01:19:55.020	0.82752	0.82753			6
2025.02.19	01:20:02.109	0.82752				2
2025.02.19	01:20:24.317	0.82753	0.82754			6
2025.02.19	01:21:00.422	0.82753				2
2025.02.19	01:21:23.783	0.82757	0.82758			6
2025.02.19	01:21:24.308		0.82759			4
2025.02.19	01:21:24.642	0.82758				2
2025.02.19	01:21:30.938	0.82756	0.82757			6
2025.02.19	01:21:31.490	0.82755				2
2025.02.19	01:21:42.592	0.82756				2
2025.02.19	01:21:46.636	0.82759	0.82760			6
2025.02.19	01:21:48.346	0.82760	0.82761			6
2025.02.19	01:21:50.233	0.82758	0.82759			6
2025.02.19	01:21:52.606	0.82759	0.82760			6
2025.02.19	01:21:55.819	0.82758	0.82759			6
2025.02.19	01:22:00.981	0.82758				2
2025.02.19	01:22:04.937	0.82756	0.82757			6
2025.02.19	01:22:06.039	0.82757	0.82758			6
2025.02.19	01:22:10.245	0.82756	0.82757			6
2025.02.19	01:22:10.817	0.82755	0.82756			6
2025.02.19	01:22:18.072	0.82758	0.82759			6
2025.02.19	01:22:24.092	0.82757	0.82758			6
2025.02.19	01:22:26.250	0.82756	0.82757			6
2025.02.19	01:22:35.677	0.82755	0.82756			6
2025.02.19	01:22:36.817	0.82754	0.82755			6
2025.02.19	01:23:00.226	0.82754				2
2025.02.19	01:23:19.749	0.82753				2
2025.02.19	01:23:27.297	0.82754				2
2025.02.19	01:23:36.976		0.82755			4
2025.02.19	01:23:40.376	0.82753	0.82754			6
2025.02.19	01:23:48.283	0.82752	0.82753			6
2025.02.19	01:23:54.864	0.82753	0.82754			6
2025.02.19	01:24:00.952	0.82753				2
2025.02.19	01:24:04.371	0.82752				2
2025.02.19	01:24:07.537	0.82753				2
2025.02.19	01:24:19.536	0.82754	0.82755			6
2025.02.19	01:24:55.979	0.82756	0.82757			6
2025.02.19	01:24:58.464	0.82755				2
2025.02.19	01:24:59.129		0.82756			4
2025.02.19	01:25:00.360	0.82755				2
2025.02.19	01:25:59.573		0.82756			4
2025.02.19	01:26:00.316	0.82755				2
2025.02.19	01:26:46.753	0.82756	0.82757			6
2025.02.19	01:26:53.555	0.82752	0.82753			6
2025.02.19	01:26:54.763	0.82751	0.82752			6
2025.02.19	01:27:00.322	0.82751				2
2025.02.19	01:27:02.874	0.82747	0.82748			6
2025.02.19	01:27:06.246	0.82748	0.82749			6
2025.02.19	01:27:10.373	0.82747	0.82748			6
2025.02.19	01:27:21.240	0.82748	0.82749			6
2025.02.19	01:27:21.670		0.82750			4
2025.02.19	01:27:21.986	0.82747	0.82749			6
2025.02.19	01:27:24.832	0.82748				2
2025.02.19	01:27:41.724	0.82742	0.82743			6
2025.02.19	01:27:42.531	0.82740	0.82741			6
2025.02.19	01:27:42.845	0.82739				2
2025.02.19	01:27:44.041	0.82741	0.82742			6
2025.02.19	01:27:45.893	0.82738	0.82740			6
2025.02.19	01:27:46.204		0.82739			4
2025.02.19	01:28:00.391	0.82739	0.82740			6
2025.02.19	01:28:00.944	0.82740	0.82741			6
2025.02.19	01:28:03.433	0.82741	0.82742			6
2025.02.19	01:28:04.128	0.82743	0.82744			6
2025.02.19	01:28:09.143	0.82739	0.82740			6
2025.02.19	01:28:09.532	0.82738	0.82739			6
2025.02.19	01:28:10.188	0.82739	0.82740			6
2025.02.19	01:28:12.119	0.82741	0.82742			6
2025.02.19	01:28:12.771	0.82740	0.82741			6
2025.02.19	01:28:13.461	0.82741	0.82742			6
2025.02.19	01:28:22.665	0.82742	0.82743			6
2025.02.19	01:28:26.090	0.82743	0.82744			6
2025.02.19	01:28:26.481	0.82742	0.82743			6
2025.02.19	01:28:26.902	0.82741	0.82742			6
2025.02.19	01:28:27.831	0.82742	0.82743			6
2025.02.19	01:28:36.349	0.82743	0.82744			6
2025.02.19	01:28:39.412	0.82742	0.82743			6
2025.02.19	01:28:43.481	0.82741				2
2025.02.19	01:28:58.645	0.82740	0.82741			6
2025.02.19	01:29:00.139	0.82741	0.82742			6
2025.02.19	01:29:03.965		0.82744			4
2025.02.19	01:29:05.126	0.82742				2
2025.02.19	01:29:07.092	0.82743				2
2025.02.19	01:29:10.388	0.82742	0.82743			6
2025.02.19	01:29:12.243	0.82741				2
2025.02.19	01:29:14.785	0.82740				2
2025.02.19	01:29:17.419	0.82741				2
2025.02.19	01:29:21.376	0.82742				2
2025.02.19	01:29:48.685	0.82744	0.82745			6
2025.02.19	01:29:52.385	0.82742	0.82743			6
2025.02.19	01:29:55.180	0.82740				2
2025.02.19	01:29:55.482	0.82741				2
2025.02.19	01:29:56.507	0.82743	0.82744			6
2025.02.19	01:29:57.223	0.82744	0.82745			6
2025.02.19	01:29:57.786	0.82743	0.82744			6
2025.02.19	01:30:00.309	0.82745	0.82747			6
2025.02.19	01:30:00.623		0.82746			4
2025.02.19	01:30:00.943	0.82746	0.82747			6
2025.02.19	01:30:01.244	0.82747	0.82748			6
2025.02.19	01:30:02.170	0.82746				2
2025.02.19	01:30:03.989	0.82747				2
2025.02.19	01:30:09.527	0.82748	0.82749			6
2025.02.19	01:31:00.455	0.82748				2
2025.02.19	01:31:01.317		0.82750			4
2025.02.19	01:31:09.749	0.82749				2
2025.02.19	01:31:13.332	0.82748				2
2025.02.19	01:31:13.702	0.82749				2
2025.02.19	01:31:25.339	0.82748	0.82749			6
2025.02.19	01:32:01.175	0.82748				2
2025.02.19	01:32:01.513	0.82749	0.82751			6
2025.02.19	01:32:09.189	0.82745	0.82746			6
2025.02.19	01:32:09.504	0.82746	0.82747			6
2025.02.19	01:32:09.821	0.82745	0.82746			6
2025.02.19	01:32:13.093	0.82744	0.82745			6
2025.02.19	01:32:13.404	0.82743	0.82744			6
2025.02.19	01:32:45.382	0.82744	0.82745			6
2025.02.19	01:33:03.673	0.82743	0.82744			6
2025.02.19	01:33:25.629	0.82744	0.82745			6
2025.02.19	01:33:43.464	0.82748	0.82749			6
2025.02.19	01:34:02.173	0.82748				2
2025.02.19	01:34:18.512	0.82750	0.82751			6
2025.02.19	01:35:01.177	0.82750				2
2025.02.19	01:35:06.953	0.82749	0.82750			6
2025.02.19	01:35:12.021	0.82748				2
2025.02.19	01:35:13.974	0.82749				2
2025.02.19	01:35:18.901		0.82751			4
2025.02.19	01:35:19.210	0.82746	0.82747			6
2025.02.19	01:35:19.573	0.82747	0.82748			6
2025.02.19	01:35:21.522	0.82748	0.82749			6
2025.02.19	01:35:22.197	0.82747				2
2025.02.19	01:35:25.380		0.82748			4
2025.02.19	01:35:25.725	0.82746				2
2025.02.19	01:35:26.073		0.82747			4
2025.02.19	01:35:45.447	0.82747	0.82748			6
2025.02.19	01:35:48.539	0.82748	0.82749			6
2025.02.19	01:35:51.561	0.82747				2
2025.02.19	01:35:51.913		0.82748			4
2025.02.19	01:36:01.616	0.82747				2
2025.02.19	01:36:05.520	0.82748	0.82749			6
2025.02.19	01:36:17.549	0.82749	0.82750			6
2025.02.19	01:36:20.540	0.82750	0.82751			6
2025.02.19	01:36:22.753	0.82749				2
2025.02.19	01:36:23.064	0.82747	0.82748			6
2025.02.19	01:36:24.195	0.82748	0.82750			6
2025.02.19	01:36:25.636	0.82749				2
2025.02.19	01:36:26.574	0.82748				2
2025.02.19	01:36:28.847	0.82749				2
2025.02.19	01:36:29.635	0.82748				2
2025.02.19	01:36:57.890		0.82749			4
2025.02.19	01:37:00.474	0.82749	0.82750			6
2025.02.19	01:37:02.429		0.82751			4
2025.02.19	01:37:07.927		0.82750			4
2025.02.19	01:37:09.830	0.82748	0.82749			6
2025.02.19	01:37:14.819		0.82750			4
2025.02.19	01:37:17.049		0.82749			4
2025.02.19	01:37:48.933	0.82740	0.82741			6
2025.02.19	01:37:49.371	0.82739	0.82740			6
2025.02.19	01:37:49.862	0.82738	0.82739			6
2025.02.19	01:37:50.226	0.82737				2
2025.02.19	01:37:51.889	0.82738				2
2025.02.19	01:37:52.275	0.82737				2
2025.02.19	01:37:55.483	0.82729	0.82732			6
2025.02.19	01:37:56.252		0.82733			4
2025.02.19	01:37:56.563	0.82732				2
2025.02.19	01:37:56.872	0.82733	0.82734			6
2025.02.19	01:38:01.546	0.82733				2
2025.02.19	01:38:06.543	0.82734	0.82735			6
2025.02.19	01:38:07.303	0.82733	0.82734			6
2025.02.19	01:38:13.048	0.82735	0.82736			6
2025.02.19	01:38:13.363	0.82738	0.82739			6
2025.02.19	01:38:15.569	0.82740	0.82742			6
2025.02.19	01:38:16.195	0.82741				2
2025.02.19	01:38:17.383		0.82743			4
2025.02.19	01:38:17.702		0.82742			4
2025.02.19	01:38:20.241		0.82743			4
2025.02.19	01:38:21.111		0.82742			4
2025.02.19	01:38:22.714	0.82743	0.82744			6
2025.02.19	01:38:27.400	0.82744	0.82745			6
2025.02.19	01:38:41.507		0.82748			4
2025.02.19	01:38:41.815	0.82746	0.82747			6
2025.02.19	01:38:42.291		0.82748			4
2025.02.19	01:38:44.740	0.82749	0.82750			6
2025.02.19	01:38:57.017	0.82750	0.82751			6
2025.02.19	01:39:01.112	0.82750				2
2025.02.19	01:39:17.106	0.82753	0.82754			6
2025.02.19	01:39:26.454	0.82755	0.82756			6
2025.02.19	01:39:40.161	0.82754	0.82755			6
2025.02.19	01:39:43.644		0.82756			4
2025.02.19	01:39:51.363		0.82755			4
2025.02.19	01:40:00.355	0.82754				2
2025.02.19	01:40:15.768	0.82756	0.82757			6
2025.02.19	01:40:16.911	0.82753	0.82754			6
2025.02.19	01:40:23.690	0.82754	0.82755			6
2025.02.19	01:40:41.557	0.82755	0.82756			6
2025.02.19	01:40:41.869	0.82756	0.82757			6
2025.02.19	01:40:58.579	0.82755	0.82756			6
2025.02.19	01:41:00.164	0.82755				2
2025.02.19	01:41:00.478	0.82754	0.82755			6
2025.02.19	01:41:05.956	0.82755	0.82756			6
2025.02.19	01:41:10.742	0.82756	0.82757			6
2025.02.19	01:41:17.261	0.82754	0.82755			6
2025.02.19	01:41:25.308	0.82751	0.82752			6
2025.02.19	01:41:25.936		0.82753			4
2025.02.19	01:41:26.353		0.82752			4
2025.02.19	01:41:40.100	0.82753	0.82754			6
2025.02.19	01:41:41.677	0.82752	0.82753			6
2025.02.19	01:42:01.554	0.82752				2
2025.02.19	01:42:04.960	0.82754	0.82755			6
2025.02.19	01:42:12.249	0.82759	0.82760			6
2025.02.19	01:42:16.507	0.82762	0.82764			6
2025.02.19	01:42:16.811	0.82761	0.82762			6
2025.02.19	01:42:17.187		0.82763			4
2025.02.19	01:42:20.857	0.82762				2
2025.02.19	01:42:21.170	0.82767	0.82768			6
2025.02.19	01:42:21.487	0.82766	0.82767			6
2025.02.19	01:42:21.809	0.82767	0.82768			6
2025.02.19	01:42:22.123		0.82769			4
2025.02.19	01:42:22.447		0.82768			4
2025.02.19	01:42:26.520	0.82768	0.82769			6
2025.02.19	01:42:27.677	0.82767				2
2025.02.19	01:42:28.205	0.82768				2
2025.02.19	01:42:30.110	0.82765	0.82766			6
2025.02.19	01:42:30.540	0.82764	0.82765			6
2025.02.19	01:42:45.369	0.82760	0.82761			6
2025.02.19	01:42:45.676	0.82759	0.82760			6
2025.02.19	01:42:49.369	0.82757	0.82758			6
2025.02.19	01:42:55.034	0.82758	0.82759			6
2025.02.19	01:42:56.622	0.82760	0.82761			6
2025.02.19	01:42:57.675	0.82762	0.82763			6
2025.02.19	01:42:58.268	0.82763	0.82764			6
2025.02.19	01:42:59.508	0.82761	0.82763			6
2025.02.19	01:42:59.810	0.82760	0.82761			6
2025.02.19	01:43:00.125	0.82760				2
2025.02.19	01:43:00.482	0.82759				2
2025.02.19	01:43:05.964		0.82760			4
2025.02.19	01:43:13.889	0.82758	0.82759			6
2025.02.19	01:43:49.417	0.82759	0.82760			6
2025.02.19	01:44:01.386	0.82759				2
2025.02.19	01:44:17.418	0.82758				2
2025.02.19	01:44:17.929	0.82759				2
2025.02.19	01:44:29.207	0.82760	0.82761			6
2025.02.19	01:44:36.574	0.82762	0.82763			6
2025.02.19	01:44:36.897	0.82763	0.82764			6
2025.02.19	01:44:38.291		0.82765			4
2025.02.19	01:44:38.770	0.82764				2
2025.02.19	01:44:45.850	0.82763				2
2025.02.19	01:44:46.746	0.82764				2
2025.02.19	01:44:49.472		0.82766			4
2025.02.19	01:45:01.170	0.82764				2
2025.02.19	01:45:04.202		0.82765			4
2025.02.19	01:45:11.308	0.82765	0.82766			6
2025.02.19	01:45:37.229	0.82766	0.82767			6
2025.02.19	01:45:38.946	0.82768	0.82770			6
2025.02.19	01:45:59.426	0.82769				2
2025.02.19	01:45:59.828	0.82770	0.82771			6
2025.02.19	01:46:00.138	0.82770				2
2025.02.19	01:46:09.763	0.82769	0.82770			6
2025.02.19	01:46:13.044	0.82766	0.82767			6
2025.02.19	01:46:13.362	0.82765	0.82766			6
2025.02.19	01:46:14.722		0.82767			4
2025.02.19	01:46:33.587		0.82766			4
2025.02.19	01:46:44.581		0.82767			4
2025.02.19	01:46:51.707	0.82769	0.82770			6
2025.02.19	01:46:54.140	0.82767	0.82769			6
2025.02.19	01:46:54.500		0.82768			4
2025.02.19	01:46:55.375	0.82765	0.82767			6
2025.02.19	01:46:57.540	0.82767	0.82768			6
2025.02.19	01:47:00.566	0.82767				2
2025.02.19	01:47:11.334	0.82766	0.82767			6
2025.02.19	01:47:47.058	0.82767	0.82768			6
2025.02.19	01:48:00.648	0.82767				2
2025.02.19	01:48:15.428	0.82766	0.82767			6
2025.02.19	01:48:17.640	0.82767	0.82768			6
2025.02.19	01:48:22.204	0.82766	0.82767			6
2025.02.19	01:48:42.554	0.82767	0.82768			6
2025.02.19	01:49:01.723	0.82767				2
2025.02.19	01:49:04.491	0.82770	0.82771			6
2025.02.19	01:49:07.440	0.82769	0.82770			6
2025.02.19	01:49:09.804	0.82770	0.82771			6
2025.02.19	01:49:20.380	0.82767	0.82768			6
2025.02.19	01:49:22.024	0.82766	0.82767			6
2025.02.19	01:49:22.354	0.82767	0.82768			6
2025.02.19	01:49:22.661	0.82766	0.82767			6
2025.02.19	01:49:23.369	0.82767	0.82768			6
2025.02.19	01:49:24.074	0.82766	0.82767			6
2025.02.19	01:49:55.340		0.82768			4
2025.02.19	01:50:00.085	0.82767				2
2025.02.19	01:50:01.575	0.82766	0.82769			6
2025.02.19	01:50:02.645		0.82768			4
2025.02.19	01:50:04.454	0.82765				2
2025.02.19	01:50:05.162	0.82766				2
2025.02.19	01:50:05.481	0.82765				2
2025.02.19	01:50:21.553		0.82767			4
2025.02.19	01:50:26.527	0.82764				2
2025.02.19	01:50:26.942	0.82765				2
2025.02.19	01:50:27.253	0.82764				2
2025.02.19	01:50:29.380	0.82765				2
2025.02.19	01:50:32.327	0.82764				2
2025.02.19	01:50:34.164	0.82765				2
2025.02.19	01:50:38.188	0.82764				2
2025.02.19	01:50:39.460	0.82765				2
2025.02.19	01:50:45.247	0.82764				2
2025.02.19	01:50:46.293	0.82765				2
2025.02.19	01:50:47.334	0.82764				2
2025.02.19	01:50:47.911	0.82765				2
2025.02.19	01:50:49.351	0.82761	0.82763			6
2025.02.19	01:50:49.699	0.82760	0.82762			6
2025.02.19	01:50:58.017	0.82759				2
2025.02.19	01:50:58.403	0.82760				2
2025.02.19	01:50:59.628	0.82765	0.82767			6
2025.02.19	01:51:00.363	0.82766				2
2025.02.19	01:51:01.118	0.82765				2
2025.02.19	01:51:02.615		0.82766			4
2025.02.19	01:51:03.121	0.82764	0.82767			6
2025.02.19	01:51:03.422	0.82763	0.82766			6
2025.02.19	01:51:04.360	0.82762	0.82765			6
2025.02.19	01:51:06.745	0.82761	0.82764			6
2025.02.19	01:51:07.243		0.82765			4
2025.02.19	01:51:07.872	0.82762				2
2025.02.19	01:51:20.481	0.82760	0.82763			6
2025.02.19	01:51:21.111	0.82759	0.82762			6
2025.02.19	01:51:30.541		0.82763			4
2025.02.19	01:52:00.337	0.82760				2
2025.02.19	01:52:01.051		0.82762			4
2025.02.19	01:52:07.910		0.82763			4
2025.02.19	01:52:21.964		0.82762			4
2025.02.19	01:52:31.787	0.82759				2
2025.02.19	01:52:47.384	0.82760				2
2025.02.19	01:52:48.184	0.82761	0.82764			6
2025.02.19	01:52:49.771	0.82760				2
2025.02.19	01:52:52.354	0.82761				2
2025.02.19	01:52:56.059	0.82762				2
2025.02.19	01:52:56.434		0.82765			4
2025.02.19	01:53:01.575	0.82763	0.82766			6
2025.02.19	01:53:01.889		0.82765			4
2025.02.19	01:53:02.198	0.82762				2
2025.02.19	01:53:02.555	0.82763				2
2025.02.19	01:53:42.054		0.82766			4
2025.02.19	01:53:55.934	0.82764	0.82765			6
2025.02.19	01:54:00.362	0.82764				2
2025.02.19	01:54:01.552	0.82763	0.82764			6
2025.02.19	01:54:05.007	0.82762	0.82763			6
2025.02.19	01:54:09.276	0.82761	0.82762			6
2025.02.19	01:54:12.291	0.82764	0.82765			6
2025.02.19	01:54:53.194	0.82765	0.82766			6
2025.02.19	01:55:00.771	0.82764	0.82765			6
2025.02.19	01:55:22.065	0.82763				2
2025.02.19	01:55:28.426	0.82761	0.82762			6
2025.02.19	01:55:30.839	0.82760				2
2025.02.19	01:55:32.823		0.82761			4
2025.02.19	01:55:40.558	0.82762	0.82763			6
2025.02.19	01:55:41.729	0.82761	0.82762			6
2025.02.19	01:55:44.149	0.82760	0.82761			6
2025.02.19	01:56:00.505	0.82760				2
2025.02.19	01:56:44.194		0.82761			4
2025.02.19	01:57:00.210	0.82760				2
2025.02.19	01:57:16.030	0.82761	0.82762			6
2025.02.19	01:57:16.352	0.82762	0.82763			6
2025.02.19	01:57:25.582	0.82761				2
2025.02.19	01:57:27.704		0.82762			4
2025.02.19	01:57:30.422	0.82760	0.82761			6
2025.02.19	01:57:32.662	0.82759	0.82760			6
2025.02.19	01:57:44.712	0.82758				2
2025.02.19	01:57:45.031	0.82759				2
2025.02.19	01:57:45.370	0.82758	0.82759			6
2025.02.19	01:58:00.158	0.82757	0.82758			6
2025.02.19	01:58:00.850	0.82758	0.82759			6
2025.02.19	01:58:04.281	0.82757				2
2025.02.19	01:58:04.649	0.82759	0.82760			6
2025.02.19	01:58:45.414	0.82758	0.82759			6
2025.02.19	01:58:46.789	0.82759	0.82760			6
2025.02.19	01:58:49.802		0.82761			4
2025.02.19	01:58:53.028		0.82760			4
2025.02.19	01:59:00.437	0.82759				2
2025.02.19	01:59:07.722	0.82760	0.82761			6
2025.02.19	01:59:26.825	0.82761	0.82762			6
2025.02.19	01:59:31.573	0.82760	0.82761			6
2025.02.19	01:59:44.532	0.82761	0.82762			6
2025.02.19	01:59:49.521	0.82762	0.82763			6
2025.02.19	02:00:00.320	0.82762				2
2025.02.19	02:00:00.935	0.82761	0.82762			6
2025.02.19	02:00:01.274	0.82760	0.82761			6
2025.02.19	02:00:01.668	0.82761	0.82762			6
2025.02.19	02:00:03.121	0.82760				2
2025.02.19	02:00:03.446		0.82761			4
2025.02.19	02:00:05.144	0.82761	0.82762			6
2025.02.19	02:00:05.938	0.82760				2
2025.02.19	02:00:06.690	0.82761				2
2025.02.19	02:00:07.190	0.82760				2
2025.02.19	02:00:10.225		0.82761			4
2025.02.19	02:00:21.377	0.82757	0.82759			6
2025.02.19	02:00:21.683	0.82758				2
2025.02.19	02:00:22.450	0.82757	0.82758			6
2025.02.19	02:00:22.770	0.82758	0.82759			6
2025.02.19	02:00:25.689	0.82759	0.82760			6
2025.02.19	02:00:26.076	0.82758				2
2025.02.19	02:00:26.389	0.82759				2
2025.02.19	02:00:27.080	0.82758	0.82759			6
2025.02.19	02:00:27.442	0.82759	0.82760			6
2025.02.19	02:00:29.293	0.82758				2
2025.02.19	02:00:30.490	0.82757	0.82758			6
2025.02.19	02:00:30.847	0.82759	0.82760			6
2025.02.19	02:00:34.890	0.82763	0.82764			6
2025.02.19	02:00:36.141		0.82765			4
2025.02.19	02:00:39.374	0.82764				2
2025.02.19	02:00:45.135	0.82765	0.82766			6
2025.02.19	02:00:46.303	0.82766	0.82767			6
2025.02.19	02:00:48.841	0.82768	0.82769			6
2025.02.19	02:00:50.118	0.82769	0.82770			6
2025.02.19	02:00:51.498	0.82767	0.82768			6
2025.02.19	02:00:53.377	0.82765	0.82766			6
2025.02.19	02:00:54.767	0.82764	0.82765			6
2025.02.19	02:00:55.086	0.82766	0.82767			6
2025.02.19	02:00:55.732	0.82765	0.82766			6
2025.02.19	02:01:00.146	0.82765				2
2025.02.19	02:01:00.877	0.82764				2
2025.02.19	02:01:06.087		0.82765			4
2025.02.19	02:01:08.874		0.82766			4
2025.02.19	02:01:10.039	0.82765				2
2025.02.19	02:01:12.744	0.82764	0.82765			6
2025.02.19	02:01:15.245	0.82765	0.82766			6
2025.02.19	02:01:37.383	0.82767	0.82768			6
2025.02.19	02:01:37.972	0.82765	0.82767			6
2025.02.19	02:01:38.521		0.82766			4
2025.02.19	02:01:52.174	0.82764	0.82765			6
2025.02.19	02:01:53.375	0.82767	0.82768			6
2025.02.19	02:01:55.336		0.82769			4
2025.02.19	02:01:55.735		0.82768			4
2025.02.19	02:01:58.068	0.82769	0.82770			6
2025.02.19	02:02:00.318	0.82769				2
2025.02.19	02:02:02.021	0.82771	0.82772			6
2025.02.19	02:02:02.684	0.82769	0.82771			6
2025.02.19	02:02:03.377	0.82770				2
2025.02.19	02:02:04.338	0.82769	0.82770			6
2025.02.19	02:02:05.371	0.82767	0.82768			6
2025.02.19	02:02:14.371	0.82768	0.82769			6
2025.02.19	02:02:20.714	0.82766	0.82767			6
2025.02.19	02:02:22.458	0.82767	0.82768			6
2025.02.19	02:02:22.972	0.82768	0.82769			6
2025.02.19	02:02:30.413	0.82766	0.82767			6
2025.02.19	02:02:31.216	0.82765	0.82766			6
2025.02.19	02:02:31.608	0.82763	0.82764			6
2025.02.19	02:02:33.163	0.82759	0.82760			6
2025.02.19	02:02:33.475	0.82760	0.82761			6
2025.02.19	02:02:33.867	0.82762	0.82763			6
2025.02.19	02:02:34.198	0.82763	0.82764			6
2025.02.19	02:02:39.421	0.82764	0.82765			6
2025.02.19	02:02:46.224	0.82763	0.82764			6
2025.02.19	02:02:56.028	0.82764	0.82765			6
2025.02.19	02:03:00.643	0.82764				2
2025.02.19	02:03:00.944	0.82763	0.82764			6
2025.02.19	02:03:23.379	0.82764	0.82765			6
2025.02.19	02:03:44.959	0.82763				2
2025.02.19	02:03:46.198		0.82764			4
2025.02.19	02:03:51.096	0.82764	0.82765			6
2025.02.19	02:04:03.242	0.82764				2
2025.02.19	02:04:18.377	0.82765	0.82766			6
2025.02.19	02:04:18.740	0.82764	0.82765			6
2025.02.19	02:04:24.527	0.82762				2
2025.02.19	02:04:26.359	0.82765	0.82766			6
2025.02.19	02:04:27.520	0.82764	0.82765			6
2025.02.19	02:04:48.129	0.82765	0.82766			6
2025.02.19	02:04:50.491	0.82764	0.82765			6
2025.02.19	02:05:00.778	0.82764				2
2025.02.19	02:05:10.473	0.82763	0.82764			6
2025.02.19	02:05:48.243	0.82761	0.82762			6
2025.02.19	02:05:49.013	0.82762	0.82763			6
2025.02.19	02:06:00.516	0.82762				2
2025.02.19	02:06:02.459	0.82763	0.82764			6
2025.02.19	02:06:02.891	0.82764	0.82765			6
2025.02.19	02:06:05.359	0.82761	0.82762			6
2025.02.19	02:06:05.662	0.82760	0.82761			6
2025.02.19	02:06:15.262	0.82759	0.82760			6
2025.02.19	02:06:32.687	0.82760	0.82761			6
2025.02.19	02:06:34.434	0.82761	0.82762			6
2025.02.19	02:07:00.391	0.82761				2
2025.02.19	02:07:11.231	0.82760	0.82761			6
2025.02.19	02:07:11.542	0.82761	0.82762			6
2025.02.19	02:07:25.494	0.82759	0.82760			6
2025.02.19	02:07:26.662	0.82760	0.82761			6
2025.02.19	02:07:27.003	0.82759	0.82760			6
2025.02.19	02:08:00.106	0.82759				2
2025.02.19	02:08:27.159		0.82760			4
2025.02.19	02:09:00.540	0.82759				2
2025.02.19	02:09:00.976	0.82760	0.82761			6
2025.02.19	02:09:03.610	0.82759	0.82760			6
2025.02.19	02:09:04.481		0.82761			4
2025.02.19	02:09:11.275	0.82760				2
2025.02.19	02:09:17.757	0.82759	0.82760			6
2025.02.19	02:09:38.901		0.82761			4
2025.02.19	02:09:52.238	0.82760				2
2025.02.19	02:09:56.098	0.82761	0.82762			6
2025.02.19	02:09:59.461	0.82762	0.82763			6
2025.02.19	02:10:00.529	0.82762				2
2025.02.19	02:10:06.017	0.82760	0.82761			6
2025.02.19	02:10:06.350	0.82759				2
2025.02.19	02:10:06.860	0.82761	0.82762			6
2025.02.19	02:10:07.163	0.82763	0.82764			6
2025.02.19	02:10:18.394	0.82760	0.82761			6
2025.02.19	02:10:19.292	0.82759				2
2025.02.19	02:10:23.339		0.82760			4
2025.02.19	02:10:28.405	0.82757	0.82758			6
2025.02.19	02:10:28.836	0.82758	0.82759			6
2025.02.19	02:10:30.918	0.82759	0.82760			6
2025.02.19	02:10:47.477	0.82758				2
2025.02.19	02:10:49.239	0.82757	0.82758			6
2025.02.19	02:10:53.172	0.82758	0.82759			6
2025.02.19	02:10:54.230	0.82757	0.82758			6
2025.02.19	02:10:55.521	0.82758	0.82759			6
2025.02.19	02:10:56.797	0.82757	0.82758			6
2025.02.19	02:11:00.569	0.82758	0.82759			6
2025.02.19	02:11:06.910	0.82759	0.82760			6
2025.02.19	02:11:10.601	0.82758	0.82759			6
2025.02.19	02:11:39.827	0.82759	0.82760			6
2025.02.19	02:11:41.667	0.82758	0.82759			6
2025.02.19	02:11:44.777	0.82759	0.82760			6
2025.02.19	02:11:46.710	0.82758	0.82759			6
2025.02.19	02:11:48.101	0.82759	0.82760			6
2025.02.19	02:11:56.372	0.82758	0.82759			6
2025.02.19	02:11:59.203	0.82756	0.82757			6
2025.02.19	02:12:00.356	0.82756				2
2025.02.19	02:12:31.820	0.82757	0.82758			6
2025.02.19	02:12:32.886		0.82759			4
2025.02.19	02:12:35.470		0.82758			4
2025.02.19	02:12:36.696	0.82758	0.82759			6
2025.02.19	02:12:44.834	0.82759	0.82760			6
2025.02.19	02:12:55.656	0.82758				2
2025.02.19	02:12:56.026		0.82759			4
2025.02.19	02:12:56.445		0.82760			4
2025.02.19	02:12:59.823		0.82759			4
2025.02.19	02:13:00.863	0.82758				2
2025.02.19	02:13:05.055		0.82760			4
2025.02.19	02:13:06.148		0.82759			4
2025.02.19	02:13:06.954		0.82760			4
2025.02.19	02:13:10.553		0.82759			4
2025.02.19	02:13:36.105	0.82756	0.82757			6
2025.02.19	02:14:00.452	0.82753	0.82754			6
2025.02.19	02:14:00.776	0.82752	0.82753			6
2025.02.19	02:14:01.083	0.82751	0.82752			6
2025.02.19	02:14:04.146		0.82753			4
2025.02.19	02:14:04.457	0.82752				2
2025.02.19	02:15:00.548	0.82752				2
2025.02.19	02:15:01.177	0.82751	0.82752			6
2025.02.19	02:15:01.540	0.82753	0.82754			6
2025.02.19	02:15:01.845		0.82755			4
2025.02.19	02:15:03.774		0.82754			4
2025.02.19	02:15:16.913	0.82751	0.82752			6
2025.02.19	02:15:18.041	0.82750	0.82751			6
2025.02.19	02:15:18.356	0.82751	0.82752			6
2025.02.19	02:15:28.404	0.82752	0.82753			6
2025.02.19	02:15:30.644		0.82754			4
2025.02.19	02:15:35.498		0.82753			4
2025.02.19	02:15:35.856		0.82754			4
2025.02.19	02:15:36.817	0.82753				2
2025.02.19	02:15:48.727	0.82752	0.82753			6
2025.02.19	02:15:57.404	0.82753	0.82754			6
2025.02.19	02:16:00.424	0.82753				2
2025.02.19	02:16:01.493	0.82752	0.82753			6
2025.02.19	02:16:15.476	0.82751	0.82752			6
2025.02.19	02:16:31.262	0.82752	0.82753			6
2025.02.19	02:16:44.802	0.82751	0.82752			6
2025.02.19	02:17:00.526	0.82751				2
2025.02.19	02:17:23.812	0.82748	0.82749			6
2025.02.19	02:17:29.857	0.82747				2
2025.02.19	02:17:32.632	0.82746	0.82747			6
2025.02.19	02:17:48.864	0.82747	0.82748			6
2025.02.19	02:17:59.548	0.82746				2
2025.02.19	02:18:00.051	0.82746				2
2025.02.19	02:18:02.577		0.82747			4
2025.02.19	02:18:13.469	0.82748	0.82749			6
2025.02.19	02:18:20.402	0.82749	0.82750			6
2025.02.19	02:18:21.389	0.82750	0.82751			6
2025.02.19	02:18:22.372	0.82751	0.82752			6
2025.02.19	02:18:26.789	0.82750	0.82751			6
2025.02.19	02:18:31.499	0.82749	0.82750			6
2025.02.19	02:18:38.897	0.82748	0.82749			6
2025.02.19	02:18:50.252	0.82749	0.82750			6
2025.02.19	02:18:50.562		0.82751			4
2025.02.19	02:18:52.010	0.82750				2
2025.02.19	02:19:00.075	0.82750				2
2025.02.19	02:19:21.607	0.82749	0.82750			6
2025.02.19	02:19:24.198	0.82750	0.82751			6
2025.02.19	02:19:27.196	0.82751	0.82752			6
2025.02.19	02:19:27.776	0.82752	0.82753			6
2025.02.19	02:19:29.347	0.82751	0.82752			6
2025.02.19	02:19:30.459	0.82752	0.82753			6
2025.02.19	02:19:30.827	0.82751	0.82752			6
2025.02.19	02:19:31.189	0.82750	0.82751			6
2025.02.19	02:19:32.753	0.82749	0.82750			6
2025.02.19	02:19:45.541		0.82751			4
2025.02.19	02:19:48.189	0.82752	0.82753			6
2025.02.19	02:19:51.891	0.82751				2
2025.02.19	02:19:52.512	0.82752				2
2025.02.19	02:20:00.637	0.82752				2
2025.02.19	02:20:01.176	0.82753	0.82754			6
2025.02.19	02:20:13.973	0.82752	0.82753			6
2025.02.19	02:20:40.352	0.82755	0.82756			6
2025.02.19	02:20:40.773	0.82754	0.82755			6
2025.02.19	02:20:53.198	0.82753				2
2025.02.19	02:20:53.505		0.82754			4
2025.02.19	02:20:56.001	0.82754	0.82755			6
2025.02.19	02:21:00.368	0.82754				2
2025.02.19	02:21:42.227	0.82753	0.82754			6
2025.02.19	02:22:01.470	0.82753				2
2025.02.19	02:22:25.725	0.82754	0.82755			6
2025.02.19	02:22:48.356	0.82753	0.82754			6
2025.02.19	02:22:48.668	0.82754	0.82755			6
2025.02.19	02:23:01.663	0.82754				2
2025.02.19	02:23:03.114	0.82755	0.82756			6
2025.02.19	02:23:04.668	0.82757	0.82758			6
2025.02.19	02:23:11.019	0.82756	0.82757			6
2025.02.19	02:23:12.346	0.82757	0.82758			6
2025.02.19	02:23:12.781	0.82758	0.82759			6
2025.02.19	02:23:27.129	0.82759	0.82760			6
2025.02.19	02:23:37.078	0.82760	0.82761			6
2025.02.19	02:23:48.256	0.82759	0.82760			6
2025.02.19	02:23:57.613	0.82758	0.82759			6
2025.02.19	02:24:02.674	0.82758				2
2025.02.19	02:24:02.992	0.82754	0.82756			6
2025.02.19	02:24:03.308		0.82755			4
2025.02.19	02:24:04.163	0.82755	0.82756			6
2025.02.19	02:24:04.789	0.82754	0.82755			6
2025.02.19	02:24:13.022	0.82753	0.82754			6
2025.02.19	02:24:51.852	0.82754	0.82755			6
2025.02.19	02:24:54.039	0.82753	0.82754			6
2025.02.19	02:25:01.272	0.82753				2
2025.02.19	02:25:05.216	0.82751	0.82752			6
2025.02.19	02:25:09.633	0.82752	0.82753			6
2025.02.19	02:25:18.551	0.82751	0.82752			6
2025.02.19	02:25:37.322	0.82752	0.82753			6
2025.02.19	02:26:00.387	0.82752				2
2025.02.19	02:26:03.097	0.82751	0.82752			6
2025.02.19	02:26:03.427		0.82753			4
2025.02.19	02:26:04.352		0.82752			4
2025.02.19	02:26:06.312	0.82750	0.82751			6
2025.02.19	02:26:34.173	0.82751	0.82752			6
2025.02.19	02:26:51.243	0.82750	0.82751			6
2025.02.19	02:26:51.549		0.82752			4
2025.02.19	02:26:51.864	0.82751				2
2025.02.19	02:26:52.673	0.82750	0.82751			6
2025.02.19	02:26:52.983	0.82749	0.82750			6
2025.02.19	02:26:54.753	0.82748	0.82749			6
2025.02.19	02:27:00.358	0.82748				2
2025.02.19	02:27:01.140	0.82747				2
2025.02.19	02:27:02.349	0.82748				2
2025.02.19	02:27:02.665	0.82749	0.82750			6
2025.02.19	02:27:25.791	0.82751	0.82752			6
2025.02.19	02:27:32.428	0.82750	0.82751			6
2025.02.19	02:27:34.154	0.82755	0.82756			6
2025.02.19	02:27:50.857	0.82754	0.82755			6
2025.02.19	02:27:51.541	0.82756	0.82757			6
2025.02.19	02:27:57.769	0.82755	0.82756			6
2025.02.19	02:27:58.600	0.82753	0.82754			6
2025.02.19	02:28:00.172	0.82753				2
2025.02.19	02:28:06.682	0.82749	0.82750			6
2025.02.19	02:28:22.834	0.82751	0.82752			6
2025.02.19	02:28:23.232	0.82752	0.82753			6
2025.02.19	02:28:25.332	0.82751	0.82752			6
2025.02.19	02:28:25.767	0.82752	0.82753			6
2025.02.19	02:28:27.351	0.82751	0.82752			6
2025.02.19	02:28:27.722	0.82752	0.82753			6
2025.02.19	02:28:38.369	0.82753	0.82754			6
2025.02.19	02:28:38.697	0.82752	0.82753			6
2025.02.19	02:28:40.691	0.82751	0.82752			6
2025.02.19	02:28:58.113	0.82753	0.82754			6
2025.02.19	02:28:58.733	0.82752	0.82753			6
2025.02.19	02:29:00.379	0.82752				2
2025.02.19	02:29:01.154	0.82753	0.82754			6
2025.02.19	02:29:01.494	0.82754	0.82755			6
2025.02.19	02:29:02.352	0.82753	0.82754			6
2025.02.19	02:29:02.724	0.82754	0.82755			6
2025.02.19	02:29:03.036	0.82752	0.82753			6
2025.02.19	02:29:06.225	0.82751	0.82752			6
2025.02.19	02:29:06.538	0.82752	0.82753			6
2025.02.19	02:29:07.313	0.82750	0.82751			6
2025.02.19	02:29:14.348	0.82752	0.82753			6
2025.02.19	02:29:25.676	0.82756	0.82757			6
2025.02.19	02:29:40.530	0.82755	0.82756			6
2025.02.19	02:29:42.442	0.82757	0.82758			6
2025.02.19	02:29:44.278	0.82756	0.82757			6
2025.02.19	02:30:00.116	0.82756				2
2025.02.19	02:30:02.486	0.82759	0.82760			6
2025.02.19	02:30:02.853	0.82760	0.82761			6
2025.02.19	02:30:03.171	0.82759	0.82760			6
2025.02.19	02:30:03.873	0.82758	0.82759			6
2025.02.19	02:30:04.677	0.82759	0.82760			6
2025.02.19	02:30:05.007	0.82758	0.82759			6
2025.02.19	02:30:08.589	0.82759	0.82760			6
2025.02.19	02:30:09.941	0.82760	0.82761			6
2025.02.19	02:30:10.931	0.82759	0.82760			6
2025.02.19	02:30:16.217	0.82757	0.82758			6
2025.02.19	02:30:16.669	0.82756	0.82757			6
2025.02.19	02:30:25.217	0.82759	0.82760			6
2025.02.19	02:30:26.740	0.82758	0.82759			6
2025.02.19	02:30:27.042	0.82759	0.82760			6
2025.02.19	02:30:29.744	0.82758	0.82759			6
2025.02.19	02:30:32.584	0.82757	0.82758			6
2025.02.19	02:30:33.310	0.82756	0.82757			6
2025.02.19	02:30:36.264	0.82755	0.82756			6
2025.02.19	02:30:57.115	0.82758	0.82759			6
2025.02.19	02:30:57.431	0.82757	0.82758			6
2025.02.19	02:30:59.171	0.82756	0.82757			6
2025.02.19	02:31:00.749	0.82759	0.82760			6
2025.02.19	02:31:01.508	0.82760	0.82761			6
2025.02.19	02:31:05.920	0.82758	0.82759			6
2025.02.19	02:31:11.699	0.82759	0.82760			6
2025.02.19	02:31:16.052	0.82758	0.82759			6
2025.02.19	02:31:16.516	0.82759	0.82760			6
2025.02.19	02:31:17.244	0.82758	0.82759			6
2025.02.19	02:31:20.345	0.82759	0.82760			6
2025.02.19	02:31:23.882	0.82758				2
2025.02.19	02:31:24.347	0.82759				2
2025.02.19	02:31:34.877	0.82758	0.82759			6
2025.02.19	02:31:35.226	0.82759	0.82760			6
2025.02.19	02:31:36.090	0.82760	0.82761			6
2025.02.19	02:31:37.838	0.82761	0.82762			6
2025.02.19	02:31:38.871	0.82762	0.82763			6
2025.02.19	02:31:40.126	0.82761	0.82762			6
2025.02.19	02:31:42.290	0.82762	0.82763			6
2025.02.19	02:31:53.400	0.82761	0.82762			6
2025.02.19	02:31:54.091	0.82760	0.82761			6
2025.02.19	02:32:00.379	0.82759	0.82760			6
2025.02.19	02:32:01.085		0.82761			4
2025.02.19	02:32:01.499		0.82760			4
2025.02.19	02:32:10.745	0.82760	0.82761			6
2025.02.19	02:32:11.442	0.82759	0.82760			6
2025.02.19	02:32:13.925	0.82760	0.82761			6
2025.02.19	02:32:18.123	0.82761	0.82762			6
2025.02.19	02:32:19.498	0.82760	0.82761			6
2025.02.19	02:32:23.828	0.82761	0.82762			6
2025.02.19	02:32:28.123	0.82760	0.82761			6
2025.02.19	02:32:34.566	0.82759	0.82760			6
2025.02.19	02:32:34.884		0.82761			4
2025.02.19	02:32:40.997	0.82760				2
2025.02.19	02:32:42.494	0.82762	0.82765			6
2025.02.19	02:32:43.108	0.82763	0.82767			6
2025.02.19	02:32:45.339		0.82766			4
2025.02.19	02:32:48.076	0.82762				2
2025.02.19	02:32:48.509	0.82763				2
2025.02.19	02:32:48.842		0.82767			4
2025.02.19	02:32:51.510		0.82766			4
2025.02.19	02:32:51.893	0.82762				2
2025.02.19	02:32:52.397	0.82763				2
2025.02.19	02:32:53.079		0.82767			4
2025.02.19	02:32:54.687		0.82766			4
2025.02.19	02:32:55.791		0.82765			4
2025.02.19	02:32:57.514		0.82766			4
2025.02.19	02:32:58.968	0.82762				2
2025.02.19	02:33:00.390	0.82763	0.82767			6
2025.02.19	02:33:04.845	0.82762	0.82766			6
2025.02.19	02:33:05.415		0.82767			4
2025.02.19	02:33:05.866	0.82763				2
2025.02.19	02:33:07.081		0.82766			4
2025.02.19	02:33:09.071	0.82764				2
2025.02.19	02:33:10.696	0.82763				2
2025.02.19	02:33:11.490	0.82765	0.82768			6
2025.02.19	02:33:12.005		0.82769			4
2025.02.19	02:33:12.350		0.82768			4
2025.02.19	02:33:17.526		0.82767			4
2025.02.19	02:33:19.363		0.82769			4
2025.02.19	02:33:19.689		0.82768			4
2025.02.19	02:33:21.041		0.82769			4
2025.02.19	02:33:21.460		0.82768			4
2025.02.19	02:33:22.641		0.82769			4
2025.02.19	02:33:22.962		0.82768			4
2025.02.19	02:33:24.963	0.82766	0.82769			6
2025.02.19	02:33:25.323		0.82768			4
2025.02.19	02:33:25.971		0.82767			4
2025.02.19	02:33:29.390		0.82768			4
2025.02.19	02:33:35.681	0.82765				2
2025.02.19	02:33:38.968	0.82766				2
2025.02.19	02:33:39.793		0.82769			4
2025.02.19	02:33:40.105		0.82770			4
2025.02.19	02:33:41.789		0.82769			4
2025.02.19	02:33:43.738		0.82770			4
2025.02.19	02:33:54.294	0.82765	0.82769			6
2025.02.19	02:33:57.885	0.82768				2
2025.02.19	02:33:58.212		0.82771			4
2025.02.19	02:34:00.321	0.82768				2
2025.02.19	02:34:03.404		0.82772			4
2025.02.19	02:34:03.723		0.82771			4
2025.02.19	02:34:06.385	0.82771	0.82772			6
2025.02.19	02:34:06.694		0.82773			4
2025.02.19	02:34:07.690		0.82772			4
2025.02.19	02:34:08.349		0.82775			4
2025.02.19	02:34:08.655		0.82774			4
2025.02.19	02:34:10.318	0.82772				2
2025.02.19	02:34:10.693		0.82775			4
2025.02.19	02:34:12.539		0.82776			4
2025.02.19	02:34:23.610	0.82775	0.82777			6
2025.02.19	02:34:28.027	0.82774				2
2025.02.19	02:34:28.795		0.82776			4
2025.02.19	02:34:29.253	0.82775				2
2025.02.19	02:34:29.841	0.82774	0.82777			6
2025.02.19	02:34:37.300	0.82773	0.82776			6
2025.02.19	02:34:37.603	0.82772				2
2025.02.19	02:34:41.241	0.82771				2
2025.02.19	02:34:45.134	0.82772				2
2025.02.19	02:34:48.855	0.82771				2
2025.02.19	02:34:50.259	0.82772				2
2025.02.19	02:34:53.654	0.82773	0.82777			6
2025.02.19	02:34:53.964	0.82776				2
2025.02.19	02:34:54.642	0.82773				2
2025.02.19	02:34:55.900	0.82775	0.82778			6
2025.02.19	02:34:57.792	0.82776	0.82780			6
2025.02.19	02:34:59.191		0.82779			4
2025.02.19	02:34:59.538		0.82780			4
2025.02.19	02:35:00.033	0.82776				2
2025.02.19	02:35:02.492		0.82779			4
2025.02.19	02:35:04.849	0.82769	0.82773			6
2025.02.19	02:35:05.162	0.82768	0.82772			6
2025.02.19	02:35:05.520		0.82771			4
2025.02.19	02:35:06.084	0.82767	0.82772			6
2025.02.19	02:35:06.486	0.82768				2
2025.02.19	02:35:09.642	0.82767	0.82770			6
2025.02.19	02:35:10.304		0.82771			4
2025.02.19	02:35:13.769		0.82770			4
2025.02.19	02:35:15.439	0.82768	0.82771			6
2025.02.19	02:35:15.830	0.82769				2
2025.02.19	02:35:25.763		0.82772			4
2025.02.19	02:35:26.765		0.82774			4
2025.02.19	02:35:27.836	0.82768				2
2025.02.19	02:35:29.267	0.82767	0.82773			6
2025.02.19	02:35:33.733		0.82771			4
2025.02.19	02:35:35.046	0.82768				2
2025.02.19	02:35:39.516	0.82767				2
2025.02.19	02:35:41.139		0.82772			4
2025.02.19	02:35:47.735		0.82771			4
2025.02.19	02:35:51.424		0.82770			4
2025.02.19	02:35:52.253	0.82766				2
2025.02.19	02:35:54.860	0.82767	0.82771			6
2025.02.19	02:35:55.674	0.82766	0.82772			6
2025.02.19	02:36:00.587	0.82765	0.82769			6
2025.02.19	02:36:02.651	0.82764	0.82768			6
2025.02.19	02:36:03.126	0.82763	0.82767			6
2025.02.19	02:36:04.585		0.82768			4
2025.02.19	02:36:07.408	0.82764	0.82769			6
2025.02.19	02:36:17.296	0.82765				2
2025.02.19	02:36:20.225		0.82768			4
2025.02.19	02:36:28.925		0.82769			4
2025.02.19	02:36:34.419	0.82766				2
2025.02.19	02:36:38.805	0.82765				2
2025.02.19	02:36:40.889	0.82766				2
2025.02.19	02:36:41.537	0.82765				2
2025.02.19	02:36:42.702	0.82766				2
2025.02.19	02:36:43.490	0.82765				2
2025.02.19	02:36:51.545	0.82766				2
2025.02.19	02:37:02.756	0.82766				2
2025.02.19	02:37:10.742	0.82765				2
2025.02.19	02:37:14.416	0.82768	0.82771			6
2025.02.19	02:37:16.179	0.82769				2
2025.02.19	02:37:35.038	0.82772	0.82774			6
2025.02.19	02:37:39.015	0.82771	0.82772			6
2025.02.19	02:37:39.940	0.82772	0.82773			6
2025.02.19	02:37:51.228	0.82771	0.82772			6
2025.02.19	02:38:00.186	0.82771	0.82773			6
2025.02.19	02:38:01.108	0.82772	0.82774			6
2025.02.19	02:38:01.720		0.82775			4
2025.02.19	02:38:04.331	0.82771				2
2025.02.19	02:38:28.565	0.82772				2
2025.02.19	02:38:29.231	0.82771				2
2025.02.19	02:38:38.456	0.82772				2
2025.02.19	02:38:38.789	0.82771				2
2025.02.19	02:38:48.267	0.82774	0.82777			6
2025.02.19	02:38:50.349	0.82773				2
2025.02.19	02:38:50.924		0.82776			4
2025.02.19	02:38:52.333	0.82772				2
2025.02.19	02:39:00.030	0.82772				2
2025.02.19	02:39:04.499	0.82775				2
2025.02.19	02:39:05.151	0.82774				2
2025.02.19	02:39:06.027	0.82775				2
2025.02.19	02:39:06.932	0.82774				2
2025.02.19	02:39:26.006	0.82775				2
2025.02.19	02:39:31.764	0.82774				2
2025.02.19	02:39:35.325	0.82775				2
2025.02.19	02:39:40.529	0.82774				2
2025.02.19	02:39:42.414	0.82775				2
2025.02.19	02:39:45.922	0.82774	0.82775			6
2025.02.19	02:39:47.170	0.82775	0.82776			6
2025.02.19	02:39:47.802	0.82774	0.82775			6
2025.02.19	02:39:53.968	0.82775	0.82776			6
2025.02.19	02:39:54.396	0.82776	0.82777			6
2025.02.19	02:40:00.531	0.82776				2
2025.02.19	02:40:02.341		0.82778			4
2025.02.19	02:40:03.035		0.82777			4
2025.02.19	02:40:03.412		0.82778			4
2025.02.19	02:40:04.506	0.82775				2
2025.02.19	02:40:07.600	0.82776				2
2025.02.19	02:40:10.872	0.82779	0.82781			6
2025.02.19	02:40:11.178	0.82781	0.82782			6
2025.02.19	02:40:11.806		0.82784			4
2025.02.19	02:40:12.947		0.82785			4
2025.02.19	02:40:19.077	0.82780	0.82784			6
2025.02.19	02:40:22.857	0.82777	0.82781			6
2025.02.19	02:40:23.238	0.82778	0.82782			6
2025.02.19	02:40:23.544	0.82779	0.82783			6
2025.02.19	02:40:26.280		0.82784			4
2025.02.19	02:40:26.647		0.82783			4
2025.02.19	02:40:53.513		0.82784			4
2025.02.19	02:40:58.904	0.82781	0.82787			6
2025.02.19	02:40:59.843	0.82783				2
2025.02.19	02:41:00.152	0.82783				2
2025.02.19	02:41:00.503	0.82786	0.82790			6
2025.02.19	02:41:05.887	0.82785	0.82787			6
2025.02.19	02:41:12.416	0.82786	0.82790			6
2025.02.19	02:41:26.666	0.82784	0.82788			6
2025.02.19	02:41:28.772	0.82779	0.82781			6
2025.02.19	02:41:29.775	0.82778				2
2025.02.19	02:41:35.814		0.82782			4
2025.02.19	02:41:36.971	0.82779	0.82783			6
2025.02.19	02:41:40.359	0.82778	0.82782			6
2025.02.19	02:41:41.393		0.82781			4
2025.02.19	02:42:00.395	0.82778				2
2025.02.19	02:42:07.461		0.82782			4
2025.02.19	02:42:08.344	0.82779				2
2025.02.19	02:42:09.959	0.82778				2
2025.02.19	02:42:14.252	0.82779				2
2025.02.19	02:42:15.246	0.82778				2
2025.02.19	02:42:16.875	0.82779				2
2025.02.19	02:42:17.358	0.82778				2
2025.02.19	02:42:21.937	0.82779				2
2025.02.19	02:42:22.291	0.82778				2
2025.02.19	02:42:23.464	0.82779				2
2025.02.19	02:42:27.021	0.82780				2
2025.02.19	02:42:27.500	0.82779				2
2025.02.19	02:42:29.343	0.82780				2
2025.02.19	02:42:30.476	0.82779				2
2025.02.19	02:42:35.406	0.82778				2
2025.02.19	02:42:42.632	0.82782	0.82785			6
2025.02.19	02:42:44.345	0.82781				2
2025.02.19	02:42:46.731	0.82779	0.82782			6
2025.02.19	02:42:47.044	0.82782	0.82785			6
2025.02.19	02:42:47.534		0.82786			4
2025.02.19	02:42:50.791	0.82783				2
2025.02.19	02:42:51.310	0.82782				2
2025.02.19	02:42:54.191		0.82785			4
2025.02.19	02:42:55.395	0.82783				2
2025.02.19	02:42:59.335	0.82782	0.82786			6
2025.02.19	02:43:00.481	0.82782				2
2025.02.19	02:43:13.052		0.82785			4
2025.02.19	02:43:13.379	0.82781	0.82784			6
2025.02.19	02:43:17.823		0.82783			4
2025.02.19	02:43:19.203		0.82784			4
2025.02.19	02:43:22.218	0.82780				2
2025.02.19	02:43:34.062	0.82781				2
2025.02.19	02:43:39.947	0.82782	0.82786			6
2025.02.19	02:43:45.464	0.82781	0.82785			6
2025.02.19	02:43:50.579	0.82782				2
2025.02.19	02:43:50.979	0.82781				2
2025.02.19	02:43:51.906	0.82782				2
2025.02.19	02:43:53.248	0.82783				2
2025.02.19	02:43:54.811		0.82786			4
2025.02.19	02:43:55.389	0.82782				2
2025.02.19	02:43:55.890	0.82783				2
2025.02.19	02:43:57.089	0.82782				2
2025.02.19	02:43:58.406		0.82783			4
2025.02.19	02:43:59.074		0.82785			4
2025.02.19	02:44:04.152	0.82782	0.82786			6
2025.02.19	02:44:04.481	0.82783				2
2025.02.19	02:44:04.855	0.82782	0.82785			6
2025.02.19	02:44:05.163		0.82786			4
2025.02.19	02:44:09.602	0.82781				2
2025.02.19	02:44:10.719	0.82782	0.82785			6
2025.02.19	02:44:13.508	0.82783	0.82786			6
2025.02.19	02:44:13.815	0.82782				2
2025.02.19	02:44:14.187	0.82783				2
2025.02.19	02:44:15.176	0.82782	0.82787			6
2025.02.19	02:44:16.321	0.82784				2
2025.02.19	02:44:24.826	0.82783	0.82786			6
2025.02.19	02:44:25.198		0.82787			4
2025.02.19	02:44:30.829	0.82784				2
2025.02.19	02:44:46.333	0.82783				2
2025.02.19	02:44:54.851	0.82784	0.82788			6
2025.02.19	02:44:55.890	0.82781	0.82785			6
2025.02.19	02:44:56.651		0.82784			4
2025.02.19	02:44:56.975		0.82785			4
2025.02.19	02:44:57.364	0.82782	0.82786			6
2025.02.19	02:44:57.739	0.82783	0.82787			6
2025.02.19	02:44:58.059	0.82782	0.82786			6
2025.02.19	02:45:01.023	0.82782	0.82785			6
2025.02.19	02:45:01.386		0.82783			4
2025.02.19	02:45:02.413	0.82783	0.82784			6
2025.02.19	02:45:02.739	0.82784	0.82785			6
2025.02.19	02:45:05.432	0.82782	0.82783			6
2025.02.19	02:45:06.140	0.82781	0.82782			6
2025.02.19	02:45:06.483		0.82784			4
2025.02.19	02:45:06.804		0.82785			4
2025.02.19	02:45:07.375	0.82782	0.82786			6
2025.02.19	02:45:08.347	0.82781	0.82785			6
2025.02.19	02:45:10.124	0.82782	0.82787			6
2025.02.19	02:45:10.933	0.82781	0.82786			6
2025.02.19	02:45:12.556	0.82782	0.82787			6
2025.02.19	02:45:14.683		0.82786			4
2025.02.19	02:45:15.429		0.82787			4
2025.02.19	02:45:16.846	0.82781	0.82785			6
2025.02.19	02:45:17.161		0.82786			4
2025.02.19	02:45:20.456	0.82783				2
2025.02.19	02:45:21.641	0.82782				2
2025.02.19	02:45:22.366	0.82784	0.82787			6
2025.02.19	02:45:23.377	0.82783				2
2025.02.19	02:45:25.952	0.82785	0.82788			6
2025.02.19	02:45:26.349		0.82789			4
2025.02.19	02:45:27.723		0.82788			4
2025.02.19	02:45:29.671	0.82783	0.82787			6
2025.02.19	02:45:44.922		0.82788			4
2025.02.19	02:45:59.306	0.82782	0.82787			6
2025.02.19	02:45:59.913	0.82783	0.82788			6
2025.02.19	02:46:00.373	0.82782	0.82787			6
