<DATE>	<TIME>	<BID>	<ASK>	<LAST>	<VOLUME>	<FLAGS>
2025.11.19	00:03:31.441	0.88008	0.88169			6
2025.11.19	00:04:01.420	0.88008				2
2025.11.19	00:04:13.494		0.88170			4
2025.11.19	00:05:05.553	0.88008				2
2025.11.19	00:05:14.347		0.88170			4
2025.11.19	00:06:00.068	0.88008				2
2025.11.19	00:06:19.800		0.88170			4
2025.11.19	00:06:59.556	0.87986	0.88150			6
2025.11.19	00:07:00.360	0.87986	0.88153			6
2025.11.19	00:07:10.321		0.88151			4
2025.11.19	00:07:24.794	0.87989				2
2025.11.19	00:07:26.200	0.87990				2
2025.11.19	00:07:29.563	0.87986				2
2025.11.19	00:07:39.606	0.87989				2
2025.11.19	00:07:42.345		0.88153			4
2025.11.19	00:07:49.420	0.88008	0.88150			6
2025.11.19	00:08:06.348	0.88008				2
2025.11.19	00:08:07.625		0.88149			4
2025.11.19	00:08:17.773		0.88150			4
2025.11.19	00:08:23.089		0.88149			4
2025.11.19	00:08:27.896		0.88150			4
2025.11.19	00:08:32.907		0.88149			4
2025.11.19	00:08:37.421		0.88150			4
2025.11.19	00:08:42.056		0.88149			4
2025.11.19	00:08:47.264		0.88150			4
2025.11.19	00:08:52.564		0.88149			4
2025.11.19	00:08:57.311		0.88150			4
2025.11.19	00:09:00.779	0.88008	0.88143			6
2025.11.19	00:09:04.882		0.88135			4
2025.11.19	00:09:12.343		0.88138			4
2025.11.19	00:09:16.288		0.88146			4
2025.11.19	00:09:32.347		0.88143			4
2025.11.19	00:09:57.134		0.88139			4
2025.11.19	00:10:00.378	0.88008	0.88113			6
2025.11.19	00:10:03.445		0.88112			4
2025.11.19	00:10:12.717	0.88043	0.88100			6
2025.11.19	00:10:14.263	0.88011	0.88099			6
2025.11.19	00:10:32.264	0.88043	0.88100			6
2025.11.19	00:10:32.568	0.88011	0.88099			6
2025.11.19	00:10:34.173	0.88041				2
2025.11.19	00:10:34.792	0.88039				2
2025.11.19	00:10:35.094		0.88100			4
2025.11.19	00:10:40.394	0.88041	0.88099			6
2025.11.19	00:10:41.621	0.88039				2
2025.11.19	00:10:42.571		0.88100			4
2025.11.19	00:10:44.127	0.88041	0.88099			6
2025.11.19	00:10:45.363	0.88009				2
2025.11.19	00:10:46.317	0.88039				2
2025.11.19	00:10:46.635		0.88100			4
2025.11.19	00:10:47.571	0.88041	0.88099			6
2025.11.19	00:10:48.493	0.88009				2
2025.11.19	00:10:49.428	0.88039				2
2025.11.19	00:10:52.239	0.88041				2
2025.11.19	00:11:00.320	0.88037				2
2025.11.19	00:11:00.621	0.88009				2
2025.11.19	00:11:06.092	0.87977	0.88119			6
2025.11.19	00:11:07.492	0.88009	0.88099			6
2025.11.19	00:11:08.451	0.88004	0.88114			6
2025.11.19	00:11:11.324		0.88113			4
2025.11.19	00:11:13.824	0.88009	0.88099			6
2025.11.19	00:11:14.821	0.88004	0.88113			6
2025.11.19	00:11:20.178	0.88009	0.88099			6
2025.11.19	00:11:21.151	0.88004	0.88113			6
2025.11.19	00:11:26.253	0.88037	0.88100			6
2025.11.19	00:11:27.179	0.88004	0.88113			6
2025.11.19	00:11:27.734		0.88112			4
2025.11.19	00:11:28.880		0.88113			4
2025.11.19	00:11:29.271	0.88008				2
2025.11.19	00:11:32.556	0.88037	0.88100			6
2025.11.19	00:11:33.494	0.88008	0.88113			6
2025.11.19	00:11:41.156		0.88112			4
2025.11.19	00:11:41.714		0.88113			4
2025.11.19	00:11:48.647		0.88109			4
2025.11.19	00:11:50.905		0.88121			4
2025.11.19	00:11:54.388		0.88122			4
2025.11.19	00:12:03.013	0.88008				2
2025.11.19	00:12:10.815		0.88121			4
2025.11.19	00:12:15.448		0.88122			4
2025.11.19	00:12:32.668		0.88121			4
2025.11.19	00:12:34.993		0.88124			4
2025.11.19	00:12:42.952		0.88125			4
2025.11.19	00:12:43.956		0.88126			4
2025.11.19	00:12:45.004		0.88124			4
2025.11.19	00:13:00.758	0.88008				2
2025.11.19	00:13:13.515		0.88123			4
2025.11.19	00:13:34.749		0.88130			4
2025.11.19	00:13:37.978		0.88129			4
2025.11.19	00:13:43.867		0.88127			4
2025.11.19	00:14:00.758	0.88008				2
2025.11.19	00:14:04.386		0.88121			4
2025.11.19	00:14:04.953		0.88122			4
2025.11.19	00:14:07.562		0.88121			4
2025.11.19	00:14:09.862		0.88122			4
2025.11.19	00:14:12.314		0.88121			4
2025.11.19	00:14:14.415		0.88122			4
2025.11.19	00:14:15.972		0.88121			4
2025.11.19	00:14:33.930		0.88120			4
2025.11.19	00:14:36.333		0.88121			4
2025.11.19	00:14:37.531		0.88120			4
2025.11.19	00:14:40.047		0.88121			4
2025.11.19	00:14:41.508		0.88120			4
2025.11.19	00:14:44.048		0.88121			4
2025.11.19	00:14:45.219		0.88120			4
2025.11.19	00:14:48.003		0.88121			4
2025.11.19	00:14:49.419		0.88120			4
2025.11.19	00:14:51.976		0.88121			4
2025.11.19	00:14:52.830		0.88120			4
2025.11.19	00:14:54.841		0.88121			4
2025.11.19	00:14:56.191		0.88120			4
2025.11.19	00:15:00.437	0.88008	0.88121			6
2025.11.19	00:15:03.453		0.88119			4
2025.11.19	00:15:03.764		0.88121			4
2025.11.19	00:15:04.386		0.88119			4
2025.11.19	00:15:33.915		0.88118			4
2025.11.19	00:16:01.410	0.88008				2
2025.11.19	00:16:07.571		0.88119			4
2025.11.19	00:16:08.122		0.88118			4
2025.11.19	00:16:13.837		0.88119			4
2025.11.19	00:16:16.894		0.88118			4
2025.11.19	00:16:46.548		0.88117			4
2025.11.19	00:16:50.715		0.88118			4
2025.11.19	00:17:01.408	0.88008				2
2025.11.19	00:17:09.315		0.88117			4
2025.11.19	00:17:23.116		0.88116			4
2025.11.19	00:18:04.385	0.88008				2
2025.11.19	00:18:15.018		0.88117			4
2025.11.19	00:18:20.118		0.88116			4
2025.11.19	00:18:30.469		0.88117			4
2025.11.19	00:18:35.715		0.88116			4
2025.11.19	00:19:00.316	0.88008				2
2025.11.19	00:19:38.115		0.88116			4
2025.11.19	00:19:47.745		0.88114			4
2025.11.19	00:20:00.424	0.88008	0.88113			6
2025.11.19	00:20:39.431	0.88007				2
2025.11.19	00:21:00.466	0.88007	0.88112			6
2025.11.19	00:21:06.917		0.88113			4
2025.11.19	00:21:27.573		0.88114			4
2025.11.19	00:21:28.074		0.88112			4
2025.11.19	00:21:28.395		0.88113			4
2025.11.19	00:21:28.732		0.88114			4
2025.11.19	00:21:29.237		0.88115			4
2025.11.19	00:21:29.573		0.88112			4
2025.11.19	00:21:29.879		0.88114			4
2025.11.19	00:21:30.282		0.88112			4
2025.11.19	00:21:30.783		0.88115			4
2025.11.19	00:21:31.264		0.88114			4
2025.11.19	00:21:31.583		0.88112			4
2025.11.19	00:21:31.901		0.88115			4
2025.11.19	00:21:32.642		0.88112			4
2025.11.19	00:21:33.346		0.88115			4
2025.11.19	00:21:33.810		0.88114			4
2025.11.19	00:21:34.120		0.88112			4
2025.11.19	00:21:34.432		0.88114			4
2025.11.19	00:21:34.891		0.88112			4
2025.11.19	00:21:35.390		0.88114			4
2025.11.19	00:21:35.705		0.88112			4
2025.11.19	00:21:36.390		0.88115			4
2025.11.19	00:21:36.846		0.88112			4
2025.11.19	00:21:37.311		0.88115			4
2025.11.19	00:21:37.771		0.88112			4
2025.11.19	00:21:38.232		0.88115			4
2025.11.19	00:21:38.696		0.88113			4
2025.11.19	00:21:39.147		0.88115			4
2025.11.19	00:21:39.617		0.88112			4
2025.11.19	00:21:40.077		0.88115			4
2025.11.19	00:21:40.565		0.88112			4
2025.11.19	00:21:41.047		0.88115			4
2025.11.19	00:21:41.522		0.88112			4
2025.11.19	00:21:41.996		0.88115			4
2025.11.19	00:21:42.469		0.88114			4
2025.11.19	00:21:42.790		0.88113			4
2025.11.19	00:21:43.517		0.88115			4
2025.11.19	00:21:44.004		0.88114			4
2025.11.19	00:21:44.327		0.88113			4
2025.11.19	00:21:44.637		0.88112			4
2025.11.19	00:21:45.061		0.88115			4
2025.11.19	00:21:45.545		0.88112			4
2025.11.19	00:21:46.046		0.88115			4
2025.11.19	00:21:46.532		0.88112			4
2025.11.19	00:21:47.031		0.88115			4
2025.11.19	00:21:47.530		0.88114			4
2025.11.19	00:21:47.857		0.88113			4
2025.11.19	00:21:48.179		0.88112			4
2025.11.19	00:21:48.587		0.88114			4
2025.11.19	00:21:49.421		0.88112			4
2025.11.19	00:21:49.741		0.88114			4
2025.11.19	00:21:50.557		0.88112			4
2025.11.19	00:21:51.271		0.88114			4
2025.11.19	00:21:52.067		0.88112			4
2025.11.19	00:21:52.413		0.88114			4
2025.11.19	00:21:53.216		0.88113			4
2025.11.19	00:21:53.939		0.88114			4
2025.11.19	00:21:54.439		0.88113			4
2025.11.19	00:21:54.933		0.88114			4
2025.11.19	00:21:55.767		0.88113			4
2025.11.19	00:21:56.497		0.88114			4
2025.11.19	00:21:56.988		0.88113			4
2025.11.19	00:21:57.482		0.88114			4
2025.11.19	00:21:58.316		0.88113			4
2025.11.19	00:21:58.624		0.88114			4
2025.11.19	00:21:59.109		0.88113			4
2025.11.19	00:21:59.608		0.88114			4
2025.11.19	00:22:00.075	0.88007	0.88113			6
2025.11.19	00:22:00.570		0.88114			4
2025.11.19	00:22:01.068		0.88112			4
2025.11.19	00:22:01.560		0.88114			4
2025.11.19	00:22:02.062		0.88112			4
2025.11.19	00:22:02.561		0.88114			4
2025.11.19	00:22:03.417		0.88112			4
2025.11.19	00:22:03.787		0.88114			4
2025.11.19	00:22:04.191		0.88112			4
2025.11.19	00:22:04.696		0.88114			4
2025.11.19	00:22:05.196		0.88112			4
2025.11.19	00:22:06.271		0.88114			4
2025.11.19	00:22:07.121		0.88112			4
2025.11.19	00:22:07.438		0.88114			4
2025.11.19	00:22:07.939		0.88113			4
2025.11.19	00:22:08.245		0.88112			4
2025.11.19	00:22:08.614		0.88114			4
2025.11.19	00:22:09.126		0.88112			4
2025.11.19	00:22:09.625		0.88114			4
2025.11.19	00:22:10.474		0.88112			4
2025.11.19	00:22:10.782		0.88114			4
2025.11.19	00:22:11.292		0.88113			4
2025.11.19	00:22:11.646		0.88112			4
2025.11.19	00:22:12.419		0.88114			4
2025.11.19	00:22:12.726		0.88112			4
2025.11.19	00:22:13.067		0.88114			4
2025.11.19	00:22:13.504		0.88112			4
2025.11.19	00:22:14.006		0.88114			4
2025.11.19	00:22:14.495		0.88112			4
2025.11.19	00:22:14.981		0.88114			4
2025.11.19	00:22:15.471		0.88112			4
2025.11.19	00:22:15.978		0.88114			4
2025.11.19	00:22:16.469		0.88112			4
2025.11.19	00:22:16.777		0.88114			4
2025.11.19	00:22:17.417		0.88112			4
2025.11.19	00:22:18.142		0.88113			4
2025.11.19	00:22:18.637		0.88112			4
2025.11.19	00:22:19.292		0.88113			4
2025.11.19	00:22:19.602		0.88112			4
2025.11.19	00:22:20.316		0.88114			4
2025.11.19	00:22:20.820		0.88112			4
2025.11.19	00:22:21.814		0.88111			4
2025.11.19	00:22:22.321		0.88112			4
2025.11.19	00:22:22.818		0.88111			4
2025.11.19	00:22:23.313		0.88112			4
2025.11.19	00:22:24.148		0.88111			4
2025.11.19	00:22:24.882		0.88112			4
2025.11.19	00:22:25.378		0.88111			4
2025.11.19	00:22:25.883		0.88112			4
2025.11.19	00:22:26.380		0.88111			4
2025.11.19	00:22:27.012		0.88112			4
2025.11.19	00:22:27.509		0.88111			4
2025.11.19	00:22:28.010		0.88112			4
2025.11.19	00:22:28.509		0.88111			4
2025.11.19	00:22:28.990		0.88112			4
2025.11.19	00:22:29.434	0.88008	0.88111			6
2025.11.19	00:22:29.988		0.88112			4
2025.11.19	00:22:30.492		0.88111			4
2025.11.19	00:22:30.987		0.88112			4
2025.11.19	00:22:31.304		0.88111			4
2025.11.19	00:22:31.633		0.88112			4
2025.11.19	00:22:32.062		0.88111			4
2025.11.19	00:22:32.703		0.88112			4
2025.11.19	00:22:33.510		0.88111			4
2025.11.19	00:22:33.857		0.88112			4
2025.11.19	00:22:34.165		0.88111			4
2025.11.19	00:22:34.503		0.88112			4
2025.11.19	00:22:34.951		0.88111			4
2025.11.19	00:22:36.026		0.88112			4
2025.11.19	00:22:36.347		0.88111			4
2025.11.19	00:22:37.014		0.88112			4
2025.11.19	00:22:37.856		0.88111			4
2025.11.19	00:22:38.188		0.88112			4
2025.11.19	00:22:38.532		0.88111			4
2025.11.19	00:22:39.255		0.88112			4
2025.11.19	00:22:39.751		0.88111			4
2025.11.19	00:22:40.248		0.88112			4
2025.11.19	00:22:41.067		0.88111			4
2025.11.19	00:22:41.805		0.88112			4
2025.11.19	00:22:42.267		0.88111			4
2025.11.19	00:22:42.749		0.88112			4
2025.11.19	00:22:43.562		0.88111			4
2025.11.19	00:22:44.289		0.88112			4
2025.11.19	00:22:45.121		0.88111			4
2025.11.19	00:22:45.472		0.88112			4
2025.11.19	00:22:46.236		0.88111			4
2025.11.19	00:22:46.596		0.88112			4
2025.11.19	00:22:47.351		0.88111			4
2025.11.19	00:22:47.653		0.88112			4
2025.11.19	00:22:48.466		0.88111			4
2025.11.19	00:22:48.951		0.88112			4
2025.11.19	00:22:49.593		0.88111			4
2025.11.19	00:22:49.903		0.88112			4
2025.11.19	00:22:50.390		0.88111			4
2025.11.19	00:22:51.031		0.88112			4
2025.11.19	00:22:51.338		0.88111			4
2025.11.19	00:22:51.662		0.88112			4
2025.11.19	00:22:52.100		0.88111			4
2025.11.19	00:22:52.746		0.88112			4
2025.11.19	00:22:53.251		0.88111			4
2025.11.19	00:22:54.325		0.88112			4
2025.11.19	00:22:55.187		0.88111			4
2025.11.19	00:22:55.546		0.88112			4
2025.11.19	00:22:55.986		0.88111			4
2025.11.19	00:22:56.485		0.88112			4
2025.11.19	00:22:57.302		0.88111			4
2025.11.19	00:22:57.632		0.88112			4
2025.11.19	00:22:58.101		0.88111			4
2025.11.19	00:22:58.600		0.88112			4
2025.11.19	00:22:59.426		0.88111			4
2025.11.19	00:23:00.164	0.88008	0.88112			6
2025.11.19	00:23:28.687		0.88111			4
2025.11.19	00:23:29.291		0.88112			4
2025.11.19	00:23:29.752		0.88111			4
2025.11.19	00:23:30.214		0.88112			4
2025.11.19	00:23:30.681		0.88111			4
2025.11.19	00:23:31.127		0.88112			4
2025.11.19	00:23:31.555		0.88111			4
2025.11.19	00:23:32.029		0.88112			4
2025.11.19	00:23:32.503		0.88111			4
2025.11.19	00:23:33.002		0.88112			4
2025.11.19	00:23:33.503		0.88111			4
2025.11.19	00:23:33.977		0.88112			4
2025.11.19	00:23:34.454		0.88111			4
2025.11.19	00:23:34.952		0.88112			4
2025.11.19	00:23:35.771		0.88111			4
2025.11.19	00:23:36.435		0.88112			4
2025.11.19	00:23:36.920		0.88111			4
2025.11.19	00:23:37.403		0.88112			4
2025.11.19	00:23:37.892		0.88111			4
2025.11.19	00:23:38.373		0.88112			4
2025.11.19	00:23:38.855		0.88111			4
2025.11.19	00:23:39.338		0.88112			4
2025.11.19	00:23:39.823		0.88111			4
2025.11.19	00:23:40.307		0.88112			4
2025.11.19	00:23:40.789		0.88111			4
2025.11.19	00:23:41.275		0.88112			4
2025.11.19	00:23:41.758		0.88111			4
2025.11.19	00:23:42.136		0.88113			4
2025.11.19	00:23:44.797		0.88111			4
2025.11.19	00:24:00.757	0.88008				2
2025.11.19	00:24:42.618		0.88112			4
2025.11.19	00:24:43.533		0.88113			4
2025.11.19	00:24:44.417		0.88112			4
2025.11.19	00:24:48.532		0.88113			4
2025.11.19	00:24:49.031		0.88112			4
2025.11.19	00:24:49.531		0.88113			4
2025.11.19	00:24:50.032		0.88112			4
2025.11.19	00:24:50.349		0.88113			4
2025.11.19	00:24:50.757		0.88112			4
2025.11.19	00:24:52.343		0.88113			4
2025.11.19	00:24:54.032		0.88112			4
2025.11.19	00:24:55.530		0.88113			4
2025.11.19	00:24:57.033		0.88112			4
2025.11.19	00:25:00.377	0.88008				2
2025.11.19	00:25:01.409		0.88113			4
2025.11.19	00:25:02.032		0.88112			4
2025.11.19	00:25:03.532		0.88113			4
2025.11.19	00:25:06.029		0.88112			4
2025.11.19	00:25:06.531		0.88113			4
2025.11.19	00:25:07.031		0.88111			4
2025.11.19	00:25:07.344		0.88113			4
2025.11.19	00:25:14.436	0.88007				2
2025.11.19	00:26:00.478	0.88007				2
2025.11.19	00:26:05.814		0.88111			4
2025.11.19	00:26:09.442	0.88008				2
2025.11.19	00:26:11.456		0.88109			4
2025.11.19	00:26:46.161		0.88108			4
2025.11.19	00:27:01.410	0.88008				2
2025.11.19	00:27:13.259	0.88006				2
2025.11.19	00:27:39.917		0.88107			4
2025.11.19	00:27:42.589		0.88108			4
2025.11.19	00:27:55.501		0.88109			4
2025.11.19	00:27:59.249	0.88008				2
2025.11.19	00:28:00.759	0.88008				2
2025.11.19	00:28:19.859		0.88108			4
2025.11.19	00:28:28.718		0.88109			4
2025.11.19	00:29:00.917	0.88008	0.88108			6
2025.11.19	00:29:09.915		0.88109			4
2025.11.19	00:29:10.673		0.88108			4
2025.11.19	00:29:14.110		0.88109			4
2025.11.19	00:29:16.524		0.88107			4
2025.11.19	00:29:17.138		0.88106			4
2025.11.19	00:29:18.078		0.88107			4
2025.11.19	00:29:18.699		0.88106			4
2025.11.19	00:29:19.319		0.88107			4
2025.11.19	00:29:21.708		0.88106			4
2025.11.19	00:29:22.056		0.88107			4
2025.11.19	00:29:22.358		0.88105			4
2025.11.19	00:29:22.979		0.88107			4
2025.11.19	00:29:24.199		0.88106			4
2025.11.19	00:29:24.818		0.88107			4
2025.11.19	00:29:26.358		0.88106			4
2025.11.19	00:29:26.667		0.88107			4
2025.11.19	00:29:26.977		0.88106			4
2025.11.19	00:29:27.281		0.88107			4
2025.11.19	00:29:27.597		0.88106			4
2025.11.19	00:29:27.898		0.88107			4
2025.11.19	00:29:30.399		0.88106			4
2025.11.19	00:29:30.699		0.88107			4
2025.11.19	00:29:31.017		0.88106			4
2025.11.19	00:29:31.331		0.88107			4
2025.11.19	00:29:31.637		0.88106			4
2025.11.19	00:29:31.945		0.88107			4
2025.11.19	00:29:35.357		0.88105			4
2025.11.19	00:29:35.665		0.88107			4
2025.11.19	00:29:36.902		0.88105			4
2025.11.19	00:29:37.214		0.88107			4
2025.11.19	00:29:37.826		0.88106			4
2025.11.19	00:29:38.137		0.88107			4
2025.11.19	00:29:38.440		0.88106			4
2025.11.19	00:29:38.742		0.88105			4
2025.11.19	00:29:39.057		0.88107			4
2025.11.19	00:29:39.664		0.88105			4
2025.11.19	00:29:39.978		0.88107			4
2025.11.19	00:29:40.280		0.88105			4
2025.11.19	00:29:40.585		0.88107			4
2025.11.19	00:29:40.896		0.88105			4
2025.11.19	00:29:41.518		0.88107			4
2025.11.19	00:29:42.137		0.88106			4
2025.11.19	00:29:42.446		0.88107			4
2025.11.19	00:29:42.757		0.88106			4
2025.11.19	00:29:43.061		0.88107			4
2025.11.19	00:29:43.377		0.88106			4
2025.11.19	00:29:48.669		0.88107			4
2025.11.19	00:29:48.982		0.88106			4
2025.11.19	00:29:49.286		0.88107			4
2025.11.19	00:29:49.599		0.88106			4
2025.11.19	00:29:51.411		0.88105			4
2025.11.19	00:29:52.338		0.88104			4
2025.11.19	00:29:52.646		0.88105			4
2025.11.19	00:29:52.957		0.88104			4
2025.11.19	00:29:53.261		0.88105			4
2025.11.19	00:29:53.578		0.88104			4
2025.11.19	00:29:53.880		0.88105			4
2025.11.19	00:29:54.498		0.88104			4
2025.11.19	00:29:54.808		0.88105			4
2025.11.19	00:29:55.119		0.88104			4
2025.11.19	00:29:55.421		0.88105			4
2025.11.19	00:29:56.044		0.88104			4
2025.11.19	00:29:56.979		0.88105			4
2025.11.19	00:29:58.526		0.88104			4
2025.11.19	00:29:59.141		0.88105			4
2025.11.19	00:29:59.458		0.88106			4
2025.11.19	00:29:59.761		0.88105			4
2025.11.19	00:30:00.070	0.88008	0.88104			6
2025.11.19	00:30:00.931	0.88016	0.88110			6
2025.11.19	00:30:03.585	0.88017	0.88109			6
2025.11.19	00:30:12.314		0.88108			4
2025.11.19	00:30:13.170	0.88021	0.88110			6
2025.11.19	00:30:18.201	0.88026				2
2025.11.19	00:30:21.913		0.88111			4
2025.11.19	00:30:42.915		0.88110			4
2025.11.19	00:31:00.137	0.88026				2
2025.11.19	00:31:41.640	0.88027				2
2025.11.19	00:31:48.315		0.88110			4
2025.11.19	00:32:06.125	0.88027				2
2025.11.19	00:32:06.533		0.88109			4
2025.11.19	00:32:06.837		0.88110			4
2025.11.19	00:32:15.296		0.88109			4
2025.11.19	00:32:24.913		0.88110			4
2025.11.19	00:32:29.789		0.88109			4
2025.11.19	00:32:30.130		0.88108			4
2025.11.19	00:32:30.438		0.88109			4
2025.11.19	00:32:39.501		0.88110			4
2025.11.19	00:32:44.714		0.88109			4
2025.11.19	00:33:00.358	0.88027				2
2025.11.19	00:33:19.198	0.88028				2
2025.11.19	00:33:20.121		0.88108			4
2025.11.19	00:33:23.152		0.88109			4
2025.11.19	00:33:28.265	0.88029				2
2025.11.19	00:33:29.193	0.88027				2
2025.11.19	00:33:33.915		0.88110			4
2025.11.19	00:33:37.516		0.88109			4
2025.11.19	00:33:48.655		0.88108			4
2025.11.19	00:33:49.297		0.88107			4
2025.11.19	00:33:49.599	0.88024	0.88108			6
2025.11.19	00:33:51.486		0.88109			4
2025.11.19	00:33:51.961	0.88025	0.88106			6
2025.11.19	00:33:52.614		0.88107			4
2025.11.19	00:33:53.494		0.88106			4
2025.11.19	00:33:54.569	0.88027				2
2025.11.19	00:33:59.170		0.88105			4
2025.11.19	00:34:00.057	0.88027				2
2025.11.19	00:34:00.365	0.88026				2
2025.11.19	00:34:05.980	0.88029	0.88102			6
2025.11.19	00:34:10.654		0.88101			4
2025.11.19	00:34:11.565		0.88102			4
2025.11.19	00:34:11.877		0.88101			4
2025.11.19	00:34:12.185		0.88102			4
2025.11.19	00:34:13.438	0.88028				2
2025.11.19	00:34:13.758	0.88031	0.88101			6
2025.11.19	00:34:14.065		0.88100			4
2025.11.19	00:34:14.378	0.88030				2
2025.11.19	00:34:14.711		0.88101			4
2025.11.19	00:34:15.069		0.88100			4
2025.11.19	00:34:15.417		0.88101			4
2025.11.19	00:34:16.105		0.88100			4
2025.11.19	00:34:16.447		0.88101			4
2025.11.19	00:34:17.496		0.88100			4
2025.11.19	00:34:17.877		0.88101			4
2025.11.19	00:34:19.297		0.88100			4
2025.11.19	00:34:19.665		0.88101			4
2025.11.19	00:34:20.758	0.88031	0.88100			6
2025.11.19	00:34:21.062	0.88030				2
2025.11.19	00:34:21.452	0.88031				2
2025.11.19	00:34:21.832	0.88030				2
2025.11.19	00:34:22.196	0.88031				2
2025.11.19	00:34:22.570	0.88030				2
2025.11.19	00:34:22.936	0.88031				2
2025.11.19	00:34:23.296	0.88030				2
2025.11.19	00:34:23.670	0.88031				2
2025.11.19	00:34:24.080	0.88030				2
2025.11.19	00:34:24.464		0.88101			4
2025.11.19	00:34:24.777	0.88031	0.88099			6
2025.11.19	00:34:25.081	0.88030				2
2025.11.19	00:34:25.398	0.88031	0.88100			6
2025.11.19	00:34:25.706	0.88030	0.88099			6
2025.11.19	00:34:26.018	0.88031	0.88100			6
2025.11.19	00:34:26.319		0.88099			4
2025.11.19	00:34:26.621	0.88030	0.88100			6
2025.11.19	00:34:26.997	0.88031				2
2025.11.19	00:34:27.753	0.88030				2
2025.11.19	00:34:29.121	0.88051	0.88116			6
2025.11.19	00:34:29.425	0.88050	0.88115			6
2025.11.19	00:34:30.058	0.88042	0.88112			6
2025.11.19	00:34:32.247	0.88051	0.88114			6
2025.11.19	00:34:32.557		0.88115			4
2025.11.19	00:34:32.861		0.88114			4
2025.11.19	00:34:33.320		0.88115			4
2025.11.19	00:34:35.312	0.88050				2
2025.11.19	00:34:36.129	0.88025	0.88100			6
2025.11.19	00:34:36.432	0.88026				2
2025.11.19	00:34:36.777	0.88031	0.88099			6
2025.11.19	00:34:37.078	0.88030	0.88101			6
2025.11.19	00:34:37.390		0.88099			4
2025.11.19	00:34:37.697		0.88101			4
2025.11.19	00:34:39.257		0.88100			4
2025.11.19	00:34:39.994		0.88101			4
2025.11.19	00:34:42.344		0.88100			4
2025.11.19	00:34:42.926		0.88101			4
2025.11.19	00:34:43.862		0.88100			4
2025.11.19	00:34:46.347	0.88029				2
2025.11.19	00:34:46.657	0.88030	0.88101			6
2025.11.19	00:34:46.959		0.88100			4
2025.11.19	00:34:47.871	0.88031				2
2025.11.19	00:34:48.177	0.88029	0.88101			6
2025.11.19	00:34:48.496		0.88100			4
2025.11.19	00:34:49.119	0.88028				2
2025.11.19	00:34:49.421	0.88030				2
2025.11.19	00:34:49.737	0.88029				2
2025.11.19	00:34:50.043	0.88028				2
2025.11.19	00:34:50.349	0.88029				2
2025.11.19	00:34:50.658		0.88101			4
2025.11.19	00:34:50.968	0.88028				2
2025.11.19	00:34:51.278	0.88029				2
2025.11.19	00:34:51.581		0.88100			4
2025.11.19	00:34:51.901	0.88025				2
2025.11.19	00:34:52.208	0.88024				2
2025.11.19	00:34:52.518	0.88025				2
2025.11.19	00:34:52.826	0.88024				2
2025.11.19	00:34:53.136	0.88025				2
2025.11.19	00:34:53.437	0.88024				2
2025.11.19	00:34:53.759	0.88025	0.88099			6
2025.11.19	00:34:54.064	0.88024	0.88100			6
2025.11.19	00:34:54.378	0.88025	0.88101			6
2025.11.19	00:34:54.688		0.88100			4
2025.11.19	00:34:55.530	0.88029	0.88103			6
2025.11.19	00:34:55.838	0.88028	0.88104			6
2025.11.19	00:34:56.220		0.88103			4
2025.11.19	00:34:56.525	0.88027				2
2025.11.19	00:34:56.839		0.88105			4
2025.11.19	00:34:57.378	0.88031				2
2025.11.19	00:34:58.970	0.88030				2
2025.11.19	00:34:59.599	0.88031				2
2025.11.19	00:34:59.985	0.88030				2
2025.11.19	00:35:00.656	0.88031				2
2025.11.19	00:35:01.351	0.88030				2
2025.11.19	00:35:06.001	0.88033	0.88107			6
2025.11.19	00:35:06.310	0.88036	0.88108			6
2025.11.19	00:35:06.749	0.88037	0.88107			6
2025.11.19	00:35:10.334	0.88036				2
2025.11.19	00:35:10.747	0.88039				2
2025.11.19	00:35:22.761	0.88040				2
2025.11.19	00:35:26.404	0.88039	0.88106			6
2025.11.19	00:35:36.014		0.88107			4
2025.11.19	00:35:36.508	0.88044	0.88106			6
2025.11.19	00:35:38.876	0.88045	0.88105			6
2025.11.19	00:35:39.869	0.88046	0.88106			6
2025.11.19	00:35:40.209	0.88044				2
2025.11.19	00:35:43.675	0.88047				2
2025.11.19	00:35:54.853		0.88105			4
2025.11.19	00:35:55.338	0.88046	0.88106			6
2025.11.19	00:35:58.837	0.88043	0.88107			6
2025.11.19	00:36:00.458	0.88044	0.88106			6
2025.11.19	00:36:01.664	0.88042				2
2025.11.19	00:36:05.407	0.88043				2
2025.11.19	00:36:06.224	0.88042	0.88105			6
2025.11.19	00:36:07.088	0.88043				2
2025.11.19	00:36:11.646		0.88106			4
2025.11.19	00:36:17.607	0.88041	0.88105			6
2025.11.19	00:36:18.727	0.88039	0.88106			6
2025.11.19	00:36:30.451		0.88105			4
2025.11.19	00:36:32.600		0.88106			4
2025.11.19	00:36:48.915		0.88105			4
2025.11.19	00:36:50.338		0.88106			4
2025.11.19	00:37:06.317	0.88038				2
2025.11.19	00:37:15.437	0.88037	0.88107			6
2025.11.19	00:37:16.348	0.88041				2
2025.11.19	00:37:21.525	0.88038	0.88106			6
2025.11.19	00:37:47.212	0.88039				2
2025.11.19	00:37:57.765	0.88033	0.88103			6
2025.11.19	00:38:00.031	0.88034	0.88102			6
2025.11.19	00:38:03.908	0.88032				2
2025.11.19	00:38:06.514	0.88034	0.88105			6
2025.11.19	00:38:06.857	0.88040	0.88103			6
2025.11.19	00:38:07.174	0.88039				2
2025.11.19	00:38:08.796	0.88037	0.88106			6
2025.11.19	00:38:09.135	0.88040	0.88107			6
2025.11.19	00:38:10.074	0.88042	0.88105			6
2025.11.19	00:38:10.769	0.88041	0.88107			6
2025.11.19	00:38:17.305	0.88042	0.88106			6
2025.11.19	00:38:18.603	0.88041				2
2025.11.19	00:38:19.652	0.88042				2
2025.11.19	00:38:22.007	0.88041	0.88107			6
2025.11.19	00:38:30.410	0.88042	0.88106			6
2025.11.19	00:38:30.911	0.88041	0.88107			6
2025.11.19	00:38:31.409	0.88042	0.88106			6
2025.11.19	00:38:47.306	0.88041	0.88107			6
2025.11.19	00:38:49.409	0.88042	0.88106			6
2025.11.19	00:38:53.405	0.88043	0.88105			6
2025.11.19	00:38:54.332		0.88106			4
2025.11.19	00:39:00.615	0.88043	0.88105			6
2025.11.19	00:39:22.521	0.88042				2
2025.11.19	00:39:30.867	0.88034				2
2025.11.19	00:39:34.877	0.88056	0.88106			6
2025.11.19	00:39:38.142	0.88051	0.88105			6
2025.11.19	00:39:40.366	0.88047	0.88104			6
2025.11.19	00:39:49.189		0.88105			4
2025.11.19	00:40:00.758	0.88047				2
2025.11.19	00:40:21.604	0.88050				2
2025.11.19	00:40:26.521	0.88047				2
2025.11.19	00:40:27.307	0.88048	0.88104			6
2025.11.19	00:40:32.855	0.88049	0.88103			6
2025.11.19	00:40:43.346	0.88048	0.88104			6
2025.11.19	00:40:45.652	0.88047	0.88105			6
2025.11.19	00:41:00.359	0.88047				2
2025.11.19	00:41:00.911		0.88106			4
2025.11.19	00:41:03.737	0.88046				2
2025.11.19	00:41:04.520	0.88047	0.88105			6
2025.11.19	00:41:05.219	0.88048	0.88104			6
2025.11.19	00:41:11.597	0.88050	0.88105			6
2025.11.19	00:41:21.470	0.88047				2
2025.11.19	00:41:23.854	0.88048	0.88104			6
2025.11.19	00:41:25.252	0.88046	0.88106			6
2025.11.19	00:41:27.369	0.88048	0.88105			6
2025.11.19	00:41:36.721	0.88047				2
2025.11.19	00:41:41.986	0.88049	0.88106			6
2025.11.19	00:41:43.652	0.88048				2
2025.11.19	00:42:00.231	0.88048				2
2025.11.19	00:42:01.597	0.88051				2
2025.11.19	00:42:04.440	0.88048				2
2025.11.19	00:42:07.744	0.88049	0.88105			6
2025.11.19	00:42:13.391	0.88050				2
2025.11.19	00:42:14.966	0.88049				2
2025.11.19	00:42:17.303	0.88048	0.88106			6
2025.11.19	00:42:17.608	0.88052				2
2025.11.19	00:42:21.530	0.88050				2
2025.11.19	00:42:23.135	0.88053				2
2025.11.19	00:42:35.728	0.88052				2
2025.11.19	00:42:40.343	0.88046	0.88105			6
2025.11.19	00:42:48.646		0.88104			4
2025.11.19	00:42:59.070		0.88105			4
2025.11.19	00:43:01.601	0.88049				2
2025.11.19	00:43:02.692	0.88054	0.88111			6
2025.11.19	00:43:02.993	0.88052	0.88112			6
2025.11.19	00:43:03.338	0.88053	0.88111			6
2025.11.19	00:43:03.770	0.88051	0.88109			6
2025.11.19	00:43:06.646	0.88049	0.88111			6
2025.11.19	00:43:09.514	0.88051				2
2025.11.19	00:43:10.762	0.88050	0.88112			6
2025.11.19	00:43:11.679	0.88048	0.88114			6
2025.11.19	00:43:12.518	0.88050	0.88112			6
2025.11.19	00:43:21.368		0.88110			4
2025.11.19	00:43:21.874	0.88049	0.88112			6
2025.11.19	00:43:27.303	0.88046	0.88113			6
2025.11.19	00:43:27.847	0.88050	0.88108			6
2025.11.19	00:43:28.269	0.88052	0.88107			6
2025.11.19	00:43:30.455		0.88106			4
2025.11.19	00:43:31.948	0.88049				2
2025.11.19	00:43:32.529	0.88051				2
2025.11.19	00:43:35.043	0.88053				2
2025.11.19	00:43:37.462	0.88049				2
2025.11.19	00:43:37.965	0.88050				2
2025.11.19	00:43:38.465	0.88052				2
2025.11.19	00:43:38.959	0.88053				2
2025.11.19	00:43:40.961	0.88050				2
2025.11.19	00:43:42.463	0.88049				2
2025.11.19	00:43:42.962	0.88051				2
2025.11.19	00:43:43.962	0.88050				2
2025.11.19	00:43:44.461	0.88051				2
2025.11.19	00:43:45.962	0.88050				2
2025.11.19	00:43:46.465	0.88051				2
2025.11.19	00:43:46.811	0.88049				2
2025.11.19	00:43:47.462	0.88051				2
2025.11.19	00:43:47.765	0.88050	0.88107			6
2025.11.19	00:43:48.968		0.88106			4
2025.11.19	00:43:49.608	0.88052				2
2025.11.19	00:43:50.964	0.88051				2
2025.11.19	00:43:51.440	0.88052				2
2025.11.19	00:43:53.961	0.88050				2
2025.11.19	00:43:54.463	0.88052				2
2025.11.19	00:43:55.964	0.88053				2
2025.11.19	00:43:56.964	0.88051				2
2025.11.19	00:43:58.604	0.88052				2
2025.11.19	00:44:00.462	0.88052				2
2025.11.19	00:44:01.962	0.88051				2
2025.11.19	00:44:02.464	0.88052				2
2025.11.19	00:44:04.962	0.88051				2
2025.11.19	00:44:05.467	0.88052				2
2025.11.19	00:44:07.962	0.88051				2
2025.11.19	00:44:08.463	0.88052				2
2025.11.19	00:44:10.967	0.88051				2
2025.11.19	00:44:11.459	0.88052				2
2025.11.19	00:44:12.961	0.88051				2
2025.11.19	00:44:13.465	0.88052				2
2025.11.19	00:44:14.768	0.88051				2
2025.11.19	00:44:15.466	0.88052				2
2025.11.19	00:44:16.970	0.88051				2
2025.11.19	00:44:17.308	0.88052				2
2025.11.19	00:44:18.961	0.88051				2
2025.11.19	00:44:19.460	0.88052				2
2025.11.19	00:44:20.963	0.88051				2
2025.11.19	00:44:21.462	0.88052				2
2025.11.19	00:44:24.960	0.88050				2
2025.11.19	00:44:25.463	0.88052				2
2025.11.19	00:44:26.965	0.88053				2
2025.11.19	00:44:27.461	0.88052				2
2025.11.19	00:44:27.962	0.88051				2
2025.11.19	00:44:28.463	0.88052				2
2025.11.19	00:44:29.961	0.88051				2
2025.11.19	00:44:30.314	0.88053				2
2025.11.19	00:44:34.965	0.88050				2
2025.11.19	00:44:35.462	0.88053				2
2025.11.19	00:44:37.960	0.88050				2
2025.11.19	00:44:38.462	0.88053				2
2025.11.19	00:44:40.965	0.88051				2
2025.11.19	00:44:41.409	0.88053				2
2025.11.19	00:44:44.459	0.88051				2
2025.11.19	00:44:45.466	0.88053				2
2025.11.19	00:44:48.960	0.88051				2
2025.11.19	00:44:49.462	0.88060	0.88106			6
2025.11.19	00:44:49.772	0.88061	0.88107			6
2025.11.19	00:44:52.962	0.88060				2
2025.11.19	00:44:53.462	0.88061				2
2025.11.19	00:44:54.463	0.88060				2
2025.11.19	00:44:57.043	0.88059				2
2025.11.19	00:44:57.604	0.88061				2
2025.11.19	00:44:59.964	0.88059				2
2025.11.19	00:45:00.463	0.88060				2
2025.11.19	00:45:02.963		0.88117			4
2025.11.19	00:45:03.284	0.88055	0.88112			6
2025.11.19	00:45:06.532	0.88060	0.88107			6
2025.11.19	00:45:06.959	0.88058				2
2025.11.19	00:45:07.461	0.88060				2
2025.11.19	00:45:08.963	0.88058				2
2025.11.19	00:45:10.961	0.88070	0.88095			6
2025.11.19	00:45:14.460	0.88072				2
2025.11.19	00:45:14.961	0.88073				2
2025.11.19	00:45:17.972	0.88070				2
2025.11.19	00:45:18.464	0.88073				2
2025.11.19	00:45:20.957	0.88070				2
2025.11.19	00:45:21.410	0.88072				2
2025.11.19	00:45:23.962	0.88070				2
2025.11.19	00:45:24.459	0.88072				2
2025.11.19	00:45:25.961	0.88070				2
2025.11.19	00:45:26.460	0.88073				2
2025.11.19	00:45:27.963	0.88070				2
2025.11.19	00:45:28.458	0.88072				2
2025.11.19	00:45:29.963	0.88070				2
2025.11.19	00:45:30.462	0.88072				2
2025.11.19	00:45:31.961	0.88070				2
2025.11.19	00:45:32.460	0.88072				2
2025.11.19	00:45:33.887	0.88070				2
2025.11.19	00:45:34.346	0.88073				2
2025.11.19	00:45:35.963	0.88070				2
2025.11.19	00:45:36.463	0.88073				2
2025.11.19	00:45:37.964	0.88070				2
2025.11.19	00:45:38.460	0.88072				2
2025.11.19	00:45:39.962	0.88070				2
2025.11.19	00:45:40.311	0.88081				2
2025.11.19	00:45:40.618	0.88072				2
2025.11.19	00:45:42.962	0.88070				2
2025.11.19	00:45:43.463	0.88072				2
2025.11.19	00:45:44.960	0.88070				2
2025.11.19	00:45:45.463	0.88072				2
2025.11.19	00:45:46.968	0.88070				2
2025.11.19	00:45:47.468	0.88072				2
2025.11.19	00:45:47.963	0.88068				2
2025.11.19	00:45:48.276		0.88096			4
2025.11.19	00:45:48.962		0.88095			4
2025.11.19	00:45:49.468		0.88096			4
2025.11.19	00:45:49.963	0.88069	0.88095			6
2025.11.19	00:45:50.462	0.88068	0.88096			6
2025.11.19	00:45:51.441	0.88069	0.88094			6
2025.11.19	00:45:51.963		0.88095			4
2025.11.19	00:45:52.309	0.88068	0.88096			6
2025.11.19	00:45:53.966	0.88069	0.88094			6
2025.11.19	00:45:54.463	0.88068	0.88096			6
2025.11.19	00:45:55.962	0.88070	0.88094			6
2025.11.19	00:45:56.348	0.88067	0.88096			6
2025.11.19	00:45:57.037	0.88069	0.88095			6
2025.11.19	00:45:57.962		0.88094			4
2025.11.19	00:46:00.411	0.88069				2
2025.11.19	00:46:02.033	0.88070				2
2025.11.19	00:46:02.960	0.88069				2
2025.11.19	00:46:11.462	0.88070				2
2025.11.19	00:46:11.962	0.88071				2
2025.11.19	00:46:12.961	0.88069				2
2025.11.19	00:46:13.968	0.88071				2
2025.11.19	00:46:17.462	0.88070	0.88095			6
2025.11.19	00:46:18.465	0.88069	0.88096			6
2025.11.19	00:46:18.963	0.88068				2
2025.11.19	00:46:19.282	0.88070	0.88094			6
2025.11.19	00:46:21.462	0.88071				2
2025.11.19	00:46:22.462	0.88070				2
2025.11.19	00:46:23.462	0.88071				2
2025.11.19	00:46:24.466	0.88069	0.88095			6
2025.11.19	00:46:25.462	0.88070	0.88094			6
2025.11.19	00:46:29.414	0.88071				2
2025.11.19	00:46:30.461	0.88070				2
2025.11.19	00:46:31.469	0.88071				2
2025.11.19	00:46:31.938	0.88070				2
2025.11.19	00:46:33.962	0.88069	0.88095			6
2025.11.19	00:46:35.468		0.88094			4
2025.11.19	00:46:36.446	0.88071				2
2025.11.19	00:46:37.466	0.88070				2
2025.11.19	00:46:38.462	0.88071	0.88093			6
2025.11.19	00:46:39.461	0.88070	0.88094			6
2025.11.19	00:46:40.465	0.88071				2
2025.11.19	00:46:40.964	0.88070				2
2025.11.19	00:46:45.462	0.88069	0.88095			6
2025.11.19	00:46:45.918	0.88070	0.88094			6
2025.11.19	00:46:46.961	0.88069				2
2025.11.19	00:46:47.462	0.88071	0.88093			6
2025.11.19	00:46:48.964	0.88070				2
2025.11.19	00:46:49.465	0.88071	0.88094			6
2025.11.19	00:46:50.336	0.88070				2
2025.11.19	00:46:51.963	0.88069	0.88095			6
2025.11.19	00:46:52.466	0.88071	0.88094			6
2025.11.19	00:46:53.963	0.88069				2
2025.11.19	00:46:54.468	0.88071				2
2025.11.19	00:46:57.965	0.88069				2
2025.11.19	00:47:00.462	0.88069				2
2025.11.19	00:47:01.353	0.88071				2
2025.11.19	00:47:02.464	0.88072	0.88095			6
2025.11.19	00:47:02.963	0.88070	0.88103			6
2025.11.19	00:47:03.303	0.88069	0.88102			6
2025.11.19	00:47:03.954	0.88064	0.88097			6
2025.11.19	00:47:04.606	0.88071	0.88104			6
2025.11.19	00:47:04.909	0.88070	0.88103			6
2025.11.19	00:47:05.910	0.88064	0.88097			6
2025.11.19	00:47:06.515	0.88070	0.88094			6
2025.11.19	00:47:07.806	0.88069				2
2025.11.19	00:47:09.035	0.88070				2
2025.11.19	00:47:10.465	0.88071				2
2025.11.19	00:47:11.477	0.88070				2
2025.11.19	00:47:12.181	0.88071				2
2025.11.19	00:47:12.998	0.88070				2
2025.11.19	00:47:15.571		0.88093			4
2025.11.19	00:47:16.416	0.88075				2
2025.11.19	00:47:17.537	0.88076				2
2025.11.19	00:47:23.087	0.88075				2
2025.11.19	00:47:24.282	0.88074	0.88092			6
2025.11.19	00:47:24.598	0.88075	0.88093			6
2025.11.19	00:47:27.043	0.88074	0.88094			6
2025.11.19	00:47:27.604	0.88075				2
2025.11.19	00:47:29.604	0.88074				2
2025.11.19	00:47:30.615	0.88075	0.88093			6
2025.11.19	00:47:32.052	0.88074				2
2025.11.19	00:47:32.613	0.88075	0.88094			6
2025.11.19	00:47:33.608		0.88093			4
2025.11.19	00:47:36.043	0.88074				2
2025.11.19	00:47:36.606	0.88075				2
2025.11.19	00:47:38.044	0.88074				2
2025.11.19	00:47:44.956	0.88075	0.88092			6
2025.11.19	00:47:45.844	0.88073	0.88094			6
2025.11.19	00:48:00.758	0.88073				2
2025.11.19	00:48:07.078	0.88075				2
2025.11.19	00:48:14.717	0.88074	0.88093			6
2025.11.19	00:48:17.307		0.88094			4
2025.11.19	00:48:25.378	0.88073				2
2025.11.19	00:48:27.303	0.88074	0.88093			6
2025.11.19	00:48:29.731	0.88075	0.88092			6
2025.11.19	00:48:31.481	0.88076				2
2025.11.19	00:48:42.658	0.88075	0.88093			6
2025.11.19	00:48:51.217	0.88074				2
2025.11.19	00:49:00.847	0.88074				2
2025.11.19	00:49:03.490	0.88047	0.88094			6
2025.11.19	00:49:03.991	0.88043				2
2025.11.19	00:49:04.345		0.88096			4
2025.11.19	00:49:04.991	0.88039				2
2025.11.19	00:49:07.303	0.88040				2
2025.11.19	00:49:09.196	0.88039				2
2025.11.19	00:49:09.987	0.88041				2
2025.11.19	00:49:30.521	0.88055	0.88095			6
2025.11.19	00:49:34.772	0.88049				2
2025.11.19	00:49:40.915	0.88050	0.88094			6
2025.11.19	00:49:42.941	0.88049	0.88095			6
2025.11.19	00:49:43.382	0.88048				2
2025.11.19	00:49:57.004	0.88046	0.88094			6
2025.11.19	00:49:57.308	0.88048				2
2025.11.19	00:49:59.339	0.88047	0.88095			6
2025.11.19	00:50:00.454	0.88047				2
2025.11.19	00:50:04.466		0.88092			4
2025.11.19	00:50:06.244	0.88049	0.88091			6
2025.11.19	00:50:08.391	0.88050				2
2025.11.19	00:50:10.537	0.88048				2
2025.11.19	00:50:12.688	0.88045				2
2025.11.19	00:50:14.518	0.88046	0.88090			6
2025.11.19	00:50:14.833	0.88048				2
2025.11.19	00:50:16.981	0.88051				2
2025.11.19	00:50:19.133	0.88049				2
2025.11.19	00:50:21.274	0.88045				2
2025.11.19	00:50:21.579	0.88046				2
2025.11.19	00:50:22.135	0.88048				2
2025.11.19	00:50:23.421	0.88050				2
2025.11.19	00:50:24.500	0.88056	0.88091			6
2025.11.19	00:50:25.580	0.88054	0.88092			6
2025.11.19	00:50:27.720	0.88052				2
2025.11.19	00:50:28.723		0.88091			4
2025.11.19	00:50:29.871	0.88053	0.88092			6
2025.11.19	00:50:32.014	0.88057				2
2025.11.19	00:50:32.878	0.88055				2
2025.11.19	00:50:34.160	0.88054	0.88091			6
2025.11.19	00:50:36.309	0.88052				2
2025.11.19	00:50:38.462	0.88054	0.88092			6
2025.11.19	00:50:40.602	0.88056				2
2025.11.19	00:50:42.749	0.88054	0.88091			6
2025.11.19	00:50:43.461	0.88057	0.88092			6
2025.11.19	00:50:44.935	0.88056				2
2025.11.19	00:50:47.277	0.88057	0.88091			6
2025.11.19	00:50:51.096	0.88056				2
2025.11.19	00:51:00.416	0.88056				2
2025.11.19	00:51:14.214	0.88057				2
2025.11.19	00:51:27.760	0.88056				2
2025.11.19	00:51:31.349	0.88055				2
2025.11.19	00:51:31.850	0.88056				2
2025.11.19	00:51:36.746	0.88057	0.88090			6
2025.11.19	00:51:41.233	0.88061				2
2025.11.19	00:51:46.234	0.88065				2
2025.11.19	00:51:46.676	0.88066				2
2025.11.19	00:51:57.478	0.88064	0.88091			6
2025.11.19	00:51:58.314	0.88065	0.88090			6
2025.11.19	00:52:00.756	0.88065				2
2025.11.19	00:52:01.931	0.88064	0.88091			6
2025.11.19	00:52:12.518	0.88065	0.88090			6
2025.11.19	00:52:16.215	0.88064	0.88091			6
2025.11.19	00:52:16.705	0.88065	0.88090			6
2025.11.19	00:52:17.308	0.88064	0.88091			6
2025.11.19	00:52:20.729	0.88065	0.88090			6
2025.11.19	00:52:21.293	0.88064	0.88091			6
2025.11.19	00:52:27.287	0.88065	0.88090			6
2025.11.19	00:52:27.810	0.88064	0.88091			6
2025.11.19	00:52:28.312	0.88065	0.88090			6
2025.11.19	00:52:39.915	0.88064	0.88091			6
2025.11.19	00:52:46.717	0.88065				2
2025.11.19	00:52:47.306		0.88090			4
2025.11.19	00:52:49.503	0.88064				2
2025.11.19	00:53:02.097	0.88064				2
2025.11.19	00:53:03.277	0.88065	0.88089			6
2025.11.19	00:53:03.983	0.88064	0.88090			6
2025.11.19	00:53:10.760	0.88042				2
2025.11.19	00:53:11.659		0.88091			4
2025.11.19	00:53:13.602		0.88090			4
2025.11.19	00:53:14.106		0.88091			4
2025.11.19	00:53:14.612		0.88090			4
2025.11.19	00:53:30.477		0.88089			4
2025.11.19	00:53:36.512	0.88044				2
2025.11.19	00:53:52.524	0.88042				2
2025.11.19	00:53:54.829		0.88090			4
2025.11.19	00:54:00.629	0.88040	0.88088			6
2025.11.19	00:54:00.934		0.88086			4
2025.11.19	00:54:01.240		0.88087			4
2025.11.19	00:54:01.631		0.88085			4
2025.11.19	00:54:03.500	0.88041				2
2025.11.19	00:54:04.715		0.88084			4
2025.11.19	00:54:05.337	0.88039	0.88085			6
2025.11.19	00:54:06.718		0.88084			4
2025.11.19	00:54:07.017		0.88088			4
2025.11.19	00:54:07.946		0.88087			4
2025.11.19	00:54:08.276		0.88084			4
2025.11.19	00:54:08.680		0.88085			4
2025.11.19	00:54:09.222		0.88084			4
2025.11.19	00:54:10.779		0.88087			4
2025.11.19	00:54:13.800		0.88085			4
2025.11.19	00:54:14.304	0.88040				2
2025.11.19	00:54:14.796	0.88039				2
2025.11.19	00:54:31.196		0.88084			4
2025.11.19	00:54:31.504	0.88057				2
2025.11.19	00:54:32.719	0.88041	0.88085			6
2025.11.19	00:54:33.413	0.88056				2
2025.11.19	00:54:34.642	0.88041	0.88084			6
2025.11.19	00:54:35.086	0.88039				2
2025.11.19	00:54:49.503	0.88057				2
2025.11.19	00:54:50.711	0.88039				2
2025.11.19	00:55:00.481	0.88039				2
2025.11.19	00:55:03.312	0.88043				2
2025.11.19	00:55:07.946		0.88087			4
2025.11.19	00:55:08.440		0.88084			4
2025.11.19	00:55:08.944		0.88087			4
2025.11.19	00:55:09.359		0.88085			4
2025.11.19	00:55:09.941		0.88087			4
2025.11.19	00:55:10.447		0.88085			4
2025.11.19	00:55:10.944		0.88087			4
2025.11.19	00:55:11.409		0.88085			4
2025.11.19	00:55:22.951	0.88039	0.88084			6
2025.11.19	00:55:29.499	0.88042				2
2025.11.19	00:55:30.940	0.88045				2
2025.11.19	00:55:35.115		0.88081			4
2025.11.19	00:55:36.621	0.88040	0.88084			6
2025.11.19	00:55:41.255		0.88083			4
2025.11.19	00:55:41.897	0.88045	0.88087			6
2025.11.19	00:55:42.362		0.88084			4
2025.11.19	00:55:43.830		0.88085			4
2025.11.19	00:55:45.752		0.88086			4
2025.11.19	00:55:46.230		0.88087			4
2025.11.19	00:55:48.369		0.88085			4
2025.11.19	00:55:51.697	0.88062	0.88086			6
2025.11.19	00:55:52.712	0.88048				2
2025.11.19	00:55:53.093		0.88087			4
2025.11.19	00:55:58.497		0.88085			4
2025.11.19	00:55:59.601		0.88086			4
2025.11.19	00:55:59.971	0.88045	0.88085			6
2025.11.19	00:56:00.280	0.88045	0.88084			6
2025.11.19	00:56:15.807	0.88048				2
2025.11.19	00:56:22.467	0.88053	0.88085			6
2025.11.19	00:56:37.380		0.88088			4
2025.11.19	00:56:40.653		0.88089			4
2025.11.19	00:56:46.699		0.88087			4
2025.11.19	00:56:52.040		0.88088			4
2025.11.19	00:57:00.221	0.88053	0.88086			6
2025.11.19	00:57:00.585		0.88085			4
2025.11.19	00:57:01.833		0.88086			4
2025.11.19	00:57:02.580		0.88087			4
2025.11.19	00:57:20.627		0.88085			4
2025.11.19	00:57:30.762	0.88054	0.88083			6
2025.11.19	00:58:03.436	0.88054				2
2025.11.19	00:58:21.690		0.88084			4
2025.11.19	00:58:23.589		0.88082			4
2025.11.19	00:58:43.408		0.88084			4
2025.11.19	00:58:43.713		0.88088			4
2025.11.19	00:58:44.408		0.88085			4
2025.11.19	00:58:45.420		0.88083			4
2025.11.19	00:58:47.004		0.88084			4
2025.11.19	00:58:48.113	0.88022				2
2025.11.19	00:58:48.418		0.88088			4
2025.11.19	00:58:49.103	0.88019	0.88077			6
2025.11.19	00:58:49.495		0.88078			4
2025.11.19	00:58:50.116		0.88079			4
2025.11.19	00:58:51.851	0.88035	0.88089			6
2025.11.19	00:58:52.255	0.88031				2
2025.11.19	00:58:53.114		0.88088			4
2025.11.19	00:58:53.884		0.88087			4
2025.11.19	00:58:54.846	0.88033				2
2025.11.19	00:58:59.551		0.88086			4
2025.11.19	00:59:00.376	0.88033				2
2025.11.19	00:59:01.818		0.88085			4
2025.11.19	00:59:02.395		0.88084			4
2025.11.19	00:59:02.729		0.88083			4
2025.11.19	00:59:03.156		0.88084			4
2025.11.19	00:59:03.458		0.88083			4
2025.11.19	00:59:08.838	0.88034	0.88088			6
2025.11.19	00:59:09.546		0.88090			4
2025.11.19	00:59:10.767		0.88088			4
2025.11.19	00:59:11.547		0.88086			4
2025.11.19	00:59:13.334	0.88036				2
2025.11.19	00:59:16.513	0.88033	0.88085			6
2025.11.19	00:59:19.775	0.88034				2
2025.11.19	00:59:20.468	0.88035				2
2025.11.19	00:59:22.940	0.88041	0.88086			6
2025.11.19	00:59:23.737		0.88085			4
2025.11.19	00:59:26.716		0.88084			4
2025.11.19	00:59:28.877		0.88083			4
2025.11.19	00:59:31.567		0.88082			4
2025.11.19	00:59:35.762		0.88081			4
2025.11.19	00:59:37.679		0.88083			4
2025.11.19	00:59:41.416		0.88082			4
2025.11.19	00:59:44.957		0.88081			4
2025.11.19	00:59:48.914		0.88082			4
2025.11.19	00:59:50.460		0.88081			4
2025.11.19	00:59:51.020		0.88079			4
2025.11.19	00:59:55.175		0.88080			4
2025.11.19	01:00:00.310	0.88041	0.88088			6
2025.11.19	01:00:00.621		0.88087			4
2025.11.19	01:00:00.928		0.88088			4
2025.11.19	01:00:01.239	0.88058	0.88095			6
2025.11.19	01:00:01.610	0.88062	0.88099			6
2025.11.19	01:00:02.358	0.88063	0.88104			6
2025.11.19	01:00:02.666	0.88069	0.88111			6
2025.11.19	01:00:02.978		0.88109			4
2025.11.19	01:00:03.285	0.88072	0.88104			6
2025.11.19	01:00:03.603	0.88049	0.88110			6
2025.11.19	01:00:03.908	0.88046	0.88114			6
2025.11.19	01:00:04.211	0.88048	0.88113			6
2025.11.19	01:00:04.515	0.88043	0.88116			6
2025.11.19	01:00:04.863	0.88045				2
2025.11.19	01:00:05.165	0.88046				2
2025.11.19	01:00:05.815	0.88055	0.88109			6
2025.11.19	01:00:06.118	0.88058	0.88112			6
2025.11.19	01:00:06.438		0.88111			4
2025.11.19	01:00:06.742	0.88063	0.88106			6
2025.11.19	01:00:07.044	0.88085	0.88104			6
2025.11.19	01:00:07.374	0.88084				2
2025.11.19	01:00:08.333	0.88085				2
2025.11.19	01:00:10.702	0.88084				2
2025.11.19	01:00:11.020	0.88085				2
2025.11.19	01:00:11.420	0.88084				2
2025.11.19	01:00:11.724	0.88085	0.88105			6
2025.11.19	01:00:12.028	0.88086				2
2025.11.19	01:00:12.780	0.88087				2
2025.11.19	01:00:13.697	0.88086				2
2025.11.19	01:00:14.509	0.88091	0.88107			6
2025.11.19	01:00:15.020	0.88092				2
2025.11.19	01:00:15.441		0.88108			4
2025.11.19	01:00:16.813	0.88090	0.88104			6
2025.11.19	01:00:17.121	0.88092				2
2025.11.19	01:00:17.692	0.88091				2
2025.11.19	01:00:18.412	0.88089				2
2025.11.19	01:00:19.032	0.88085	0.88098			6
2025.11.19	01:00:19.338	0.88082	0.88097			6
2025.11.19	01:00:19.682		0.88098			4
2025.11.19	01:00:24.524		0.88097			4
2025.11.19	01:00:25.273		0.88099			4
2025.11.19	01:00:26.709	0.88078	0.88096			6
2025.11.19	01:00:29.987	0.88076	0.88095			6
2025.11.19	01:00:30.759	0.88078	0.88096			6
2025.11.19	01:00:32.013	0.88081				2
2025.11.19	01:00:32.320	0.88080				2
2025.11.19	01:00:32.623	0.88081	0.88097			6
2025.11.19	01:00:34.052	0.88082				2
2025.11.19	01:00:37.370	0.88083				2
2025.11.19	01:00:38.374	0.88085				2
2025.11.19	01:00:39.218	0.88084	0.88098			6
2025.11.19	01:00:39.534	0.88083	0.88099			6
2025.11.19	01:00:39.881	0.88085				2
2025.11.19	01:00:40.195		0.88100			4
2025.11.19	01:00:40.578	0.88086				2
2025.11.19	01:00:40.897	0.88085				2
2025.11.19	01:00:41.917	0.88086				2
2025.11.19	01:00:42.272	0.88082				2
2025.11.19	01:00:42.912	0.88084				2
2025.11.19	01:00:43.615	0.88085				2
2025.11.19	01:00:44.367	0.88086				2
2025.11.19	01:00:44.680	0.88087				2
2025.11.19	01:00:49.520	0.88090				2
2025.11.19	01:00:49.925	0.88089	0.88102			6
2025.11.19	01:00:50.250	0.88090	0.88100			6
2025.11.19	01:00:55.809		0.88099			4
2025.11.19	01:00:56.119		0.88100			4
2025.11.19	01:00:56.776	0.88081	0.88099			6
2025.11.19	01:00:57.373	0.88087	0.88105			6
2025.11.19	01:00:59.004	0.88086				2
2025.11.19	01:01:00.205	0.88090				2
2025.11.19	01:01:05.033	0.88089				2
2025.11.19	01:01:10.604		0.88104			4
2025.11.19	01:01:11.655	0.88093	0.88105			6
2025.11.19	01:01:11.983	0.88089	0.88104			6
2025.11.19	01:01:14.486	0.88087	0.88101			6
2025.11.19	01:01:14.847	0.88086	0.88100			6
2025.11.19	01:01:15.193	0.88090	0.88102			6
2025.11.19	01:01:15.698	0.88091				2
2025.11.19	01:01:16.046	0.88089				2
2025.11.19	01:01:17.236	0.88086	0.88100			6
2025.11.19	01:01:17.996	0.88087				2
2025.11.19	01:01:18.705	0.88088	0.88101			6
2025.11.19	01:01:20.535	0.88089				2
2025.11.19	01:01:22.464	0.88090	0.88102			6
2025.11.19	01:01:23.727	0.88091	0.88103			6
2025.11.19	01:01:24.859	0.88089	0.88102			6
2025.11.19	01:01:25.949	0.88090	0.88103			6
2025.11.19	01:01:26.757		0.88102			4
2025.11.19	01:01:27.061		0.88103			4
2025.11.19	01:01:28.470	0.88091				2
2025.11.19	01:01:28.847	0.88089	0.88102			6
2025.11.19	01:01:30.756		0.88101			4
2025.11.19	01:01:33.245	0.88090				2
2025.11.19	01:01:34.284	0.88089				2
2025.11.19	01:01:34.907	0.88090				2
2025.11.19	01:01:36.710	0.88091	0.88102			6
2025.11.19	01:01:37.177		0.88103			4
2025.11.19	01:01:39.922	0.88090	0.88102			6
2025.11.19	01:01:41.388		0.88103			4
2025.11.19	01:01:42.160	0.88091				2
2025.11.19	01:01:46.514		0.88102			4
2025.11.19	01:01:47.521		0.88103			4
2025.11.19	01:01:49.997		0.88102			4
2025.11.19	01:01:50.470	0.88090				2
2025.11.19	01:01:50.807	0.88091				2
2025.11.19	01:01:51.182	0.88089				2
2025.11.19	01:01:51.532	0.88090				2
2025.11.19	01:01:51.850	0.88089				2
2025.11.19	01:01:52.371	0.88091				2
2025.11.19	01:01:54.067		0.88101			4
2025.11.19	01:01:55.215		0.88102			4
2025.11.19	01:01:56.416	0.88090				2
2025.11.19	01:01:57.615	0.88091				2
2025.11.19	01:02:00.380	0.88090				2
2025.11.19	01:02:00.931	0.88091				2
2025.11.19	01:02:01.340	0.88090	0.88101			6
2025.11.19	01:02:02.620	0.88089				2
2025.11.19	01:02:03.316	0.88090	0.88100			6
2025.11.19	01:02:03.625	0.88091				2
2025.11.19	01:02:05.037	0.88092				2
2025.11.19	01:02:05.862		0.88101			4
2025.11.19	01:02:06.342	0.88091				2
2025.11.19	01:02:07.891	0.88092	0.88100			6
2025.11.19	01:02:08.246	0.88093	0.88104			6
2025.11.19	01:02:08.550	0.88094				2
2025.11.19	01:02:09.011	0.88093				2
2025.11.19	01:02:09.370	0.88095				2
2025.11.19	01:02:09.768	0.88096				2
2025.11.19	01:02:12.764	0.88097	0.88105			6
2025.11.19	01:02:13.510	0.88094	0.88104			6
2025.11.19	01:02:13.849	0.88092				2
2025.11.19	01:02:14.488	0.88094	0.88103			6
2025.11.19	01:02:18.532	0.88092				2
2025.11.19	01:02:23.714		0.88104			4
2025.11.19	01:02:28.689	0.88093				2
2025.11.19	01:02:29.414		0.88103			4
2025.11.19	01:02:39.105	0.88092				2
2025.11.19	01:02:43.696	0.88094	0.88096			6
2025.11.19	01:02:46.484	0.88091	0.88093			6
2025.11.19	01:02:47.115		0.88100			4
2025.11.19	01:02:57.012	0.88089	0.88098			6
2025.11.19	01:03:00.450	0.88089				2
2025.11.19	01:03:00.854		0.88099			4
2025.11.19	01:03:01.305	0.88087	0.88098			6
2025.11.19	01:03:01.956	0.88088				2
2025.11.19	01:03:06.696	0.88087				2
2025.11.19	01:03:07.024	0.88086				2
2025.11.19	01:03:07.704	0.88088				2
2025.11.19	01:03:08.014	0.88086				2
2025.11.19	01:03:11.977	0.88088				2
2025.11.19	01:03:14.640	0.88086				2
2025.11.19	01:03:19.887		0.88097			4
2025.11.19	01:03:21.510	0.88085				2
2025.11.19	01:03:21.822	0.88087				2
2025.11.19	01:03:23.038	0.88088	0.88099			6
2025.11.19	01:03:23.444	0.88090	0.88101			6
2025.11.19	01:03:32.097	0.88091				2
2025.11.19	01:03:35.103	0.88090				2
2025.11.19	01:03:46.286	0.88091				2
2025.11.19	01:03:52.513	0.88090				2
2025.11.19	01:03:53.336	0.88091				2
2025.11.19	01:03:59.956	0.88090				2
2025.11.19	01:04:00.609	0.88090				2
2025.11.19	01:04:02.919	0.88091				2
2025.11.19	01:04:05.294	0.88090				2
2025.11.19	01:04:12.458		0.88099			4
2025.11.19	01:04:14.416	0.88091				2
2025.11.19	01:04:16.430	0.88089	0.88098			6
2025.11.19	01:04:18.765	0.88088	0.88096			6
2025.11.19	01:04:36.541		0.88095			4
2025.11.19	01:04:40.298	0.88087				2
2025.11.19	01:04:43.146		0.88094			4
2025.11.19	01:04:45.800		0.88095			4
2025.11.19	01:04:49.482		0.88094			4
2025.11.19	01:04:50.552	0.88086				2
2025.11.19	01:04:52.131	0.88088	0.88090			6
2025.11.19	01:04:55.577	0.88086	0.88094			6
2025.11.19	01:05:00.257	0.88088	0.88098			6
2025.11.19	01:05:00.564	0.88087				2
2025.11.19	01:05:01.307		0.88097			4
2025.11.19	01:05:02.346	0.88088				2
2025.11.19	01:05:23.715	0.88087				2
2025.11.19	01:05:26.432	0.88090				2
2025.11.19	01:05:26.737	0.88088				2
2025.11.19	01:05:30.314	0.88089				2
2025.11.19	01:05:33.914	0.88088				2
2025.11.19	01:05:41.115		0.88096			4
2025.11.19	01:05:44.115		0.88097			4
2025.11.19	01:05:48.260	0.88089	0.88098			6
2025.11.19	01:05:48.614	0.88090				2
2025.11.19	01:05:50.311	0.88091	0.88099			6
2025.11.19	01:06:00.017	0.88091				2
2025.11.19	01:06:12.317	0.88090	0.88097			6
2025.11.19	01:06:12.624	0.88089				2
2025.11.19	01:06:12.938	0.88087				2
2025.11.19	01:06:18.785	0.88086	0.88095			6
2025.11.19	01:06:24.913	0.88087				2
2025.11.19	01:06:34.927	0.88089	0.88097			6
2025.11.19	01:06:35.259		0.88098			4
2025.11.19	01:06:36.796		0.88097			4
2025.11.19	01:06:38.853	0.88090	0.88098			6
2025.11.19	01:06:54.314		0.88097			4
2025.11.19	01:06:58.909	0.88087	0.88095			6
2025.11.19	01:07:00.675	0.88087	0.88094			6
2025.11.19	01:07:17.447		0.88093			4
2025.11.19	01:07:33.951	0.88083	0.88092			6
2025.11.19	01:07:36.617	0.88084	0.88091			6
2025.11.19	01:07:39.371	0.88085	0.88090			6
2025.11.19	01:07:39.679	0.88082	0.88088			6
2025.11.19	01:07:41.419		0.88087			4
2025.11.19	01:07:42.452	0.88081				2
2025.11.19	01:07:43.533	0.88080				2
2025.11.19	01:07:44.253	0.88079				2
2025.11.19	01:07:55.541	0.88078				2
2025.11.19	01:07:56.808		0.88088			4
2025.11.19	01:07:57.811		0.88085			4
2025.11.19	01:08:00.354	0.88077	0.88084			6
2025.11.19	01:08:00.685	0.88076				2
2025.11.19	01:08:02.296	0.88075				2
2025.11.19	01:08:03.264	0.88078	0.88085			6
2025.11.19	01:08:07.952	0.88076	0.88083			6
2025.11.19	01:08:08.929	0.88075				2
2025.11.19	01:08:10.006		0.88082			4
2025.11.19	01:08:15.321	0.88072	0.88081			6
2025.11.19	01:08:23.005	0.88073				2
2025.11.19	01:08:34.514	0.88072	0.88080			6
2025.11.19	01:08:34.853		0.88081			4
2025.11.19	01:08:37.978	0.88073				2
2025.11.19	01:08:42.314	0.88072				2
2025.11.19	01:08:54.467	0.88074				2
2025.11.19	01:09:00.669	0.88073				2
2025.11.19	01:09:21.529	0.88069	0.88078			6
2025.11.19	01:09:35.777	0.88071				2
2025.11.19	01:09:40.779	0.88070				2
2025.11.19	01:10:00.256	0.88074				2
2025.11.19	01:10:00.557	0.88073				2
2025.11.19	01:10:01.378	0.88074	0.88080			6
2025.11.19	01:10:25.873	0.88076				2
2025.11.19	01:10:27.981		0.88081			4
2025.11.19	01:10:30.875	0.88075	0.88080			6
2025.11.19	01:10:35.114		0.88079			4
2025.11.19	01:10:37.129	0.88081	0.88086			6
2025.11.19	01:10:37.863		0.88087			4
2025.11.19	01:10:43.173	0.88079	0.88084			6
2025.11.19	01:10:45.383	0.88080	0.88085			6
2025.11.19	01:10:46.637	0.88082				2
2025.11.19	01:10:54.546		0.88086			4
2025.11.19	01:11:00.350	0.88082				2
2025.11.19	01:11:10.758		0.88087			4
2025.11.19	01:11:11.719	0.88081	0.88086			6
2025.11.19	01:11:25.478	0.88082	0.88087			6
2025.11.19	01:11:30.805	0.88081	0.88086			6
2025.11.19	01:11:34.431		0.88085			4
2025.11.19	01:11:38.584		0.88086			4
2025.11.19	01:11:39.584	0.88082				2
2025.11.19	01:11:40.703		0.88087			4
2025.11.19	01:11:43.468	0.88083				2
2025.11.19	01:11:58.320	0.88082				2
2025.11.19	01:12:00.462	0.88082	0.88086			6
2025.11.19	01:12:04.109		0.88087			4
2025.11.19	01:12:10.758	0.88083				2
2025.11.19	01:12:15.519	0.88082				2
2025.11.19	01:12:16.681	0.88083				2
2025.11.19	01:12:43.346	0.88082	0.88086			6
2025.11.19	01:12:43.956	0.88080	0.88085			6
2025.11.19	01:12:45.326	0.88081				2
2025.11.19	01:12:45.700		0.88084			4
2025.11.19	01:12:49.964		0.88086			4
2025.11.19	01:12:53.358	0.88084	0.88089			6
2025.11.19	01:12:54.350	0.88085				2
2025.11.19	01:12:55.451	0.88084	0.88088			6
2025.11.19	01:12:56.454	0.88085	0.88089			6
2025.11.19	01:12:59.402	0.88086	0.88090			6
2025.11.19	01:13:00.312	0.88086				2
2025.11.19	01:13:01.504	0.88085	0.88091			6
2025.11.19	01:13:05.714		0.88090			4
2025.11.19	01:13:08.054	0.88084				2
2025.11.19	01:13:14.276		0.88089			4
2025.11.19	01:13:17.818	0.88085				2
2025.11.19	01:13:19.528	0.88086				2
2025.11.19	01:13:20.554	0.88083	0.88087			6
2025.11.19	01:13:25.815		0.88088			4
2025.11.19	01:13:40.351	0.88082	0.88086			6
2025.11.19	01:13:45.360	0.88083	0.88088			6
2025.11.19	01:14:00.666	0.88083				2
2025.11.19	01:14:08.984	0.88084				2
2025.11.19	01:14:21.450	0.88083	0.88087			6
2025.11.19	01:14:25.812	0.88082	0.88086			6
2025.11.19	01:14:42.147	0.88081	0.88085			6
2025.11.19	01:14:53.833		0.88086			4
2025.11.19	01:15:00.311	0.88081				2
2025.11.19	01:15:00.698	0.88079	0.88085			6
2025.11.19	01:15:02.197	0.88081	0.88087			6
2025.11.19	01:15:04.245	0.88082	0.88088			6
2025.11.19	01:15:04.606		0.88089			4
2025.11.19	01:15:05.279	0.88081				2
2025.11.19	01:15:05.588	0.88083				2
2025.11.19	01:15:08.964	0.88086	0.88090			6
2025.11.19	01:15:09.948	0.88087	0.88093			6
2025.11.19	01:15:12.308		0.88095			4
2025.11.19	01:15:15.884	0.88088				2
2025.11.19	01:15:29.488		0.88094			4
2025.11.19	01:15:30.452	0.88087				2
2025.11.19	01:15:39.927		0.88091			4
2025.11.19	01:15:40.313		0.88092			4
2025.11.19	01:15:40.645	0.88088				2
2025.11.19	01:15:41.620	0.88086	0.88090			6
2025.11.19	01:15:51.111	0.88085	0.88089			6
2025.11.19	01:15:52.755	0.88083				2
2025.11.19	01:15:53.380	0.88085				2
2025.11.19	01:15:53.797	0.88084	0.88090			6
2025.11.19	01:15:58.184		0.88089			4
2025.11.19	01:16:00.633	0.88084				2
2025.11.19	01:16:02.414		0.88090			4
2025.11.19	01:16:36.203	0.88087	0.88091			6
2025.11.19	01:16:42.760	0.88090	0.88094			6
2025.11.19	01:16:56.681	0.88089				2
2025.11.19	01:16:57.451		0.88095			4
2025.11.19	01:16:57.757	0.88090				2
2025.11.19	01:16:58.887	0.88091				2
2025.11.19	01:17:00.316	0.88091				2
2025.11.19	01:17:20.114	0.88090				2
2025.11.19	01:17:24.871	0.88091				2
2025.11.19	01:17:44.414	0.88090				2
2025.11.19	01:17:57.169	0.88091				2
2025.11.19	01:18:00.678	0.88091	0.88095			6
2025.11.19	01:18:02.783	0.88090	0.88094			6
2025.11.19	01:18:05.523	0.88091				2
2025.11.19	01:18:06.944	0.88090				2
2025.11.19	01:18:19.928	0.88089				2
2025.11.19	01:18:23.114	0.88090				2
2025.11.19	01:18:30.386	0.88089				2
2025.11.19	01:18:39.754	0.88090				2
2025.11.19	01:18:43.928	0.88091				2
2025.11.19	01:18:47.260	0.88093	0.88096			6
2025.11.19	01:18:47.565		0.88097			4
2025.11.19	01:18:48.225	0.88092	0.88096			6
2025.11.19	01:18:48.695	0.88091				2
2025.11.19	01:18:49.467	0.88092				2
2025.11.19	01:18:51.053	0.88091				2
2025.11.19	01:18:57.516	0.88092				2
2025.11.19	01:19:00.611	0.88091				2
2025.11.19	01:19:07.927		0.88097			4
2025.11.19	01:19:11.791		0.88096			4
2025.11.19	01:19:17.223	0.88089	0.88094			6
2025.11.19	01:19:20.283	0.88090				2
2025.11.19	01:19:32.028	0.88089				2
2025.11.19	01:19:33.682	0.88091				2
2025.11.19	01:19:45.384	0.88089				2
2025.11.19	01:19:48.314	0.88090				2
2025.11.19	01:19:57.840	0.88093				2
2025.11.19	01:20:00.633	0.88093				2
2025.11.19	01:20:02.091	0.88092				2
2025.11.19	01:20:08.057	0.88090				2
2025.11.19	01:20:08.358		0.88095			4
2025.11.19	01:20:09.134	0.88092				2
2025.11.19	01:20:13.311		0.88094			4
2025.11.19	01:20:23.203	0.88093	0.88095			6
2025.11.19	01:20:26.357	0.88092				2
2025.11.19	01:20:29.456		0.88096			4
2025.11.19	01:20:32.687	0.88093	0.88094			6
2025.11.19	01:20:34.810	0.88092				2
2025.11.19	01:20:38.716	0.88093				2
2025.11.19	01:20:42.100	0.88092				2
2025.11.19	01:20:44.326	0.88093				2
2025.11.19	01:20:45.380	0.88092	0.88097			6
2025.11.19	01:20:47.036	0.88093				2
2025.11.19	01:20:53.787	0.88094				2
2025.11.19	01:20:54.775	0.88093				2
2025.11.19	01:20:56.519	0.88094				2
2025.11.19	01:20:58.917	0.88093				2
2025.11.19	01:21:00.414	0.88089	0.88094			6
2025.11.19	01:21:01.908	0.88091	0.88095			6
2025.11.19	01:21:02.675	0.88090				2
2025.11.19	01:21:04.173		0.88094			4
2025.11.19	01:21:08.956	0.88091				2
2025.11.19	01:21:09.284	0.88090				2
2025.11.19	01:21:23.237		0.88095			4
2025.11.19	01:21:23.649	0.88091				2
2025.11.19	01:21:24.294	0.88090	0.88096			6
2025.11.19	01:21:33.749	0.88095	0.88097			6
2025.11.19	01:21:34.109		0.88098			4
2025.11.19	01:21:35.582	0.88091	0.88097			6
2025.11.19	01:21:39.916	0.88092				2
2025.11.19	01:21:40.218	0.88094				2
2025.11.19	01:21:42.637	0.88095				2
2025.11.19	01:21:43.313	0.88094				2
2025.11.19	01:21:44.140	0.88095				2
2025.11.19	01:21:44.538	0.88094				2
2025.11.19	01:21:44.865	0.88093	0.88096			6
2025.11.19	01:21:45.199	0.88092				2
2025.11.19	01:21:48.181	0.88096	0.88098			6
2025.11.19	01:21:48.509	0.88094				2
2025.11.19	01:21:53.326	0.88093				2
2025.11.19	01:21:55.557	0.88094				2
2025.11.19	01:21:58.884	0.88092	0.88097			6
2025.11.19	01:22:00.210	0.88093				2
2025.11.19	01:22:06.013	0.88092	0.88096			6
2025.11.19	01:22:14.414		0.88095			4
2025.11.19	01:22:24.916		0.88096			4
2025.11.19	01:22:30.913		0.88095			4
2025.11.19	01:22:36.915	0.88091	0.88096			6
2025.11.19	01:22:42.915		0.88095			4
2025.11.19	01:22:48.475		0.88096			4
2025.11.19	01:22:51.501	0.88092				2
2025.11.19	01:22:57.583		0.88095			4
2025.11.19	01:23:03.016	0.88092	0.88096			6
2025.11.19	01:23:09.032	0.88091	0.88094			6
2025.11.19	01:23:23.545	0.88089				2
2025.11.19	01:23:28.803	0.88090				2
2025.11.19	01:23:40.136	0.88089				2
2025.11.19	01:23:53.614	0.88091				2
2025.11.19	01:23:55.354	0.88089				2
2025.11.19	01:24:00.721	0.88090				2
2025.11.19	01:24:01.442		0.88093			4
2025.11.19	01:24:01.756	0.88091				2
2025.11.19	01:24:05.264	0.88092	0.88094			6
2025.11.19	01:24:05.777	0.88090				2
2025.11.19	01:24:16.313		0.88095			4
2025.11.19	01:24:22.409	0.88091	0.88096			6
2025.11.19	01:24:30.581		0.88095			4
2025.11.19	01:24:38.367	0.88090				2
2025.11.19	01:24:39.064	0.88088	0.88092			6
2025.11.19	01:24:39.384	0.88089				2
2025.11.19	01:25:00.314	0.88089				2
2025.11.19	01:25:04.164	0.88088				2
2025.11.19	01:25:07.514	0.88089				2
2025.11.19	01:25:16.996	0.88090				2
2025.11.19	01:25:19.146	0.88088				2
2025.11.19	01:25:32.253		0.88093			4
2025.11.19	01:25:37.877	0.88086				2
2025.11.19	01:25:41.422	0.88088				2
2025.11.19	01:25:47.666	0.88090				2
2025.11.19	01:25:59.034	0.88089	0.88092			6
2025.11.19	01:26:00.618	0.88089				2
2025.11.19	01:26:05.716		0.88093			4
2025.11.19	01:26:15.917		0.88092			4
2025.11.19	01:26:20.405	0.88088				2
2025.11.19	01:26:23.947	0.88089				2
2025.11.19	01:26:36.317		0.88093			4
2025.11.19	01:26:38.126		0.88092			4
2025.11.19	01:26:42.171	0.88090				2
2025.11.19	01:26:56.115	0.88089				2
2025.11.19	01:26:59.902	0.88090				2
2025.11.19	01:27:00.624	0.88089				2
2025.11.19	01:27:03.918	0.88088				2
2025.11.19	01:27:08.610	0.88089				2
2025.11.19	01:27:20.212	0.88087				2
2025.11.19	01:27:23.192	0.88088				2
2025.11.19	01:27:37.916	0.88087				2
2025.11.19	01:27:39.112		0.88092			4
2025.11.19	01:27:40.426	0.88089				2
2025.11.19	01:27:40.752	0.88087	0.88091			6
2025.11.19	01:27:41.740	0.88089				2
2025.11.19	01:27:45.383	0.88086	0.88090			6
2025.11.19	01:27:45.713	0.88082	0.88089			6
2025.11.19	01:27:50.479	0.88083				2
2025.11.19	01:28:00.481	0.88083				2
2025.11.19	01:28:48.529		0.88089			4
2025.11.19	01:29:00.359	0.88083				2
2025.11.19	01:29:49.915		0.88089			4
2025.11.19	01:30:00.413	0.88084				2
2025.11.19	01:30:02.026	0.88085	0.88088			6
2025.11.19	01:30:03.361	0.88086	0.88089			6
2025.11.19	01:30:06.241		0.88088			4
2025.11.19	01:30:07.504	0.88083	0.88086			6
2025.11.19	01:30:13.829	0.88084	0.88087			6
2025.11.19	01:30:15.369		0.88088			4
2025.11.19	01:30:15.882	0.88083	0.88087			6
2025.11.19	01:30:16.313	0.88084				2
2025.11.19	01:30:17.448	0.88083				2
2025.11.19	01:30:22.030	0.88084				2
2025.11.19	01:30:29.717	0.88083				2
2025.11.19	01:30:30.473		0.88085			4
2025.11.19	01:30:36.316	0.88082				2
2025.11.19	01:30:47.165		0.88086			4
2025.11.19	01:30:48.215	0.88084				2
2025.11.19	01:30:51.570	0.88080	0.88085			6
2025.11.19	01:30:55.948	0.88081	0.88084			6
2025.11.19	01:30:58.345	0.88080	0.88085			6
2025.11.19	01:31:00.468	0.88080	0.88084			6
2025.11.19	01:31:08.187	0.88081				2
2025.11.19	01:31:11.971	0.88080				2
2025.11.19	01:31:29.010	0.88081				2
2025.11.19	01:31:30.472	0.88080				2
2025.11.19	01:31:37.268	0.88079				2
2025.11.19	01:31:41.409	0.88081				2
2025.11.19	01:31:46.601	0.88080	0.88085			6
2025.11.19	01:31:50.431		0.88084			4
2025.11.19	01:31:50.897	0.88079				2
2025.11.19	01:31:51.743	0.88081	0.88085			6
2025.11.19	01:31:52.548	0.88080				2
2025.11.19	01:31:52.933	0.88081				2
2025.11.19	01:31:57.315	0.88082				2
2025.11.19	01:32:00.475	0.88081				2
2025.11.19	01:32:03.916	0.88080				2
2025.11.19	01:32:10.700	0.88079				2
2025.11.19	01:32:11.812	0.88082				2
2025.11.19	01:32:22.583	0.88079				2
2025.11.19	01:32:29.417	0.88080				2
2025.11.19	01:32:30.216		0.88084			4
2025.11.19	01:32:30.921	0.88079				2
2025.11.19	01:32:36.887	0.88081				2
2025.11.19	01:32:39.530	0.88085	0.88088			6
2025.11.19	01:32:45.541	0.88088	0.88091			6
2025.11.19	01:33:00.618	0.88088				2
2025.11.19	01:33:06.330	0.88087	0.88090			6
2025.11.19	01:33:15.383	0.88085	0.88088			6
2025.11.19	01:33:19.182	0.88087	0.88090			6
2025.11.19	01:33:22.088	0.88085	0.88088			6
2025.11.19	01:33:22.928		0.88087			4
2025.11.19	01:33:26.634		0.88086			4
2025.11.19	01:33:33.677	0.88084				2
2025.11.19	01:33:40.681		0.88087			4
2025.11.19	01:33:47.100		0.88086			4
2025.11.19	01:33:51.760		0.88087			4
2025.11.19	01:34:02.001	0.88084				2
2025.11.19	01:34:02.335		0.88086			4
2025.11.19	01:34:21.379	0.88086	0.88089			6
2025.11.19	01:35:00.757	0.88086				2
2025.11.19	01:35:21.417		0.88089			4
2025.11.19	01:35:32.820	0.88087				2
2025.11.19	01:35:35.587	0.88086				2
2025.11.19	01:35:50.453		0.88090			4
2025.11.19	01:35:57.486		0.88089			4
2025.11.19	01:36:00.674	0.88086				2
2025.11.19	01:36:03.915		0.88088			4
2025.11.19	01:36:07.379		0.88089			4
2025.11.19	01:36:42.468		0.88088			4
2025.11.19	01:36:53.974	0.88087	0.88091			6
2025.11.19	01:36:57.359		0.88090			4
2025.11.19	01:37:03.303	0.88087				2
2025.11.19	01:37:09.431		0.88091			4
2025.11.19	01:37:10.680		0.88090			4
2025.11.19	01:37:14.417	0.88086	0.88091			6
2025.11.19	01:37:16.558		0.88090			4
2025.11.19	01:37:17.687	0.88087	0.88091			6
2025.11.19	01:37:25.156		0.88090			4
2025.11.19	01:37:32.151		0.88091			4
2025.11.19	01:37:41.388		0.88090			4
2025.11.19	01:37:45.365		0.88091			4
2025.11.19	01:37:50.606		0.88090			4
2025.11.19	01:37:51.150		0.88092			4
2025.11.19	01:37:54.371	0.88088				2
2025.11.19	01:37:56.537		0.88091			4
2025.11.19	01:38:00.594	0.88088				2
2025.11.19	01:38:03.916	0.88087				2
2025.11.19	01:38:13.016	0.88088				2
2025.11.19	01:38:22.516	0.88087				2
2025.11.19	01:38:27.830	0.88088				2
2025.11.19	01:38:50.757	0.88087				2
2025.11.19	01:38:53.766	0.88088				2
2025.11.19	01:38:56.084		0.88090			4
2025.11.19	01:38:58.985		0.88091			4
2025.11.19	01:39:01.468	0.88088				2
2025.11.19	01:39:08.114	0.88092	0.88095			6
2025.11.19	01:39:08.458	0.88093				2
2025.11.19	01:39:13.433	0.88092				2
2025.11.19	01:39:14.660		0.88096			4
2025.11.19	01:39:18.225	0.88091	0.88093			6
2025.11.19	01:39:20.879	0.88087	0.88091			6
2025.11.19	01:39:21.218	0.88088	0.88090			6
2025.11.19	01:39:22.322		0.88091			4
2025.11.19	01:39:22.866	0.88086	0.88089			6
2025.11.19	01:39:25.458	0.88087				2
2025.11.19	01:39:28.345	0.88086				2
2025.11.19	01:39:38.845	0.88087				2
2025.11.19	01:39:53.705		0.88090			4
2025.11.19	01:39:54.271	0.88089	0.88092			6
2025.11.19	01:39:55.253		0.88091			4
2025.11.19	01:39:56.305		0.88092			4
2025.11.19	01:40:00.247	0.88089				2
2025.11.19	01:40:11.992		0.88093			4
2025.11.19	01:40:15.277	0.88087	0.88090			6
2025.11.19	01:40:30.711	0.88086	0.88089			6
2025.11.19	01:40:42.148	0.88085				2
2025.11.19	01:40:45.376	0.88086				2
2025.11.19	01:40:50.841	0.88088	0.88090			6
2025.11.19	01:41:00.359	0.88088				2
2025.11.19	01:41:02.956		0.88091			4
2025.11.19	01:41:12.914	0.88089				2
2025.11.19	01:41:31.510	0.88088	0.88090			6
2025.11.19	01:41:32.197		0.88091			4
2025.11.19	01:41:35.853	0.88086	0.88089			6
2025.11.19	01:41:38.111	0.88085	0.88088			6
2025.11.19	01:41:43.010	0.88086				2
2025.11.19	01:41:54.014	0.88085				2
2025.11.19	01:42:00.486	0.88085				2
2025.11.19	01:42:04.468		0.88087			4
2025.11.19	01:42:06.409		0.88088			4
2025.11.19	01:42:25.230	0.88084	0.88087			6
2025.11.19	01:42:25.535		0.88088			4
2025.11.19	01:42:27.600	0.88085				2
2025.11.19	01:42:54.107		0.88089			4
2025.11.19	01:43:00.102	0.88085				2
2025.11.19	01:43:03.369	0.88084				2
2025.11.19	01:43:04.473		0.88088			4
2025.11.19	01:43:06.524		0.88089			4
2025.11.19	01:43:11.107		0.88088			4
2025.11.19	01:43:11.714	0.88085				2
2025.11.19	01:43:12.407		0.88089			4
2025.11.19	01:43:13.468		0.88088			4
2025.11.19	01:43:18.917	0.88084				2
2025.11.19	01:43:19.438	0.88085				2
2025.11.19	01:43:25.903		0.88089			4
2025.11.19	01:43:29.804	0.88086				2
2025.11.19	01:43:36.547		0.88088			4
2025.11.19	01:43:36.879	0.88085	0.88089			6
2025.11.19	01:43:37.180	0.88086				2
2025.11.19	01:43:37.728	0.88085				2
2025.11.19	01:43:38.091	0.88086				2
2025.11.19	01:43:50.117	0.88087				2
2025.11.19	01:43:59.055		0.88090			4
2025.11.19	01:44:00.623	0.88087				2
2025.11.19	01:44:03.535	0.88083	0.88088			6
2025.11.19	01:44:08.446	0.88084				2
2025.11.19	01:44:10.924	0.88083				2
2025.11.19	01:44:11.589	0.88085	0.88087			6
2025.11.19	01:44:21.703	0.88086	0.88088			6
2025.11.19	01:44:25.819	0.88087				2
2025.11.19	01:44:27.189	0.88085				2
2025.11.19	01:44:28.622	0.88086				2
2025.11.19	01:44:30.986	0.88085	0.88087			6
2025.11.19	01:44:36.914	0.88084				2
2025.11.19	01:44:43.525	0.88085				2
2025.11.19	01:45:00.663	0.88082	0.88085			6
2025.11.19	01:45:01.039		0.88084			4
2025.11.19	01:45:01.346	0.88080	0.88083			6
2025.11.19	01:45:04.358		0.88084			4
2025.11.19	01:45:05.956	0.88081				2
2025.11.19	01:45:20.701	0.88080				2
2025.11.19	01:45:24.043	0.88082				2
2025.11.19	01:45:27.723	0.88081				2
2025.11.19	01:45:34.870	0.88080	0.88083			6
2025.11.19	01:45:40.454	0.88079				2
2025.11.19	01:45:45.376	0.88080				2
2025.11.19	01:45:46.991	0.88079				2
2025.11.19	01:45:47.498	0.88080	0.88082			6
2025.11.19	01:45:53.415		0.88083			4
2025.11.19	01:46:00.762	0.88080				2
2025.11.19	01:46:11.409		0.88084			4
2025.11.19	01:46:12.346	0.88081	0.88083			6
2025.11.19	01:46:19.515		0.88084			4
2025.11.19	01:46:20.430	0.88080	0.88082			6
2025.11.19	01:46:27.107	0.88079	0.88083			6
2025.11.19	01:46:40.569	0.88081				2
2025.11.19	01:46:50.639	0.88079				2
2025.11.19	01:46:53.353	0.88080				2
2025.11.19	01:46:56.982	0.88082	0.88084			6
2025.11.19	01:46:59.124		0.88085			4
2025.11.19	01:47:02.179	0.88082	0.88084			6
2025.11.19	01:47:09.607	0.88079				2
2025.11.19	01:47:10.004	0.88082	0.88085			6
2025.11.19	01:47:11.001		0.88084			4
2025.11.19	01:47:12.645	0.88081				2
2025.11.19	01:47:13.392	0.88080				2
2025.11.19	01:47:13.958	0.88081				2
2025.11.19	01:47:29.494	0.88082				2
2025.11.19	01:47:32.276		0.88085			4
2025.11.19	01:47:45.113	0.88083				2
2025.11.19	01:47:49.783		0.88086			4
2025.11.19	01:48:01.393	0.88082	0.88085			6
2025.11.19	01:48:04.612		0.88084			4
2025.11.19	01:48:04.996	0.88080				2
2025.11.19	01:48:07.524	0.88079				2
2025.11.19	01:48:12.132	0.88081				2
2025.11.19	01:48:20.714	0.88082				2
2025.11.19	01:48:29.125	0.88081				2
2025.11.19	01:48:38.461	0.88084	0.88086			6
2025.11.19	01:48:53.359	0.88082				2
2025.11.19	01:49:00.758	0.88082				2
2025.11.19	01:49:01.959	0.88083				2
2025.11.19	01:49:17.522	0.88082	0.88085			6
2025.11.19	01:49:29.767	0.88079	0.88084			6
2025.11.19	01:49:30.857		0.88083			4
2025.11.19	01:49:42.455	0.88082	0.88084			6
2025.11.19	01:49:42.811	0.88081	0.88086			6
2025.11.19	01:49:47.183	0.88082	0.88085			6
2025.11.19	01:50:00.353	0.88082				2
2025.11.19	01:50:02.346	0.88081	0.88084			6
2025.11.19	01:50:02.968	0.88082				2
2025.11.19	01:50:05.533		0.88085			4
2025.11.19	01:50:22.999	0.88083				2
2025.11.19	01:50:24.730	0.88081	0.88084			6
2025.11.19	01:50:28.217		0.88085			4
2025.11.19	01:50:31.583	0.88079	0.88083			6
2025.11.19	01:50:31.898	0.88075	0.88077			6
2025.11.19	01:50:32.200	0.88074				2
2025.11.19	01:50:37.301		0.88076			4
2025.11.19	01:50:58.468	0.88077	0.88080			6
2025.11.19	01:51:00.351	0.88077				2
2025.11.19	01:51:00.700	0.88078	0.88081			6
2025.11.19	01:51:06.349		0.88082			4
2025.11.19	01:51:08.972	0.88079				2
2025.11.19	01:51:09.280	0.88077	0.88080			6
2025.11.19	01:51:26.545		0.88081			4
2025.11.19	01:51:32.915	0.88078	0.88082			6
2025.11.19	01:51:33.928	0.88077	0.88079			6
2025.11.19	01:51:42.977		0.88080			4
2025.11.19	01:51:57.627		0.88079			4
2025.11.19	01:51:59.168		0.88080			4
2025.11.19	01:52:00.452	0.88076				2
2025.11.19	01:52:10.126		0.88078			4
2025.11.19	01:52:15.685	0.88077	0.88079			6
2025.11.19	01:52:16.715	0.88076	0.88080			6
2025.11.19	01:52:29.679		0.88079			4
2025.11.19	01:52:33.363	0.88075				2
2025.11.19	01:52:36.491	0.88076	0.88078			6
2025.11.19	01:52:41.824		0.88079			4
2025.11.19	01:52:42.676	0.88075	0.88078			6
2025.11.19	01:52:57.469	0.88074				2
2025.11.19	01:53:05.534	0.88075				2
2025.11.19	01:53:09.614	0.88076				2
2025.11.19	01:53:16.551	0.88073	0.88077			6
2025.11.19	01:53:21.868	0.88074				2
2025.11.19	01:53:22.272	0.88075				2
2025.11.19	01:53:23.365	0.88074				2
2025.11.19	01:53:32.445	0.88077	0.88079			6
2025.11.19	01:53:33.072	0.88075	0.88078			6
2025.11.19	01:53:33.523	0.88076	0.88079			6
2025.11.19	01:53:36.293	0.88077				2
2025.11.19	01:53:36.794	0.88076				2
2025.11.19	01:53:37.912	0.88077				2
2025.11.19	01:53:38.796	0.88076				2
2025.11.19	01:53:39.451	0.88077				2
2025.11.19	01:53:41.460		0.88080			4
2025.11.19	01:53:42.521	0.88075	0.88079			6
2025.11.19	01:53:42.885	0.88074				2
2025.11.19	01:53:44.610	0.88075	0.88078			6
2025.11.19	01:53:44.919		0.88079			4
2025.11.19	01:53:47.203	0.88076				2
2025.11.19	01:53:48.177	0.88075	0.88078			6
2025.11.19	01:53:48.566	0.88076	0.88079			6
2025.11.19	01:53:57.911	0.88077				2
2025.11.19	01:54:00.466	0.88075				2
2025.11.19	01:54:00.779	0.88074	0.88077			6
2025.11.19	01:54:05.395	0.88075	0.88079			6
2025.11.19	01:54:18.737		0.88078			4
2025.11.19	01:54:19.775	0.88074	0.88077			6
2025.11.19	01:54:20.443	0.88075	0.88079			6
2025.11.19	01:54:20.763		0.88077			4
2025.11.19	01:54:27.103		0.88078			4
2025.11.19	01:54:27.648		0.88077			4
2025.11.19	01:54:32.924	0.88072	0.88076			6
2025.11.19	01:54:35.638	0.88075	0.88078			6
2025.11.19	01:54:36.370		0.88077			4
2025.11.19	01:54:37.220		0.88078			4
2025.11.19	01:54:54.214	0.88076	0.88079			6
2025.11.19	01:55:00.655	0.88075	0.88078			6
2025.11.19	01:55:07.542	0.88074	0.88077			6
2025.11.19	01:55:09.750	0.88076	0.88079			6
2025.11.19	01:56:00.928	0.88076				2
2025.11.19	01:56:02.568	0.88077				2
2025.11.19	01:56:06.668	0.88076	0.88080			6
2025.11.19	01:56:15.443	0.88077				2
2025.11.19	01:56:32.624	0.88076				2
2025.11.19	01:56:37.647	0.88078	0.88081			6
2025.11.19	01:56:41.677	0.88076	0.88080			6
2025.11.19	01:56:47.304	0.88077				2
2025.11.19	01:57:01.410	0.88077				2
2025.11.19	01:57:13.940	0.88079	0.88082			6
2025.11.19	01:57:14.837	0.88077	0.88081			6
2025.11.19	01:57:15.803	0.88078				2
2025.11.19	01:57:30.502	0.88077				2
2025.11.19	01:57:49.109	0.88078				2
2025.11.19	01:57:55.632		0.88083			4
2025.11.19	01:58:00.756	0.88078				2
2025.11.19	01:58:01.424	0.88080				2
2025.11.19	01:58:02.232	0.88081	0.88086			6
2025.11.19	01:58:07.475	0.88082				2
2025.11.19	01:58:32.222	0.88083				2
2025.11.19	01:58:40.821	0.88082	0.88088			6
2025.11.19	01:58:41.179		0.88086			4
2025.11.19	01:58:50.640	0.88083				2
2025.11.19	01:59:00.661	0.88083				2
2025.11.19	01:59:02.371	0.88082	0.88087			6
2025.11.19	01:59:05.884	0.88081				2
2025.11.19	01:59:14.861		0.88086			4
2025.11.19	01:59:30.504	0.88082				2
2025.11.19	01:59:36.513	0.88081	0.88085			6
2025.11.19	01:59:40.693	0.88080				2
2025.11.19	01:59:44.807		0.88083			4
2025.11.19	01:59:50.959		0.88084			4
2025.11.19	01:59:52.544		0.88083			4
2025.11.19	01:59:53.974		0.88084			4
2025.11.19	01:59:55.997		0.88085			4
2025.11.19	01:59:58.037		0.88084			4
2025.11.19	01:59:59.169		0.88083			4
2025.11.19	02:00:00.168	0.88080	0.88084			6
2025.11.19	02:00:00.761	0.88081				2
2025.11.19	02:00:01.237	0.88080				2
2025.11.19	02:00:02.378	0.88081				2
2025.11.19	02:00:03.703	0.88082				2
2025.11.19	02:00:04.020		0.88086			4
2025.11.19	02:00:10.246	0.88081	0.88084			6
2025.11.19	02:00:10.561	0.88080	0.88083			6
2025.11.19	02:00:12.448		0.88082			4
2025.11.19	02:00:12.944	0.88081	0.88083			6
2025.11.19	02:00:16.916		0.88084			4
2025.11.19	02:00:20.781	0.88082	0.88085			6
2025.11.19	02:00:22.572	0.88083				2
2025.11.19	02:00:23.290	0.88081	0.88083			6
2025.11.19	02:00:23.598	0.88078	0.88081			6
2025.11.19	02:00:27.095	0.88081	0.88082			6
2025.11.19	02:00:27.414	0.88080				2
2025.11.19	02:00:28.005	0.88081				2
2025.11.19	02:00:33.487	0.88082	0.88086			6
2025.11.19	02:00:36.843	0.88083				2
2025.11.19	02:00:39.174	0.88082	0.88087			6
2025.11.19	02:00:40.589	0.88083	0.88086			6
2025.11.19	02:00:42.825	0.88082	0.88085			6
2025.11.19	02:00:44.942	0.88083	0.88086			6
2025.11.19	02:00:46.325	0.88082				2
2025.11.19	02:00:51.327	0.88084				2
2025.11.19	02:00:51.639		0.88087			4
2025.11.19	02:00:51.944	0.88085	0.88089			6
2025.11.19	02:00:52.281		0.88090			4
2025.11.19	02:00:52.624	0.88084	0.88091			6
2025.11.19	02:00:53.343		0.88090			4
2025.11.19	02:00:53.659	0.88088	0.88093			6
2025.11.19	02:00:59.223		0.88094			4
2025.11.19	02:01:00.316	0.88088	0.88093			6
2025.11.19	02:01:00.622	0.88090	0.88096			6
2025.11.19	02:01:03.980		0.88092			4
2025.11.19	02:01:04.371		0.88095			4
2025.11.19	02:01:05.118	0.88091				2
2025.11.19	02:01:05.426	0.88090	0.88094			6
2025.11.19	02:01:06.103		0.88095			4
2025.11.19	02:01:08.130		0.88096			4
2025.11.19	02:01:09.400		0.88097			4
2025.11.19	02:01:10.755		0.88096			4
2025.11.19	02:01:13.683	0.88091				2
2025.11.19	02:01:26.432	0.88090	0.88093			6
2025.11.19	02:01:27.349		0.88094			4
2025.11.19	02:01:28.353	0.88091	0.88096			6
2025.11.19	02:01:28.660	0.88090	0.88094			6
2025.11.19	02:01:28.961	0.88091	0.88092			6
2025.11.19	02:01:29.278	0.88089	0.88093			6
2025.11.19	02:01:29.614	0.88091	0.88092			6
2025.11.19	02:01:29.923	0.88089	0.88093			6
2025.11.19	02:01:30.354		0.88091			4
2025.11.19	02:01:30.660	0.88090	0.88094			6
2025.11.19	02:01:31.775	0.88091	0.88092			6
2025.11.19	02:01:32.080		0.88093			4
2025.11.19	02:01:32.763		0.88095			4
2025.11.19	02:01:39.917		0.88094			4
2025.11.19	02:01:40.691	0.88090				2
2025.11.19	02:01:44.468	0.88091	0.88095			6
2025.11.19	02:01:44.770	0.88090	0.88094			6
2025.11.19	02:01:45.078	0.88091				2
2025.11.19	02:01:46.335	0.88090	0.88093			6
2025.11.19	02:01:46.663	0.88091				2
2025.11.19	02:01:50.122	0.88090				2
2025.11.19	02:01:50.458	0.88085	0.88088			6
2025.11.19	02:01:50.760	0.88084				2
2025.11.19	02:01:51.080	0.88085	0.88090			6
2025.11.19	02:01:52.254	0.88086	0.88089			6
2025.11.19	02:02:00.241	0.88085	0.88088			6
2025.11.19	02:02:00.878	0.88086	0.88089			6
2025.11.19	02:02:01.181		0.88088			4
2025.11.19	02:02:02.450	0.88085	0.88089			6
2025.11.19	02:02:03.015	0.88083	0.88087			6
2025.11.19	02:02:05.630	0.88085	0.88088			6
2025.11.19	02:02:08.082		0.88089			4
2025.11.19	02:02:08.698	0.88086				2
2025.11.19	02:02:14.016	0.88087				2
2025.11.19	02:02:15.481		0.88090			4
2025.11.19	02:02:15.861	0.88088	0.88092			6
2025.11.19	02:02:17.425		0.88091			4
2025.11.19	02:02:18.514	0.88084	0.88086			6
2025.11.19	02:02:20.352		0.88087			4
2025.11.19	02:02:22.409		0.88086			4
2025.11.19	02:02:22.803	0.88083				2
2025.11.19	02:02:23.108	0.88084				2
2025.11.19	02:02:23.425	0.88083				2
2025.11.19	02:02:35.204		0.88085			4
2025.11.19	02:02:39.685	0.88080	0.88083			6
2025.11.19	02:02:45.676	0.88082	0.88085			6
2025.11.19	02:02:46.183	0.88083				2
2025.11.19	02:02:53.855	0.88079	0.88082			6
2025.11.19	02:02:54.221	0.88078	0.88081			6
2025.11.19	02:02:54.921	0.88080	0.88082			6
2025.11.19	02:02:55.227	0.88079				2
2025.11.19	02:02:55.539		0.88081			4
2025.11.19	02:02:55.946	0.88080	0.88083			6
2025.11.19	02:03:01.708	0.88080				2
2025.11.19	02:03:06.915	0.88081				2
2025.11.19	02:03:10.926		0.88082			4
2025.11.19	02:03:12.492	0.88082	0.88084			6
2025.11.19	02:03:12.796	0.88083	0.88085			6
2025.11.19	02:03:17.763	0.88082	0.88083			6
2025.11.19	02:03:18.951	0.88081				2
2025.11.19	02:03:20.956	0.88082				2
2025.11.19	02:03:23.232	0.88081	0.88082			6
2025.11.19	02:03:24.085	0.88082	0.88083			6
2025.11.19	02:03:24.432	0.88081				2
2025.11.19	02:03:32.015	0.88082	0.88084			6
2025.11.19	02:03:32.331	0.88083				2
2025.11.19	02:03:32.852	0.88082	0.88083			6
2025.11.19	02:03:34.148	0.88083	0.88084			6
2025.11.19	02:03:39.846	0.88082	0.88085			6
2025.11.19	02:03:40.206		0.88084			4
2025.11.19	02:03:44.298	0.88081				2
2025.11.19	02:03:45.258		0.88083			4
2025.11.19	02:03:45.830		0.88085			4
2025.11.19	02:03:53.377		0.88084			4
2025.11.19	02:03:54.347		0.88083			4
2025.11.19	02:03:54.654		0.88084			4
2025.11.19	02:03:54.962		0.88083			4
2025.11.19	02:03:56.826		0.88084			4
2025.11.19	02:03:58.419		0.88085			4
2025.11.19	02:03:59.012		0.88084			4
2025.11.19	02:04:00.407	0.88081				2
2025.11.19	02:04:04.264		0.88083			4
2025.11.19	02:04:06.223	0.88082				2
2025.11.19	02:04:06.542	0.88081	0.88084			6
2025.11.19	02:04:06.860		0.88083			4
2025.11.19	02:04:07.236	0.88082	0.88084			6
2025.11.19	02:04:07.563	0.88081	0.88083			6
2025.11.19	02:04:08.418		0.88084			4
2025.11.19	02:04:08.770	0.88082				2
2025.11.19	02:04:11.999	0.88081	0.88083			6
2025.11.19	02:04:21.988	0.88082	0.88084			6
2025.11.19	02:04:22.601	0.88081				2
2025.11.19	02:04:26.187	0.88082				2
2025.11.19	02:04:27.681		0.88085			4
2025.11.19	02:04:29.250		0.88084			4
2025.11.19	02:04:30.759	0.88084	0.88086			6
2025.11.19	02:04:31.397	0.88083	0.88085			6
2025.11.19	02:04:34.297	0.88082				2
2025.11.19	02:04:35.074		0.88084			4
2025.11.19	02:05:00.291	0.88082				2
2025.11.19	02:05:03.131	0.88083	0.88085			6
2025.11.19	02:05:04.174	0.88082	0.88084			6
2025.11.19	02:05:04.480	0.88084	0.88086			6
2025.11.19	02:05:05.917	0.88082	0.88084			6
2025.11.19	02:05:06.275	0.88083	0.88085			6
2025.11.19	02:05:07.101	0.88084	0.88086			6
2025.11.19	02:05:07.470	0.88083				2
2025.11.19	02:05:11.201	0.88086	0.88088			6
2025.11.19	02:05:13.832		0.88090			4
2025.11.19	02:05:16.047		0.88088			4
2025.11.19	02:05:17.158		0.88090			4
2025.11.19	02:05:17.508		0.88089			4
2025.11.19	02:05:21.909	0.88087				2
2025.11.19	02:05:24.091		0.88090			4
2025.11.19	02:05:24.531		0.88089			4
2025.11.19	02:05:25.284	0.88086				2
2025.11.19	02:05:26.305	0.88087	0.88090			6
2025.11.19	02:05:33.238		0.88091			4
2025.11.19	02:05:36.915		0.88090			4
2025.11.19	02:05:41.963		0.88089			4
2025.11.19	02:05:54.776	0.88088	0.88090			6
2025.11.19	02:05:56.257	0.88084	0.88087			6
2025.11.19	02:05:56.558		0.88086			4
2025.11.19	02:05:56.932	0.88083				2
2025.11.19	02:06:00.151	0.88083				2
2025.11.19	02:06:00.453		0.88087			4
2025.11.19	02:06:00.927	0.88084	0.88086			6
2025.11.19	02:06:03.430		0.88087			4
2025.11.19	02:06:06.179	0.88085				2
2025.11.19	02:06:12.312		0.88089			4
2025.11.19	02:06:14.004		0.88088			4
2025.11.19	02:06:18.269	0.88084	0.88087			6
2025.11.19	02:06:18.585	0.88085				2
2025.11.19	02:06:19.692		0.88088			4
2025.11.19	02:06:23.987	0.88084	0.88086			6
2025.11.19	02:06:24.299		0.88087			4
2025.11.19	02:06:25.067		0.88086			4
2025.11.19	02:06:25.788		0.88087			4
2025.11.19	02:06:26.262	0.88085	0.88086			6
2025.11.19	02:06:26.693	0.88084				2
2025.11.19	02:06:30.923	0.88082				2
2025.11.19	02:06:31.435	0.88083				2
2025.11.19	02:06:32.249	0.88084				2
2025.11.19	02:06:34.345	0.88083	0.88085			6
2025.11.19	02:06:35.058	0.88084	0.88086			6
2025.11.19	02:06:42.808	0.88087	0.88090			6
2025.11.19	02:06:43.440		0.88089			4
2025.11.19	02:06:43.894	0.88085	0.88087			6
2025.11.19	02:06:44.224	0.88083	0.88086			6
2025.11.19	02:06:46.956	0.88085				2
2025.11.19	02:06:47.662		0.88088			4
2025.11.19	02:06:47.977	0.88086	0.88090			6
2025.11.19	02:06:49.512		0.88088			4
2025.11.19	02:06:53.211		0.88087			4
2025.11.19	02:06:55.194	0.88085				2
2025.11.19	02:07:00.628	0.88085				2
2025.11.19	02:07:00.964		0.88088			4
2025.11.19	02:07:01.279	0.88088	0.88089			6
2025.11.19	02:07:01.600	0.88087	0.88088			6
2025.11.19	02:07:02.036		0.88089			4
2025.11.19	02:07:02.346	0.88086	0.88088			6
2025.11.19	02:07:02.742	0.88087	0.88089			6
2025.11.19	02:07:04.180	0.88086	0.88088			6
2025.11.19	02:07:07.753	0.88085				2
2025.11.19	02:07:08.345		0.88087			4
2025.11.19	02:07:09.876	0.88084				2
2025.11.19	02:07:10.193		0.88086			4
2025.11.19	02:07:12.207	0.88085	0.88087			6
2025.11.19	02:07:40.471		0.88088			4
2025.11.19	02:07:40.778		0.88087			4
2025.11.19	02:07:51.742	0.88084				2
2025.11.19	02:07:53.159	0.88087	0.88089			6
2025.11.19	02:08:00.358	0.88087				2
2025.11.19	02:08:02.573	0.88088				2
2025.11.19	02:08:04.805		0.88090			4
2025.11.19	02:08:05.589		0.88089			4
2025.11.19	02:08:11.234		0.88090			4
2025.11.19	02:08:13.050	0.88087	0.88089			6
2025.11.19	02:08:25.096	0.88089	0.88090			6
2025.11.19	02:08:27.128		0.88091			4
2025.11.19	02:08:27.944	0.88087	0.88090			6
2025.11.19	02:08:30.067	0.88088				2
2025.11.19	02:08:36.804	0.88090	0.88091			6
2025.11.19	02:08:41.948	0.88089	0.88090			6
2025.11.19	02:08:43.986	0.88091	0.88093			6
2025.11.19	02:08:45.571		0.88092			4
2025.11.19	02:08:45.878		0.88093			4
2025.11.19	02:08:55.549	0.88092				2
2025.11.19	02:08:57.236	0.88091				2
2025.11.19	02:08:59.972	0.88092				2
2025.11.19	02:09:00.593	0.88090	0.88091			6
2025.11.19	02:09:02.711		0.88092			4
2025.11.19	02:09:03.018		0.88091			4
2025.11.19	02:09:04.472	0.88091	0.88093			6
2025.11.19	02:09:05.927	0.88090	0.88091			6
2025.11.19	02:09:30.078	0.88091	0.88092			6
2025.11.19	02:09:30.399	0.88092	0.88093			6
2025.11.19	02:09:32.313	0.88091				2
2025.11.19	02:09:33.042		0.88094			4
2025.11.19	02:09:33.379		0.88093			4
2025.11.19	02:09:33.711	0.88092				2
2025.11.19	02:09:35.472	0.88091				2
2025.11.19	02:09:39.601		0.88094			4
2025.11.19	02:09:41.161	0.88092				2
2025.11.19	02:09:42.418		0.88093			4
2025.11.19	02:10:00.317	0.88092				2
2025.11.19	02:10:01.434	0.88091				2
2025.11.19	02:10:02.405	0.88093	0.88095			6
2025.11.19	02:10:02.708		0.88096			4
2025.11.19	02:10:03.379	0.88096	0.88098			6
2025.11.19	02:10:08.037	0.88097				2
2025.11.19	02:10:10.256		0.88099			4
2025.11.19	02:10:10.612	0.88098				2
2025.11.19	02:10:13.648	0.88097				2
2025.11.19	02:10:15.606	0.88099	0.88100			6
2025.11.19	02:10:30.392	0.88098	0.88099			6
2025.11.19	02:10:30.699	0.88099	0.88100			6
2025.11.19	02:10:31.778	0.88098	0.88099			6
2025.11.19	02:10:36.076	0.88099	0.88100			6
2025.11.19	02:10:38.345		0.88102			4
2025.11.19	02:10:40.645		0.88101			4
2025.11.19	02:10:41.256		0.88100			4
2025.11.19	02:10:54.026	0.88100	0.88101			6
2025.11.19	02:10:55.447	0.88101	0.88102			6
2025.11.19	02:11:00.048	0.88100	0.88101			6
2025.11.19	02:11:01.463		0.88102			4
2025.11.19	02:11:01.783	0.88099	0.88101			6
2025.11.19	02:11:02.105		0.88100			4
2025.11.19	02:11:07.373	0.88098	0.88099			6
2025.11.19	02:11:25.551		0.88100			4
2025.11.19	02:11:27.541	0.88099				2
2025.11.19	02:11:29.252	0.88100	0.88101			6
2025.11.19	02:11:35.806	0.88101	0.88102			6
2025.11.19	02:11:37.832	0.88100	0.88101			6
2025.11.19	02:11:42.914	0.88101	0.88102			6
2025.11.19	02:11:43.825	0.88099	0.88100			6
2025.11.19	02:11:56.195	0.88098				2
2025.11.19	02:11:57.541	0.88099				2
2025.11.19	02:12:00.117	0.88099				2
2025.11.19	02:12:00.526	0.88098				2
2025.11.19	02:12:08.339	0.88099				2
2025.11.19	02:12:09.439	0.88098				2
2025.11.19	02:12:18.798		0.88099			4
2025.11.19	02:12:20.036	0.88097				2
2025.11.19	02:12:20.370	0.88098				2
2025.11.19	02:12:31.413	0.88099	0.88100			6
2025.11.19	02:12:31.883	0.88098				2
2025.11.19	02:12:45.289	0.88099				2
2025.11.19	02:12:52.572	0.88100	0.88101			6
2025.11.19	02:12:52.881	0.88101	0.88102			6
2025.11.19	02:12:56.412	0.88100	0.88101			6
2025.11.19	02:13:00.397	0.88100				2
2025.11.19	02:13:01.424	0.88101	0.88102			6
2025.11.19	02:13:02.030	0.88100	0.88101			6
2025.11.19	02:13:02.422	0.88099	0.88100			6
2025.11.19	02:13:12.645	0.88098				2
2025.11.19	02:13:12.986		0.88101			4
2025.11.19	02:13:13.473	0.88099	0.88100			6
2025.11.19	02:13:24.008	0.88095	0.88096			6
2025.11.19	02:13:24.325	0.88094				2
2025.11.19	02:13:28.318	0.88095				2
2025.11.19	02:13:29.415		0.88097			4
2025.11.19	02:13:30.394	0.88097	0.88098			6
2025.11.19	02:13:30.732		0.88099			4
2025.11.19	02:13:33.646	0.88096	0.88097			6
2025.11.19	02:13:33.958	0.88098	0.88099			6
2025.11.19	02:13:34.271	0.88099	0.88100			6
2025.11.19	02:13:40.176	0.88098				2
2025.11.19	02:13:43.757	0.88097				2
2025.11.19	02:13:44.570	0.88098				2
2025.11.19	02:13:45.378	0.88099				2
2025.11.19	02:13:48.691		0.88101			4
2025.11.19	02:13:49.081		0.88102			4
2025.11.19	02:13:49.809	0.88100	0.88101			6
2025.11.19	02:13:55.111	0.88098	0.88099			6
2025.11.19	02:13:55.656	0.88099	0.88100			6
2025.11.19	02:14:00.318	0.88100	0.88101			6
2025.11.19	02:14:06.302	0.88099				2
2025.11.19	02:14:06.803		0.88100			4
2025.11.19	02:14:07.963		0.88101			4
2025.11.19	02:14:08.279	0.88100				2
2025.11.19	02:14:09.088	0.88099	0.88100			6
2025.11.19	02:14:10.379	0.88100	0.88101			6
2025.11.19	02:14:11.099	0.88099				2
2025.11.19	02:14:13.839	0.88100				2
2025.11.19	02:14:17.315	0.88099				2
2025.11.19	02:14:20.370		0.88100			4
2025.11.19	02:14:21.508	0.88100	0.88101			6
2025.11.19	02:14:27.719	0.88099	0.88100			6
2025.11.19	02:14:34.239	0.88100	0.88101			6
2025.11.19	02:14:43.594	0.88099	0.88100			6
2025.11.19	02:15:00.305	0.88098	0.88099			6
2025.11.19	02:15:00.628	0.88099	0.88100			6
2025.11.19	02:15:01.392	0.88098	0.88099			6
2025.11.19	02:15:02.037	0.88096	0.88098			6
2025.11.19	02:15:02.340	0.88097				2
2025.11.19	02:15:05.681	0.88098	0.88099			6
2025.11.19	02:15:06.518	0.88096	0.88098			6
2025.11.19	02:15:07.688	0.88097				2
2025.11.19	02:15:10.027	0.88096				2
2025.11.19	02:15:10.773	0.88097				2
2025.11.19	02:15:28.638		0.88099			4
2025.11.19	02:15:32.267	0.88102	0.88103			6
2025.11.19	02:15:35.783	0.88099	0.88100			6
2025.11.19	02:15:42.580		0.88101			4
2025.11.19	02:15:42.916		0.88100			4
2025.11.19	02:15:48.417	0.88100	0.88101			6
2025.11.19	02:15:49.202	0.88099	0.88100			6
2025.11.19	02:15:51.822	0.88100	0.88101			6
2025.11.19	02:15:52.615	0.88099	0.88100			6
2025.11.19	02:15:54.432	0.88100	0.88101			6
2025.11.19	02:15:55.446	0.88099	0.88100			6
2025.11.19	02:15:56.468	0.88100	0.88101			6
2025.11.19	02:16:00.254	0.88099	0.88100			6
2025.11.19	02:16:03.162	0.88098	0.88101			6
2025.11.19	02:16:03.806		0.88100			4
2025.11.19	02:16:14.376	0.88099				2
2025.11.19	02:16:14.907	0.88098	0.88099			6
2025.11.19	02:16:28.013	0.88099	0.88100			6
2025.11.19	02:16:47.591	0.88100	0.88101			6
2025.11.19	02:16:49.971	0.88099	0.88100			6
2025.11.19	02:16:51.796	0.88100	0.88101			6
2025.11.19	02:16:52.858	0.88101	0.88102			6
2025.11.19	02:16:59.368	0.88102	0.88104			6
2025.11.19	02:16:59.674	0.88101				2
2025.11.19	02:16:59.981	0.88103	0.88105			6
2025.11.19	02:17:00.425	0.88103				2
2025.11.19	02:17:08.976		0.88106			4
2025.11.19	02:17:09.746	0.88104				2
2025.11.19	02:17:15.952	0.88105				2
2025.11.19	02:17:17.765	0.88104	0.88105			6
2025.11.19	02:17:19.225	0.88109	0.88110			6
2025.11.19	02:17:23.758	0.88110	0.88111			6
2025.11.19	02:17:24.443	0.88106	0.88108			6
2025.11.19	02:17:25.661	0.88107				2
2025.11.19	02:17:26.343	0.88108	0.88109			6
2025.11.19	02:17:26.705	0.88107	0.88108			6
2025.11.19	02:17:33.830	0.88108	0.88109			6
2025.11.19	02:17:34.316	0.88107				2
2025.11.19	02:17:35.730		0.88108			4
2025.11.19	02:17:37.141		0.88109			4
2025.11.19	02:17:37.866	0.88106				2
2025.11.19	02:17:38.567	0.88107	0.88108			6
2025.11.19	02:17:38.957	0.88106	0.88107			6
2025.11.19	02:17:39.579	0.88105	0.88106			6
2025.11.19	02:17:40.136	0.88106	0.88107			6
2025.11.19	02:17:48.507	0.88105	0.88106			6
2025.11.19	02:18:00.446	0.88105				2
2025.11.19	02:18:03.913	0.88106	0.88107			6
2025.11.19	02:18:16.327	0.88105	0.88106			6
2025.11.19	02:18:31.123	0.88104	0.88105			6
2025.11.19	02:18:38.964	0.88103				2
2025.11.19	02:18:44.946	0.88105	0.88106			6
2025.11.19	02:18:49.819	0.88106	0.88107			6
2025.11.19	02:18:51.057	0.88107	0.88108			6
2025.11.19	02:18:52.443	0.88106	0.88107			6
2025.11.19	02:18:54.551	0.88105	0.88106			6
2025.11.19	02:19:00.431	0.88105				2
2025.11.19	02:19:01.195	0.88106	0.88107			6
2025.11.19	02:19:01.907	0.88107	0.88108			6
2025.11.19	02:19:03.162	0.88106	0.88107			6
2025.11.19	02:19:03.483	0.88107	0.88108			6
2025.11.19	02:19:08.648	0.88106	0.88107			6
2025.11.19	02:19:14.197	0.88105	0.88106			6
2025.11.19	02:19:18.169	0.88104	0.88105			6
2025.11.19	02:19:23.851		0.88106			4
2025.11.19	02:19:24.206	0.88105				2
2025.11.19	02:19:30.351	0.88106	0.88107			6
2025.11.19	02:19:31.538	0.88105	0.88106			6
2025.11.19	02:19:34.384	0.88106	0.88107			6
2025.11.19	02:19:39.092	0.88105	0.88106			6
2025.11.19	02:19:49.696	0.88106	0.88107			6
2025.11.19	02:19:53.024		0.88108			4
2025.11.19	02:19:54.702	0.88107				2
2025.11.19	02:20:00.666	0.88106	0.88107			6
2025.11.19	02:20:01.394	0.88105				2
2025.11.19	02:20:01.990	0.88106				2
2025.11.19	02:20:10.397	0.88105				2
2025.11.19	02:20:11.452	0.88106				2
2025.11.19	02:20:12.404	0.88105				2
2025.11.19	02:20:13.766	0.88106				2
2025.11.19	02:20:16.845	0.88101	0.88103			6
2025.11.19	02:20:17.157	0.88104	0.88105			6
2025.11.19	02:20:18.417	0.88103	0.88104			6
2025.11.19	02:20:26.581	0.88102	0.88103			6
2025.11.19	02:20:32.246	0.88101				2
2025.11.19	02:20:36.723		0.88102			4
2025.11.19	02:20:38.266	0.88100	0.88101			6
2025.11.19	02:20:42.459	0.88101	0.88102			6
2025.11.19	02:20:44.584	0.88100	0.88101			6
2025.11.19	02:20:47.162	0.88101	0.88102			6
2025.11.19	02:20:47.817	0.88100				2
2025.11.19	02:20:51.119		0.88101			4
2025.11.19	02:21:00.606	0.88100				2
2025.11.19	02:21:24.468	0.88102	0.88103			6
2025.11.19	02:21:32.573	0.88101	0.88102			6
2025.11.19	02:22:00.341	0.88101				2
2025.11.19	02:22:08.684	0.88102	0.88103			6
2025.11.19	02:22:21.366	0.88103	0.88104			6
2025.11.19	02:22:22.765	0.88102	0.88103			6
2025.11.19	02:22:28.757	0.88103	0.88104			6
2025.11.19	02:22:29.683	0.88102	0.88103			6
2025.11.19	02:22:37.553	0.88101	0.88102			6
2025.11.19	02:22:40.051	0.88102	0.88103			6
2025.11.19	02:22:42.362	0.88101	0.88102			6
2025.11.19	02:22:44.781	0.88102	0.88103			6
2025.11.19	02:22:45.424	0.88101	0.88102			6
2025.11.19	02:22:46.573	0.88102	0.88103			6
2025.11.19	02:22:51.823	0.88101	0.88102			6
2025.11.19	02:23:01.451	0.88101				2
2025.11.19	02:23:12.287	0.88100	0.88101			6
2025.11.19	02:23:13.462	0.88099	0.88100			6
2025.11.19	02:23:15.323	0.88100	0.88101			6
2025.11.19	02:23:16.391	0.88099				2
2025.11.19	02:23:22.161	0.88100				2
2025.11.19	02:23:22.467	0.88099				2
2025.11.19	02:23:22.828		0.88100			4
2025.11.19	02:23:27.320		0.88101			4
2025.11.19	02:23:30.940		0.88100			4
2025.11.19	02:23:32.121	0.88098	0.88101			6
2025.11.19	02:23:33.086		0.88100			4
2025.11.19	02:23:33.459		0.88101			4
2025.11.19	02:23:39.432	0.88100				2
2025.11.19	02:23:39.760	0.88099	0.88100			6
2025.11.19	02:23:43.419		0.88101			4
2025.11.19	02:23:43.788	0.88100				2
2025.11.19	02:23:45.019	0.88099				2
2025.11.19	02:23:45.798	0.88100				2
2025.11.19	02:23:55.710	0.88097	0.88100			6
2025.11.19	02:23:56.021	0.88095	0.88097			6
2025.11.19	02:23:56.345		0.88096			4
2025.11.19	02:23:57.963	0.88097	0.88098			6
2025.11.19	02:24:00.927	0.88097				2
2025.11.19	02:24:10.504	0.88096	0.88097			6
2025.11.19	02:24:42.096	0.88097	0.88098			6
2025.11.19	02:24:43.711	0.88096	0.88097			6
2025.11.19	02:24:45.388	0.88097	0.88098			6
2025.11.19	02:24:47.231	0.88096	0.88097			6
2025.11.19	02:24:52.986	0.88097	0.88098			6
2025.11.19	02:24:54.738	0.88096	0.88097			6
2025.11.19	02:25:00.330	0.88096				2
2025.11.19	02:25:03.839	0.88097	0.88098			6
2025.11.19	02:25:12.722	0.88095	0.88096			6
2025.11.19	02:25:26.562	0.88094	0.88095			6
2025.11.19	02:25:28.241	0.88097	0.88098			6
2025.11.19	02:25:31.874	0.88096	0.88097			6
2025.11.19	02:25:58.363	0.88094	0.88095			6
2025.11.19	02:25:59.947	0.88095	0.88096			6
2025.11.19	02:26:00.419	0.88094	0.88095			6
2025.11.19	02:26:47.405	0.88095	0.88096			6
2025.11.19	02:26:47.935	0.88094	0.88095			6
2025.11.19	02:26:52.331	0.88095	0.88096			6
2025.11.19	02:27:00.342	0.88095				2
2025.11.19	02:27:18.516	0.88093	0.88094			6
2025.11.19	02:27:25.899	0.88094	0.88095			6
2025.11.19	02:27:56.024	0.88096	0.88097			6
2025.11.19	02:27:56.340	0.88097	0.88098			6
2025.11.19	02:28:00.426	0.88097				2
2025.11.19	02:28:05.637	0.88098	0.88099			6
2025.11.19	02:28:08.649	0.88099	0.88100			6
2025.11.19	02:28:19.272	0.88096	0.88097			6
2025.11.19	02:28:29.483	0.88097	0.88098			6
2025.11.19	02:28:30.401	0.88095	0.88096			6
2025.11.19	02:28:32.527	0.88097	0.88098			6
2025.11.19	02:28:48.971	0.88096	0.88097			6
2025.11.19	02:29:00.426	0.88095	0.88096			6
2025.11.19	02:29:03.447	0.88096	0.88097			6
2025.11.19	02:29:03.747	0.88095	0.88096			6
2025.11.19	02:29:14.843	0.88094	0.88095			6
2025.11.19	02:29:17.240	0.88095	0.88096			6
2025.11.19	02:29:17.755	0.88094	0.88095			6
2025.11.19	02:29:19.267	0.88095	0.88096			6
2025.11.19	02:29:19.717	0.88094	0.88095			6
2025.11.19	02:29:20.753	0.88095	0.88096			6
2025.11.19	02:29:21.152	0.88094	0.88095			6
2025.11.19	02:29:23.789	0.88095	0.88096			6
2025.11.19	02:29:25.066	0.88094	0.88095			6
2025.11.19	02:29:27.561	0.88092	0.88093			6
2025.11.19	02:29:28.246	0.88095	0.88096			6
2025.11.19	02:29:39.405	0.88096	0.88097			6
2025.11.19	02:29:55.978	0.88095	0.88096			6
2025.11.19	02:30:00.343	0.88095				2
2025.11.19	02:30:13.844	0.88094	0.88095			6
2025.11.19	02:30:14.757	0.88093				2
2025.11.19	02:30:15.375	0.88098	0.88099			6
2025.11.19	02:30:16.081	0.88100	0.88101			6
2025.11.19	02:30:16.399	0.88102	0.88103			6
2025.11.19	02:30:20.335	0.88103	0.88104			6
2025.11.19	02:30:21.290	0.88102				2
2025.11.19	02:30:22.344	0.88103				2
2025.11.19	02:30:27.474	0.88102				2
2025.11.19	02:30:27.782	0.88103				2
2025.11.19	02:30:30.047	0.88104	0.88105			6
2025.11.19	02:30:30.808	0.88103	0.88104			6
2025.11.19	02:30:31.222	0.88102	0.88103			6
2025.11.19	02:30:34.895	0.88104	0.88105			6
2025.11.19	02:30:36.478		0.88106			4
2025.11.19	02:30:39.565	0.88103				2
2025.11.19	02:30:42.211	0.88102	0.88104			6
2025.11.19	02:30:44.821	0.88103				2
2025.11.19	02:30:54.846	0.88104	0.88105			6
2025.11.19	02:30:59.781	0.88103	0.88104			6
2025.11.19	02:31:00.217	0.88103				2
2025.11.19	02:31:05.648	0.88102				2
2025.11.19	02:31:09.385	0.88103				2
2025.11.19	02:31:11.080	0.88102				2
2025.11.19	02:31:12.245		0.88103			4
2025.11.19	02:31:19.499		0.88104			4
2025.11.19	02:31:19.867		0.88103			4
2025.11.19	02:31:20.838	0.88103	0.88104			6
2025.11.19	02:31:28.220	0.88102	0.88103			6
2025.11.19	02:31:31.423	0.88103	0.88104			6
2025.11.19	02:31:39.693	0.88102	0.88103			6
2025.11.19	02:31:45.294	0.88103	0.88104			6
2025.11.19	02:31:59.742	0.88101	0.88103			6
2025.11.19	02:32:00.043	0.88101	0.88102			6
2025.11.19	02:32:00.351	0.88103	0.88104			6
2025.11.19	02:32:02.993	0.88104	0.88105			6
2025.11.19	02:32:07.518	0.88105	0.88106			6
2025.11.19	02:32:10.711	0.88106	0.88107			6
2025.11.19	02:32:27.398	0.88107	0.88108			6
2025.11.19	02:32:32.990	0.88108	0.88109			6
2025.11.19	02:32:34.329	0.88107	0.88108			6
2025.11.19	02:32:38.256	0.88106	0.88107			6
2025.11.19	02:32:47.848	0.88107	0.88108			6
2025.11.19	02:32:50.566	0.88106	0.88107			6
2025.11.19	02:32:59.331	0.88108	0.88109			6
2025.11.19	02:33:00.349	0.88107	0.88108			6
2025.11.19	02:33:00.890	0.88108	0.88109			6
2025.11.19	02:33:03.025	0.88107	0.88108			6
2025.11.19	02:33:03.427	0.88108	0.88109			6
2025.11.19	02:33:03.788	0.88107				2
2025.11.19	02:33:06.891	0.88108				2
2025.11.19	02:33:10.497	0.88109	0.88110			6
2025.11.19	02:33:11.921	0.88108	0.88109			6
2025.11.19	02:33:40.374	0.88107	0.88108			6
2025.11.19	02:33:50.516	0.88108	0.88109			6
2025.11.19	02:33:54.785	0.88109	0.88110			6
2025.11.19	02:34:00.280	0.88109				2
2025.11.19	02:34:00.675	0.88107	0.88108			6
2025.11.19	02:34:01.291	0.88106	0.88107			6
2025.11.19	02:34:02.464	0.88107	0.88108			6
2025.11.19	02:34:06.355	0.88108	0.88109			6
2025.11.19	02:34:16.603	0.88107				2
2025.11.19	02:34:16.907	0.88108				2
2025.11.19	02:34:19.777	0.88109	0.88110			6
2025.11.19	02:34:20.478	0.88108	0.88109			6
2025.11.19	02:34:20.997	0.88107				2
2025.11.19	02:34:21.785	0.88108				2
2025.11.19	02:34:22.135	0.88109	0.88110			6
2025.11.19	02:34:22.491	0.88108	0.88109			6
2025.11.19	02:34:23.660	0.88111	0.88112			6
2025.11.19	02:34:24.559	0.88110	0.88111			6
2025.11.19	02:34:25.953		0.88112			4
2025.11.19	02:34:26.682	0.88111				2
2025.11.19	02:34:28.392	0.88110	0.88111			6
2025.11.19	02:34:32.417	0.88111	0.88112			6
2025.11.19	02:34:32.797	0.88110	0.88111			6
