<DATE>	<TIME>	<BID>	<ASK>	<LAST>	<VOLUME>	<FLAGS>
2025.05.09	00:03:31.352	0.84670	0.84789			6
2025.05.09	00:03:45.193	0.84672				2
2025.05.09	00:04:01.064	0.84672				2
2025.05.09	00:04:31.770		0.84789			4
2025.05.09	00:04:40.190	0.84673				2
2025.05.09	00:05:03.095	0.84673				2
2025.05.09	00:05:27.623	0.84678				2
2025.05.09	00:05:30.998	0.84676				2
2025.05.09	00:05:35.191		0.84789			4
2025.05.09	00:05:35.500	0.84678				2
2025.05.09	00:05:40.044	0.84674				2
2025.05.09	00:05:47.325		0.84777			4
2025.05.09	00:05:52.307	0.84677	0.84789			6
2025.05.09	00:05:53.137	0.84674	0.84774			6
2025.05.09	00:05:57.410		0.84788			4
2025.05.09	00:05:58.251	0.84665	0.84771			6
2025.05.09	00:06:00.959	0.84668				2
2025.05.09	00:06:13.405	0.84669				2
2025.05.09	00:06:16.881	0.84675	0.84789			6
2025.05.09	00:06:59.606		0.84783			4
2025.05.09	00:07:04.034	0.84675				2
2025.05.09	00:07:10.797		0.84784			4
2025.05.09	00:07:11.878	0.84674				2
2025.05.09	00:07:22.336	0.84684	0.84785			6
2025.05.09	00:07:24.357	0.84674				2
2025.05.09	00:07:30.180	0.84675				2
2025.05.09	00:07:34.353	0.84685				2
2025.05.09	00:07:56.005	0.84691	0.84787			6
2025.05.09	00:07:56.354	0.84687				2
2025.05.09	00:07:59.643	0.84689				2
2025.05.09	00:08:06.360	0.84693				2
2025.05.09	00:08:08.265		0.84785			4
2025.05.09	00:08:13.587		0.84787			4
2025.05.09	00:08:16.417	0.84692	0.84785			6
2025.05.09	00:08:38.508	0.84648	0.84779			6
2025.05.09	00:09:01.116	0.84648				2
2025.05.09	00:09:31.973		0.84778			4
2025.05.09	00:09:43.920	0.84640	0.84759			6
2025.05.09	00:09:44.359	0.84636				2
2025.05.09	00:09:48.393	0.84638				2
2025.05.09	00:09:54.369	0.84642				2
2025.05.09	00:10:00.358	0.84636				2
2025.05.09	00:10:12.577	0.84698	0.84781			6
2025.05.09	00:10:25.350	0.84706	0.84779			6
2025.05.09	00:10:30.200	0.84707	0.84780			6
2025.05.09	00:10:42.020	0.84708				2
2025.05.09	00:10:52.025		0.84781			4
2025.05.09	00:10:53.541	0.84658	0.84764			6
2025.05.09	00:10:54.989	0.84661	0.84763			6
2025.05.09	00:11:00.086	0.84708	0.84781			6
2025.05.09	00:11:00.715	0.84661	0.84763			6
2025.05.09	00:11:02.208		0.84776			4
2025.05.09	00:11:06.337		0.84771			4
2025.05.09	00:11:07.263	0.84704	0.84777			6
2025.05.09	00:11:07.903	0.84661	0.84771			6
2025.05.09	00:11:08.972		0.84766			4
2025.05.09	00:11:12.355		0.84763			4
2025.05.09	00:11:14.208	0.84703	0.84773			6
2025.05.09	00:11:14.834	0.84661	0.84763			6
2025.05.09	00:11:21.187	0.84702	0.84774			6
2025.05.09	00:11:21.807	0.84661	0.84763			6
2025.05.09	00:11:22.277	0.84670	0.84764			6
2025.05.09	00:11:28.278	0.84709	0.84776			6
2025.05.09	00:11:29.187	0.84670	0.84764			6
2025.05.09	00:11:32.531	0.84676	0.84785			6
2025.05.09	00:11:33.079		0.84794			4
2025.05.09	00:12:00.382	0.84676				2
2025.05.09	00:12:10.310		0.84789			4
2025.05.09	00:12:27.371	0.84679				2
2025.05.09	00:12:51.710	0.84689				2
2025.05.09	00:13:00.204	0.84689				2
2025.05.09	00:13:01.206		0.84790			4
2025.05.09	00:13:27.978		0.84787			4
2025.05.09	00:13:34.278		0.84790			4
2025.05.09	00:13:41.663	0.84663	0.84792			6
2025.05.09	00:14:00.978	0.84663				2
2025.05.09	00:14:04.344		0.84773			4
2025.05.09	00:14:09.496	0.84684				2
2025.05.09	00:14:11.477	0.84685				2
2025.05.09	00:14:19.496	0.84683				2
2025.05.09	00:14:20.176	0.84681				2
2025.05.09	00:14:21.091	0.84674	0.84749			6
2025.05.09	00:14:21.676	0.84672				2
2025.05.09	00:14:23.353	0.84671				2
2025.05.09	00:14:28.279	0.84672				2
2025.05.09	00:14:41.788	0.84671	0.84766			6
2025.05.09	00:14:42.318		0.84761			4
2025.05.09	00:14:42.675	0.84670				2
2025.05.09	00:14:45.377	0.84671				2
2025.05.09	00:14:50.192	0.84674				2
2025.05.09	00:14:52.577	0.84675				2
2025.05.09	00:14:57.377	0.84676				2
2025.05.09	00:15:00.282	0.84680				2
2025.05.09	00:15:01.576	0.84681				2
2025.05.09	00:15:04.880	0.84682				2
2025.05.09	00:15:08.180	0.84683				2
2025.05.09	00:15:09.038		0.84764			4
2025.05.09	00:15:09.596	0.84686				2
2025.05.09	00:15:11.776	0.84687				2
2025.05.09	00:15:16.877	0.84688				2
2025.05.09	00:16:48.102	0.84694	0.84779			6
2025.05.09	00:17:00.000	0.84694				2
2025.05.09	00:17:01.875	0.84695				2
2025.05.09	00:17:03.074		0.84778			4
2025.05.09	00:17:04.210	0.84693	0.84780			6
2025.05.09	00:17:08.481	0.84692	0.84781			6
2025.05.09	00:17:11.481	0.84693				2
2025.05.09	00:17:12.976		0.84780			4
2025.05.09	00:17:16.876	0.84692	0.84781			6
2025.05.09	00:17:20.778	0.84693				2
2025.05.09	00:17:21.974		0.84780			4
2025.05.09	00:17:27.089	0.84696	0.84783			6
2025.05.09	00:17:30.390	0.84697				2
2025.05.09	00:17:31.591		0.84782			4
2025.05.09	00:17:50.180	0.84698				2
2025.05.09	00:17:57.976		0.84781			4
2025.05.09	00:18:00.078	0.84698				2
2025.05.09	00:18:03.396	0.84701	0.84783			6
2025.05.09	00:18:09.078	0.84702				2
2025.05.09	00:18:10.278	0.84703	0.84784			6
2025.05.09	00:18:13.277		0.84783			4
2025.05.09	00:18:18.978	0.84704				2
2025.05.09	00:18:26.347	0.84707	0.84785			6
2025.05.09	00:18:51.053	0.84705	0.84787			6
2025.05.09	00:18:52.281	0.84704	0.84788			6
2025.05.09	00:18:57.075		0.84787			4
2025.05.09	00:19:00.960	0.84704				2
2025.05.09	00:19:01.282		0.84788			4
2025.05.09	00:19:15.080		0.84787			4
2025.05.09	00:19:16.274	0.84705				2
2025.05.09	00:19:24.974		0.84786			4
2025.05.09	00:19:26.477	0.84706				2
2025.05.09	00:19:35.178		0.84785			4
2025.05.09	00:19:37.879	0.84707				2
2025.05.09	00:19:49.275		0.84784			4
2025.05.09	00:19:52.278	0.84708				2
2025.05.09	00:20:00.073	0.84708				2
2025.05.09	00:20:20.627	0.84698	0.84775			6
2025.05.09	00:20:22.931	0.84697				2
2025.05.09	00:20:26.459	0.84698				2
2025.05.09	00:20:30.367	0.84683	0.84769			6
2025.05.09	00:20:31.267	0.84669	0.84753			6
2025.05.09	00:20:36.977	0.84670				2
2025.05.09	00:20:41.176	0.84671				2
2025.05.09	00:20:45.677	0.84672				2
2025.05.09	00:20:51.077	0.84673				2
2025.05.09	00:20:57.076	0.84674				2
2025.05.09	00:20:58.233	0.84667	0.84759			6
2025.05.09	00:21:00.076	0.84667				2
2025.05.09	00:21:12.972	0.84668				2
2025.05.09	00:21:18.375	0.84669				2
2025.05.09	00:21:24.676	0.84670				2
2025.05.09	00:21:32.175	0.84671				2
2025.05.09	00:21:40.877	0.84672				2
2025.05.09	00:21:46.868	0.84673				2
2025.05.09	00:21:54.376	0.84674				2
2025.05.09	00:21:58.250		0.84759			4
2025.05.09	00:22:00.676	0.84674				2
2025.05.09	00:22:01.876	0.84675				2
2025.05.09	00:22:04.447	0.84681				2
2025.05.09	00:22:05.776	0.84682				2
2025.05.09	00:22:07.875	0.84683				2
2025.05.09	00:22:12.976	0.84684				2
2025.05.09	00:22:17.779	0.84685				2
2025.05.09	00:22:21.076	0.84686				2
2025.05.09	00:22:26.473	0.84687				2
2025.05.09	00:22:32.180	0.84689	0.84761			6
2025.05.09	00:23:01.054	0.84689				2
2025.05.09	00:23:02.771	0.84695	0.84775			6
2025.05.09	00:23:23.176	0.84696				2
2025.05.09	00:23:28.275		0.84774			4
2025.05.09	00:23:29.650	0.84698	0.84776			6
2025.05.09	00:23:33.031	0.84702				2
2025.05.09	00:23:38.775	0.84698				2
2025.05.09	00:23:42.976		0.84775			4
2025.05.09	00:23:45.376	0.84699				2
2025.05.09	00:23:51.117	0.84698				2
2025.05.09	00:23:51.423	0.84697	0.84776			6
2025.05.09	00:23:53.775		0.84777			4
2025.05.09	00:23:59.092	0.84701	0.84780			6
2025.05.09	00:24:00.375	0.84701				2
2025.05.09	00:24:00.675	0.84700	0.84781			6
2025.05.09	00:24:03.117	0.84724				2
2025.05.09	00:24:04.277		0.84779			4
2025.05.09	00:24:04.580		0.84781			4
2025.05.09	00:24:19.831	0.84729	0.84782			6
2025.05.09	00:24:23.466		0.84785			4
2025.05.09	00:24:25.200	0.84733				2
2025.05.09	00:24:39.378		0.84784			4
2025.05.09	00:24:40.358	0.84726	0.84779			6
2025.05.09	00:24:49.247		0.84775			4
2025.05.09	00:25:00.310	0.84726				2
2025.05.09	00:25:34.420	0.84728	0.84770			6
2025.05.09	00:25:38.071	0.84663	0.84769			6
2025.05.09	00:25:58.876	0.84664				2
2025.05.09	00:26:00.079	0.84664				2
2025.05.09	00:26:02.533	0.84663	0.84768			6
2025.05.09	00:26:07.876	0.84665	0.84769			6
2025.05.09	00:26:21.857	0.84669				2
2025.05.09	00:26:22.374	0.84667				2
2025.05.09	00:26:22.805	0.84666				2
2025.05.09	00:26:27.724	0.84673	0.84773			6
2025.05.09	00:26:31.438	0.84667	0.84768			6
2025.05.09	00:26:36.356	0.84663	0.84763			6
2025.05.09	00:26:40.923	0.84666				2
2025.05.09	00:26:43.276	0.84667				2
2025.05.09	00:26:52.874	0.84668				2
2025.05.09	00:27:01.114	0.84668				2
2025.05.09	00:27:04.577	0.84669				2
2025.05.09	00:27:18.203		0.84767			4
2025.05.09	00:27:21.071	0.84670				2
2025.05.09	00:27:56.842	0.84671				2
2025.05.09	00:28:00.167	0.84671				2
2025.05.09	00:28:14.579	0.84656	0.84760			6
2025.05.09	00:28:16.947	0.84655				2
2025.05.09	00:28:18.607	0.84656				2
2025.05.09	00:28:19.765	0.84655				2
2025.05.09	00:28:34.196	0.84661				2
2025.05.09	00:28:34.548	0.84651	0.84754			6
2025.05.09	00:28:36.546	0.84648				2
2025.05.09	00:28:40.287	0.84654				2
2025.05.09	00:28:40.596	0.84648	0.84748			6
2025.05.09	00:28:55.577	0.84649				2
2025.05.09	00:28:58.973	0.84655	0.84749			6
2025.05.09	00:29:00.358	0.84655				2
2025.05.09	00:29:01.497	0.84664				2
2025.05.09	00:29:03.678	0.84665				2
2025.05.09	00:29:05.481	0.84666				2
2025.05.09	00:29:06.774	0.84668				2
2025.05.09	00:29:09.072	0.84669				2
2025.05.09	00:29:11.175	0.84670				2
2025.05.09	00:29:13.580	0.84671				2
2025.05.09	00:29:15.977	0.84672				2
2025.05.09	00:29:16.842	0.84673				2
2025.05.09	00:29:18.076	0.84674				2
2025.05.09	00:29:20.776	0.84675				2
2025.05.09	00:29:23.176	0.84676				2
2025.05.09	00:29:24.678	0.84687	0.84779			6
2025.05.09	00:29:26.917	0.84688				2
2025.05.09	00:29:29.778		0.84778			4
2025.05.09	00:29:30.978	0.84689				2
2025.05.09	00:29:33.460	0.84695	0.84781			6
2025.05.09	00:29:34.877	0.84696				2
2025.05.09	00:29:39.676	0.84695				2
2025.05.09	00:29:39.977	0.84699				2
2025.05.09	00:29:41.175	0.84700				2
2025.05.09	00:29:45.979	0.84701				2
2025.05.09	00:29:51.376	0.84702				2
2025.05.09	00:29:51.721	0.84709	0.84783			6
2025.05.09	00:29:57.973	0.84710				2
2025.05.09	00:30:00.676	0.84710				2
2025.05.09	00:30:03.981	0.84711				2
2025.05.09	00:30:11.778	0.84712				2
2025.05.09	00:30:12.377	0.84713				2
2025.05.09	00:30:19.873	0.84714				2
2025.05.09	00:30:21.077	0.84707	0.84780			6
2025.05.09	00:30:21.446	0.84715	0.84784			6
2025.05.09	00:30:52.279	0.84716				2
2025.05.09	00:31:01.115	0.84716				2
2025.05.09	00:31:02.565	0.84717				2
2025.05.09	00:31:22.564		0.84784			4
2025.05.09	00:31:32.844	0.84710	0.84783			6
2025.05.09	00:31:33.815	0.84703	0.84776			6
2025.05.09	00:31:34.276		0.84777			4
2025.05.09	00:31:42.377	0.84696	0.84771			6
2025.05.09	00:31:52.357	0.84697	0.84772			6
2025.05.09	00:31:56.777		0.84771			4
2025.05.09	00:32:00.366	0.84697				2
2025.05.09	00:32:01.875	0.84696	0.84770			6
2025.05.09	00:32:21.680		0.84771			4
2025.05.09	00:32:42.973	0.84695				2
2025.05.09	00:32:43.988		0.84772			4
2025.05.09	00:32:44.422	0.84694	0.84773			6
2025.05.09	00:33:00.977	0.84694				2
2025.05.09	00:33:44.667		0.84773			4
2025.05.09	00:34:00.199	0.84694				2
2025.05.09	00:34:33.320		0.84772			4
2025.05.09	00:34:36.403	0.84699	0.84776			6
2025.05.09	00:34:42.949	0.84700				2
2025.05.09	00:34:45.423	0.84699				2
2025.05.09	00:34:47.888	0.84700				2
2025.05.09	00:34:55.919		0.84775			4
2025.05.09	00:34:57.460	0.84701				2
2025.05.09	00:35:01.284	0.84701				2
2025.05.09	00:35:04.599	0.84679	0.84776			6
2025.05.09	00:35:05.303	0.84678				2
2025.05.09	00:35:28.279	0.84679				2
2025.05.09	00:36:00.306	0.84679				2
2025.05.09	00:36:02.842		0.84781			4
2025.05.09	00:36:14.781		0.84780			4
2025.05.09	00:36:46.918	0.84654	0.84786			6
2025.05.09	00:37:00.672	0.84654				2
2025.05.09	00:37:01.142	0.84663	0.84790			6
2025.05.09	00:37:04.280	0.84664				2
2025.05.09	00:37:06.976	0.84665				2
2025.05.09	00:37:09.374	0.84666				2
2025.05.09	00:37:11.766	0.84667				2
2025.05.09	00:37:16.277	0.84668				2
2025.05.09	00:37:19.877	0.84669				2
2025.05.09	00:37:23.179	0.84670				2
2025.05.09	00:37:26.777	0.84671				2
2025.05.09	00:37:28.186	0.84672				2
2025.05.09	00:37:30.373	0.84673				2
2025.05.09	00:37:34.577	0.84674				2
2025.05.09	00:37:36.080		0.84789			4
2025.05.09	00:37:39.377	0.84675				2
2025.05.09	00:37:40.578		0.84788			4
2025.05.09	00:37:43.578	0.84676				2
2025.05.09	00:37:45.977		0.84787			4
2025.05.09	00:37:49.442	0.84677				2
2025.05.09	00:37:51.068		0.84786			4
2025.05.09	00:37:55.580	0.84678				2
2025.05.09	00:37:58.578		0.84785			4
2025.05.09	00:38:00.080	0.84678				2
2025.05.09	00:38:02.778	0.84679				2
2025.05.09	00:38:05.176	0.84678	0.84784			6
2025.05.09	00:38:06.678	0.84679				2
2025.05.09	00:38:07.785	0.84680	0.84785			6
2025.05.09	00:38:10.579		0.84784			4
2025.05.09	00:38:11.433	0.84681	0.84785			6
2025.05.09	00:38:13.877	0.84682				2
2025.05.09	00:38:18.677		0.84784			4
2025.05.09	00:38:21.941	0.84685	0.84787			6
2025.05.09	00:38:22.378		0.84786			4
2025.05.09	00:38:25.276	0.84686				2
2025.05.09	00:38:28.724		0.84785			4
2025.05.09	00:38:32.176	0.84687				2
2025.05.09	00:38:35.775		0.84784			4
2025.05.09	00:38:38.483	0.84688				2
2025.05.09	00:38:40.876	0.84689	0.84785			6
2025.05.09	00:38:43.576		0.84784			4
2025.05.09	00:38:45.977	0.84690				2
2025.05.09	00:38:49.580		0.84783			4
2025.05.09	00:38:53.477	0.84691				2
2025.05.09	00:38:59.777		0.84782			4
2025.05.09	00:39:00.978	0.84691				2
2025.05.09	00:39:03.298	0.84692				2
2025.05.09	00:39:09.218		0.84781			4
2025.05.09	00:39:14.175	0.84693				2
2025.05.09	00:39:22.876		0.84780			4
2025.05.09	00:39:30.679	0.84694				2
2025.05.09	00:39:31.039	0.84690	0.84779			6
2025.05.09	00:39:42.077	0.84689				2
2025.05.09	00:39:57.537	0.84678	0.84776			6
2025.05.09	00:39:58.355	0.84677	0.84775			6
2025.05.09	00:40:00.078	0.84677				2
2025.05.09	00:40:01.576	0.84678				2
2025.05.09	00:40:04.618		0.84776			4
2025.05.09	00:40:07.274		0.84775			4
2025.05.09	00:40:09.675	0.84679				2
2025.05.09	00:40:11.697	0.84677	0.84768			6
2025.05.09	00:40:21.676	0.84678				2
2025.05.09	00:40:24.008	0.84674	0.84762			6
2025.05.09	00:40:27.885	0.84675				2
2025.05.09	00:40:29.477	0.84674				2
2025.05.09	00:40:30.886	0.84675				2
2025.05.09	00:40:39.392	0.84671				2
2025.05.09	00:40:40.356	0.84672				2
2025.05.09	00:40:43.281	0.84673	0.84761			6
2025.05.09	00:40:45.977	0.84674	0.84760			6
2025.05.09	00:40:47.779		0.84759			4
2025.05.09	00:40:48.978	0.84675				2
2025.05.09	00:40:52.276	0.84676	0.84758			6
2025.05.09	00:40:53.465	0.84672	0.84745			6
2025.05.09	00:40:57.377	0.84673				2
2025.05.09	00:41:00.420	0.84673				2
2025.05.09	00:41:01.885	0.84674				2
2025.05.09	00:41:06.076	0.84675				2
2025.05.09	00:41:09.781	0.84674	0.84742			6
2025.05.09	00:41:13.872	0.84675				2
2025.05.09	00:41:18.557	0.84673	0.84739			6
2025.05.09	00:41:21.076	0.84674				2
2025.05.09	00:41:24.376	0.84678	0.84748			6
2025.05.09	00:41:25.874	0.84679				2
2025.05.09	00:41:29.475	0.84682	0.84750			6
2025.05.09	00:41:32.476	0.84683				2
2025.05.09	00:41:38.180	0.84684				2
2025.05.09	00:41:42.987		0.84749			4
2025.05.09	00:41:44.177	0.84685				2
2025.05.09	00:41:57.751	0.84675	0.84776			6
2025.05.09	00:42:01.881	0.84675				2
2025.05.09	00:42:06.077	0.84676				2
2025.05.09	00:42:18.082	0.84677				2
2025.05.09	00:42:25.406	0.84680				2
2025.05.09	00:42:32.947	0.84682				2
2025.05.09	00:42:33.878	0.84683				2
2025.05.09	00:42:40.119	0.84686				2
2025.05.09	00:42:42.075	0.84687				2
2025.05.09	00:42:49.876	0.84688				2
2025.05.09	00:42:50.872	0.84687				2
2025.05.09	00:42:52.277	0.84688				2
2025.05.09	00:42:58.282	0.84689	0.84776			6
2025.05.09	00:43:00.079	0.84689				2
2025.05.09	00:43:02.706	0.84690				2
2025.05.09	00:43:03.978	0.84691				2
2025.05.09	00:43:05.939	0.84692				2
2025.05.09	00:43:07.882	0.84693				2
2025.05.09	00:43:08.477	0.84694				2
2025.05.09	00:43:10.878	0.84695				2
2025.05.09	00:43:11.680	0.84698				2
2025.05.09	00:43:13.877	0.84699				2
2025.05.09	00:43:15.076	0.84700				2
2025.05.09	00:43:19.576	0.84701				2
2025.05.09	00:43:22.875	0.84702				2
2025.05.09	00:43:26.781	0.84703				2
2025.05.09	00:43:30.979	0.84704				2
2025.05.09	00:43:31.292	0.84707				2
2025.05.09	00:43:34.879	0.84708				2
2025.05.09	00:43:38.176	0.84705				2
2025.05.09	00:43:39.677	0.84700				2
2025.05.09	00:43:41.081	0.84701				2
2025.05.09	00:43:46.278	0.84702				2
2025.05.09	00:43:48.044	0.84688				2
2025.05.09	00:43:50.176	0.84689				2
2025.05.09	00:43:53.479	0.84690				2
2025.05.09	00:43:57.083	0.84691				2
2025.05.09	00:43:58.877		0.84776			4
2025.05.09	00:44:00.379	0.84691				2
2025.05.09	00:44:01.879	0.84692				2
2025.05.09	00:44:05.481	0.84693				2
2025.05.09	00:44:11.478	0.84694				2
2025.05.09	00:44:16.526	0.84695				2
2025.05.09	00:44:24.978	0.84696				2
2025.05.09	00:44:33.683	0.84697				2
2025.05.09	00:44:48.089	0.84698				2
2025.05.09	00:44:54.602	0.84708				2
2025.05.09	00:44:58.401	0.84706				2
2025.05.09	00:44:59.775		0.84776			4
2025.05.09	00:45:00.394	0.84706				2
2025.05.09	00:45:00.947	0.84714	0.84783			6
2025.05.09	00:45:02.209	0.84720	0.84785			6
2025.05.09	00:45:02.847	0.84719				2
2025.05.09	00:45:04.056	0.84723	0.84786			6
2025.05.09	00:45:04.362		0.84785			4
2025.05.09	00:45:04.664	0.84717	0.84783			6
2025.05.09	00:45:08.562	0.84729	0.84771			6
2025.05.09	00:45:09.076	0.84730				2
2025.05.09	00:45:18.782	0.84727				2
2025.05.09	00:45:21.382	0.84728				2
2025.05.09	00:45:24.711	0.84725				2
2025.05.09	00:45:26.421	0.84726				2
2025.05.09	00:45:26.727	0.84728				2
2025.05.09	00:45:28.578	0.84729				2
2025.05.09	00:45:32.177	0.84730				2
2025.05.09	00:45:32.588	0.84728				2
2025.05.09	00:45:33.676	0.84729				2
2025.05.09	00:45:37.281	0.84730				2
2025.05.09	00:45:42.984	0.84731				2
2025.05.09	00:45:48.377	0.84732				2
2025.05.09	00:45:53.485	0.84733				2
2025.05.09	00:45:57.380	0.84721				2
2025.05.09	00:45:58.353	0.84722				2
2025.05.09	00:46:00.077	0.84722				2
2025.05.09	00:46:03.981	0.84723				2
2025.05.09	00:46:08.777	0.84724	0.84771			6
2025.05.09	00:46:15.077	0.84725				2
2025.05.09	00:46:21.680	0.84726	0.84770			6
2025.05.09	00:46:29.477	0.84727				2
2025.05.09	00:46:30.984		0.84769			4
2025.05.09	00:46:40.580	0.84728	0.84768			6
2025.05.09	00:46:53.176	0.84729				2
2025.05.09	00:46:56.475		0.84767			4
2025.05.09	00:47:00.077	0.84729				2
2025.05.09	00:47:02.210	0.84732	0.84765			6
2025.05.09	00:47:04.725	0.84729	0.84767			6
2025.05.09	00:47:23.177		0.84768			4
2025.05.09	00:48:00.948	0.84729				2
2025.05.09	00:48:01.497	0.84728				2
2025.05.09	00:48:23.776		0.84768			4
2025.05.09	00:49:00.390	0.84728				2
2025.05.09	00:49:24.076		0.84768			4
2025.05.09	00:49:48.977	0.84729				2
2025.05.09	00:50:00.949	0.84729				2
2025.05.09	00:50:24.080		0.84768			4
2025.05.09	00:50:30.262	0.84725	0.84761			6
2025.05.09	00:50:34.883	0.84726				2
2025.05.09	00:50:41.810	0.84721	0.84757			6
2025.05.09	00:50:48.790	0.84682	0.84745			6
2025.05.09	00:50:49.347	0.84686				2
2025.05.09	00:51:00.358	0.84686				2
2025.05.09	00:51:35.622		0.84749			4
2025.05.09	00:51:53.349	0.84683				2
2025.05.09	00:51:59.877	0.84660				2
2025.05.09	00:52:00.358	0.84660				2
2025.05.09	00:52:04.379	0.84675				2
2025.05.09	00:52:05.883	0.84667				2
2025.05.09	00:52:06.495	0.84672				2
2025.05.09	00:52:36.077		0.84749			4
2025.05.09	00:53:00.384	0.84672				2
2025.05.09	00:53:37.578		0.84749			4
2025.05.09	00:54:00.730	0.84672				2
2025.05.09	00:54:10.876	0.84657				2
2025.05.09	00:54:34.264	0.84670				2
2025.05.09	00:54:37.579		0.84749			4
2025.05.09	00:54:44.843		0.84746			4
2025.05.09	00:55:00.077	0.84670				2
2025.05.09	00:55:01.142	0.84671	0.84748			6
2025.05.09	00:55:02.085		0.84754			4
2025.05.09	00:55:02.530		0.84751			4
2025.05.09	00:55:03.875	0.84663				2
2025.05.09	00:55:06.354	0.84658				2
2025.05.09	00:55:12.326	0.84668				2
2025.05.09	00:55:13.080	0.84671				2
2025.05.09	00:55:13.501	0.84676				2
2025.05.09	00:55:16.893	0.84670	0.84744			6
2025.05.09	00:55:17.540		0.84750			4
2025.05.09	00:55:21.383	0.84665				2
2025.05.09	00:55:26.631		0.84753			4
2025.05.09	00:55:34.491		0.84747			4
2025.05.09	00:55:38.560		0.84745			4
2025.05.09	00:55:38.947		0.84747			4
2025.05.09	00:55:40.183	0.84667				2
2025.05.09	00:55:41.171		0.84745			4
2025.05.09	00:55:43.171		0.84747			4
2025.05.09	00:55:46.047		0.84732			4
2025.05.09	00:55:49.265		0.84746			4
2025.05.09	00:55:52.269		0.84742			4
2025.05.09	00:55:52.875		0.84746			4
2025.05.09	00:55:54.271		0.84742			4
2025.05.09	00:55:57.383	0.84668	0.84750			6
2025.05.09	00:55:58.352	0.84669				2
2025.05.09	00:56:00.676	0.84670				2
2025.05.09	00:56:02.779	0.84667	0.84746			6
2025.05.09	00:56:06.674		0.84740			4
2025.05.09	00:56:11.049		0.84736			4
2025.05.09	00:56:11.377	0.84666				2
2025.05.09	00:56:11.679		0.84738			4
2025.05.09	00:56:18.249		0.84741			4
2025.05.09	00:56:19.278		0.84742			4
2025.05.09	00:56:20.478		0.84741			4
2025.05.09	00:56:27.376		0.84748			4
2025.05.09	00:56:32.458		0.84747			4
2025.05.09	00:56:40.284		0.84748			4
2025.05.09	00:56:42.502		0.84747			4
2025.05.09	00:57:00.870	0.84666				2
2025.05.09	00:57:06.378	0.84670				2
2025.05.09	00:57:21.834		0.84745			4
2025.05.09	00:57:33.793		0.84743			4
2025.05.09	00:57:34.114		0.84744			4
2025.05.09	00:57:44.253		0.84742			4
2025.05.09	00:57:44.560		0.84755			4
2025.05.09	00:57:45.714		0.84752			4
2025.05.09	00:57:46.640		0.84755			4
2025.05.09	00:57:48.916	0.84663	0.84771			6
2025.05.09	00:57:49.876		0.84770			4
2025.05.09	00:57:50.369		0.84760			4
2025.05.09	00:57:52.580		0.84770			4
2025.05.09	00:57:54.174		0.84769			4
2025.05.09	00:57:56.776		0.84768			4
2025.05.09	00:57:57.179		0.84773			4
2025.05.09	00:57:59.274		0.84769			4
2025.05.09	00:58:00.276	0.84663				2
2025.05.09	00:58:02.181		0.84768			4
2025.05.09	00:58:03.300		0.84767			4
2025.05.09	00:58:06.174		0.84766			4
2025.05.09	00:58:09.373	0.84685	0.84769			6
2025.05.09	00:58:11.503	0.84710	0.84760			6
2025.05.09	00:58:12.685	0.84685	0.84770			6
2025.05.09	00:58:13.279		0.84769			4
2025.05.09	00:58:14.683		0.84768			4
2025.05.09	00:58:16.276		0.84767			4
2025.05.09	00:58:17.193	0.84686	0.84760			6
2025.05.09	00:58:19.276		0.84759			4
2025.05.09	00:58:20.236		0.84761			4
2025.05.09	00:58:22.978		0.84760			4
2025.05.09	00:58:25.588		0.84759			4
2025.05.09	00:58:28.175		0.84758			4
2025.05.09	00:58:29.475		0.84757			4
2025.05.09	00:58:33.377		0.84756			4
2025.05.09	00:58:36.080		0.84755			4
2025.05.09	00:58:38.779		0.84754			4
2025.05.09	00:58:41.775		0.84753			4
2025.05.09	00:58:44.647	0.84701	0.84754			6
2025.05.09	00:58:46.753		0.84761			4
2025.05.09	00:58:47.469		0.84762			4
2025.05.09	00:58:51.076		0.84761			4
2025.05.09	00:58:54.975		0.84760			4
2025.05.09	00:59:00.679	0.84701	0.84759			6
2025.05.09	00:59:05.775		0.84758			4
2025.05.09	00:59:06.206	0.84704	0.84760			6
2025.05.09	00:59:06.751		0.84767			4
2025.05.09	00:59:07.235		0.84766			4
2025.05.09	00:59:09.082		0.84765			4
2025.05.09	00:59:12.373	0.84709	0.84762			6
2025.05.09	00:59:17.204	0.84713	0.84766			6
2025.05.09	00:59:19.461	0.84719	0.84770			6
2025.05.09	00:59:22.875	0.84660	0.84739			6
2025.05.09	00:59:23.190		0.84745			4
2025.05.09	00:59:25.041		0.84754			4
2025.05.09	00:59:26.474		0.84753			4
2025.05.09	00:59:28.448		0.84749			4
2025.05.09	00:59:30.657		0.84760			4
2025.05.09	00:59:31.781	0.84663	0.84766			6
2025.05.09	00:59:33.579	0.84672	0.84774			6
2025.05.09	00:59:34.878	0.84673	0.84773			6
2025.05.09	00:59:36.375	0.84674				2
2025.05.09	00:59:37.880	0.84675	0.84772			6
2025.05.09	00:59:39.274		0.84771			4
2025.05.09	00:59:40.775	0.84676	0.84770			6
2025.05.09	00:59:41.326	0.84677	0.84769			6
2025.05.09	00:59:42.574	0.84678				2
2025.05.09	00:59:44.180		0.84768			4
2025.05.09	00:59:45.679	0.84679	0.84767			6
2025.05.09	00:59:48.975	0.84680	0.84766			6
2025.05.09	00:59:50.575	0.84681				2
2025.05.09	00:59:52.281		0.84765			4
2025.05.09	00:59:52.820	0.84680	0.84766			6
2025.05.09	00:59:54.075	0.84681				2
2025.05.09	00:59:56.178	0.84682	0.84765			6
2025.05.09	00:59:57.977		0.84764			4
2025.05.09	00:59:58.438	0.84683				2
2025.05.09	00:59:58.882		0.84763			4
2025.05.09	01:00:00.319	0.84671	0.84767			6
2025.05.09	01:00:00.638	0.84660				2
2025.05.09	01:00:01.278	0.84678				2
2025.05.09	01:00:02.275	0.84717	0.84766			6
2025.05.09	01:00:02.619	0.84718				2
2025.05.09	01:00:02.925	0.84717				2
2025.05.09	01:00:03.534	0.84718				2
2025.05.09	01:00:03.890	0.84720				2
2025.05.09	01:00:04.191		0.84762			4
2025.05.09	01:00:04.544	0.84722				2
2025.05.09	01:00:04.845	0.84698	0.84763			6
2025.05.09	01:00:08.145	0.84715	0.84752			6
2025.05.09	01:00:08.497	0.84714	0.84751			6
2025.05.09	01:00:10.119	0.84716	0.84750			6
2025.05.09	01:00:10.490	0.84717	0.84754			6
2025.05.09	01:00:10.889	0.84716	0.84753			6
2025.05.09	01:00:11.724	0.84719	0.84755			6
2025.05.09	01:00:12.026	0.84720				2
2025.05.09	01:00:12.353	0.84727				2
2025.05.09	01:00:14.341	0.84724				2
2025.05.09	01:00:15.517	0.84725				2
2025.05.09	01:00:16.358	0.84727	0.84750			6
2025.05.09	01:00:17.445	0.84728				2
2025.05.09	01:00:17.757	0.84727				2
2025.05.09	01:00:18.370	0.84725				2
2025.05.09	01:00:19.629	0.84722				2
2025.05.09	01:00:20.236	0.84720				2
2025.05.09	01:00:21.811	0.84718	0.84748			6
2025.05.09	01:00:22.125	0.84723	0.84750			6
2025.05.09	01:00:22.455	0.84721	0.84749			6
2025.05.09	01:00:22.772	0.84722	0.84750			6
2025.05.09	01:00:23.086	0.84721	0.84749			6
2025.05.09	01:00:23.420	0.84722	0.84750			6
2025.05.09	01:00:23.739	0.84720	0.84749			6
2025.05.09	01:00:24.074	0.84723	0.84750			6
2025.05.09	01:00:24.388	0.84722	0.84749			6
2025.05.09	01:00:24.703	0.84724	0.84750			6
2025.05.09	01:00:25.832	0.84725				2
2025.05.09	01:00:26.136	0.84723				2
2025.05.09	01:00:26.452	0.84726				2
2025.05.09	01:00:26.775	0.84723				2
2025.05.09	01:00:27.097	0.84725				2
2025.05.09	01:00:28.141	0.84724				2
2025.05.09	01:00:28.454	0.84725				2
2025.05.09	01:00:29.112	0.84726				2
2025.05.09	01:00:29.442	0.84724				2
2025.05.09	01:00:29.763	0.84726				2
2025.05.09	01:00:30.756	0.84723				2
2025.05.09	01:00:31.104	0.84725				2
2025.05.09	01:00:34.277	0.84726				2
2025.05.09	01:00:34.956	0.84725				2
2025.05.09	01:00:35.273	0.84726				2
2025.05.09	01:00:35.610	0.84725				2
2025.05.09	01:00:35.920	0.84726				2
2025.05.09	01:00:36.248	0.84724				2
2025.05.09	01:00:36.565	0.84725				2
2025.05.09	01:00:36.896	0.84724				2
2025.05.09	01:00:37.210	0.84725				2
2025.05.09	01:00:39.345	0.84726				2
2025.05.09	01:00:39.733	0.84725				2
2025.05.09	01:00:40.046	0.84724				2
2025.05.09	01:00:40.500	0.84726				2
2025.05.09	01:00:40.875	0.84724				2
2025.05.09	01:00:41.251	0.84725				2
2025.05.09	01:00:41.559	0.84726				2
2025.05.09	01:00:41.955	0.84727				2
2025.05.09	01:00:43.267	0.84726				2
2025.05.09	01:00:43.600	0.84729				2
2025.05.09	01:00:43.936	0.84728				2
2025.05.09	01:00:44.288	0.84726				2
2025.05.09	01:00:44.658	0.84728				2
2025.05.09	01:00:45.081	0.84729				2
2025.05.09	01:00:45.502	0.84726				2
2025.05.09	01:00:45.818	0.84729				2
2025.05.09	01:00:46.695	0.84728				2
2025.05.09	01:00:48.726	0.84716	0.84739			6
2025.05.09	01:00:49.084	0.84733	0.84744			6
2025.05.09	01:00:49.477	0.84734				2
2025.05.09	01:00:49.795	0.84732	0.84757			6
2025.05.09	01:00:50.098	0.84716	0.84767			6
2025.05.09	01:00:50.432	0.84733	0.84759			6
2025.05.09	01:00:50.814	0.84730	0.84756			6
2025.05.09	01:00:51.116	0.84731	0.84757			6
2025.05.09	01:00:51.418	0.84733	0.84759			6
2025.05.09	01:00:51.859	0.84734				2
2025.05.09	01:00:52.375	0.84731	0.84757			6
2025.05.09	01:00:53.273	0.84732				2
2025.05.09	01:00:53.696	0.84730	0.84755			6
2025.05.09	01:00:54.120		0.84756			4
2025.05.09	01:00:54.479		0.84755			4
2025.05.09	01:00:58.074	0.84731	0.84757			6
2025.05.09	01:00:58.758		0.84758			4
2025.05.09	01:00:59.262	0.84732	0.84757			6
2025.05.09	01:00:59.678	0.84730				2
2025.05.09	01:01:00.027	0.84730	0.84755			6
2025.05.09	01:01:00.339	0.84732	0.84757			6
2025.05.09	01:01:00.749	0.84734	0.84759			6
2025.05.09	01:01:01.064	0.84722	0.84778			6
2025.05.09	01:01:01.488	0.84728	0.84753			6
2025.05.09	01:01:01.877	0.84723	0.84749			6
2025.05.09	01:01:02.222	0.84722	0.84752			6
2025.05.09	01:01:03.809	0.84728	0.84759			6
2025.05.09	01:01:04.130	0.84722	0.84778			6
2025.05.09	01:01:04.439	0.84723	0.84755			6
2025.05.09	01:01:04.819	0.84722	0.84763			6
2025.05.09	01:01:05.137		0.84754			4
2025.05.09	01:01:05.438		0.84752			4
2025.05.09	01:01:10.357		0.84753			4
2025.05.09	01:01:10.667		0.84751			4
2025.05.09	01:01:11.209		0.84749			4
2025.05.09	01:01:12.264		0.84748			4
2025.05.09	01:01:16.659		0.84747			4
2025.05.09	01:01:16.969		0.84748			4
2025.05.09	01:01:17.283	0.84723	0.84749			6
2025.05.09	01:01:20.358	0.84725				2
2025.05.09	01:01:20.790		0.84748			4
2025.05.09	01:01:21.556	0.84724				2
2025.05.09	01:01:21.867	0.84722	0.84746			6
2025.05.09	01:01:23.152	0.84731	0.84751			6
2025.05.09	01:01:23.506	0.84734	0.84753			6
2025.05.09	01:01:24.951		0.84754			4
2025.05.09	01:01:25.280	0.84735				2
2025.05.09	01:01:25.585	0.84733	0.84752			6
2025.05.09	01:01:25.905	0.84734	0.84754			6
2025.05.09	01:01:26.213	0.84735				2
2025.05.09	01:01:26.866		0.84753			4
2025.05.09	01:01:27.587		0.84754			4
2025.05.09	01:01:28.928	0.84734	0.84753			6
2025.05.09	01:01:29.235	0.84735	0.84754			6
2025.05.09	01:01:33.671	0.84734	0.84753			6
2025.05.09	01:01:35.362	0.84733	0.84752			6
2025.05.09	01:01:36.652	0.84734	0.84753			6
2025.05.09	01:01:37.005	0.84733	0.84752			6
2025.05.09	01:01:37.875	0.84729	0.84748			6
2025.05.09	01:01:38.179	0.84733	0.84752			6
2025.05.09	01:01:38.521	0.84735	0.84753			6
2025.05.09	01:01:39.020	0.84734				2
2025.05.09	01:01:39.887	0.84735				2
2025.05.09	01:01:40.590	0.84734				2
2025.05.09	01:01:41.114	0.84736	0.84755			6
2025.05.09	01:01:41.481	0.84737				2
2025.05.09	01:01:51.843		0.84756			4
2025.05.09	01:01:52.576	0.84736	0.84755			6
2025.05.09	01:01:52.906	0.84735	0.84754			6
2025.05.09	01:01:53.226	0.84737	0.84756			6
2025.05.09	01:01:54.434	0.84736	0.84755			6
2025.05.09	01:01:56.853	0.84735	0.84754			6
2025.05.09	01:01:58.279	0.84736	0.84755			6
2025.05.09	01:01:58.580	0.84737	0.84756			6
2025.05.09	01:01:58.950	0.84739	0.84758			6
2025.05.09	01:02:00.357	0.84738				2
2025.05.09	01:02:01.579	0.84739	0.84759			6
2025.05.09	01:02:01.915	0.84740	0.84760			6
2025.05.09	01:02:02.290	0.84739	0.84759			6
2025.05.09	01:02:04.588		0.84758			4
2025.05.09	01:02:05.864		0.84759			4
2025.05.09	01:02:06.314	0.84741				2
2025.05.09	01:02:07.007		0.84758			4
2025.05.09	01:02:07.322	0.84740				2
2025.05.09	01:02:08.978	0.84739	0.84757			6
2025.05.09	01:02:10.358	0.84738	0.84755			6
2025.05.09	01:02:10.663	0.84737	0.84754			6
2025.05.09	01:02:11.156	0.84736	0.84753			6
2025.05.09	01:02:11.475	0.84737	0.84754			6
2025.05.09	01:02:12.214	0.84736	0.84755			6
2025.05.09	01:02:13.061	0.84735	0.84754			6
2025.05.09	01:02:13.783	0.84724	0.84769			6
2025.05.09	01:02:16.997	0.84735	0.84755			6
2025.05.09	01:02:18.976	0.84733	0.84753			6
2025.05.09	01:02:21.668	0.84736	0.84755			6
2025.05.09	01:02:21.979		0.84756			4
2025.05.09	01:02:22.281	0.84737	0.84754			6
2025.05.09	01:02:22.776		0.84755			4
2025.05.09	01:02:23.199		0.84754			4
2025.05.09	01:02:23.628		0.84755			4
2025.05.09	01:02:24.166	0.84739	0.84757			6
2025.05.09	01:02:26.951	0.84746	0.84760			6
2025.05.09	01:02:27.261	0.84747	0.84761			6
2025.05.09	01:02:28.115	0.84748				2
2025.05.09	01:02:32.228		0.84760			4
2025.05.09	01:02:35.178		0.84756			4
2025.05.09	01:02:35.551		0.84757			4
2025.05.09	01:02:38.551	0.84749				2
2025.05.09	01:02:38.860		0.84760			4
2025.05.09	01:02:39.676		0.84761			4
2025.05.09	01:02:40.375		0.84758			4
2025.05.09	01:02:42.478		0.84759			4
2025.05.09	01:02:43.212		0.84762			4
2025.05.09	01:02:49.477	0.84751	0.84766			6
2025.05.09	01:02:50.359		0.84767			4
2025.05.09	01:02:59.175		0.84764			4
2025.05.09	01:03:00.198	0.84751				2
2025.05.09	01:03:00.595		0.84763			4
2025.05.09	01:03:00.977	0.84750	0.84762			6
2025.05.09	01:03:01.282	0.84747	0.84760			6
2025.05.09	01:03:02.350		0.84761			4
2025.05.09	01:03:07.621		0.84763			4
2025.05.09	01:03:09.094		0.84761			4
2025.05.09	01:03:12.354		0.84760			4
2025.05.09	01:03:14.578		0.84762			4
2025.05.09	01:03:22.090		0.84761			4
2025.05.09	01:03:31.449		0.84760			4
2025.05.09	01:03:33.219		0.84761			4
2025.05.09	01:03:34.926	0.84749				2
2025.05.09	01:03:36.880		0.84762			4
2025.05.09	01:03:41.993		0.84764			4
2025.05.09	01:03:44.854	0.84751	0.84765			6
2025.05.09	01:03:53.878	0.84750				2
2025.05.09	01:03:56.751		0.84764			4
2025.05.09	01:04:00.080	0.84750				2
2025.05.09	01:04:00.522		0.84765			4
2025.05.09	01:04:00.930		0.84766			4
2025.05.09	01:04:06.076	0.84751	0.84767			6
2025.05.09	01:04:07.256	0.84755	0.84770			6
2025.05.09	01:04:07.565	0.84756				2
2025.05.09	01:04:12.304	0.84751	0.84767			6
2025.05.09	01:04:18.061	0.84755	0.84768			6
2025.05.09	01:04:40.547	0.84753	0.84767			6
2025.05.09	01:04:42.502	0.84752				2
2025.05.09	01:04:51.054	0.84753				2
2025.05.09	01:04:54.034	0.84756	0.84769			6
2025.05.09	01:05:00.396	0.84756				2
2025.05.09	01:05:06.372	0.84755	0.84768			6
2025.05.09	01:05:06.932	0.84749	0.84765			6
2025.05.09	01:05:20.768	0.84748	0.84764			6
2025.05.09	01:05:27.863	0.84746				2
2025.05.09	01:05:28.975	0.84748				2
2025.05.09	01:05:31.278	0.84749	0.84765			6
2025.05.09	01:05:33.346	0.84748	0.84764			6
2025.05.09	01:05:43.206	0.84752	0.84766			6
2025.05.09	01:05:50.450	0.84750	0.84765			6
2025.05.09	01:06:00.677	0.84750				2
2025.05.09	01:06:01.719	0.84756	0.84771			6
2025.05.09	01:06:02.285	0.84755				2
2025.05.09	01:06:13.278	0.84756				2
2025.05.09	01:06:16.363	0.84752	0.84765			6
2025.05.09	01:06:21.429	0.84754	0.84768			6
2025.05.09	01:06:21.901		0.84767			4
2025.05.09	01:06:22.218	0.84752	0.84770			6
2025.05.09	01:06:22.756	0.84755	0.84771			6
2025.05.09	01:06:24.184	0.84753	0.84770			6
2025.05.09	01:06:34.877	0.84754	0.84771			6
2025.05.09	01:06:35.182	0.84756				2
2025.05.09	01:06:51.840	0.84757				2
2025.05.09	01:07:03.676	0.84757				2
2025.05.09	01:07:06.813	0.84763	0.84775			6
2025.05.09	01:07:11.184		0.84774			4
2025.05.09	01:07:29.482		0.84773			4
2025.05.09	01:07:55.974	0.84764	0.84772			6
2025.05.09	01:08:00.248	0.84764	0.84773			6
2025.05.09	01:08:04.044	0.84765	0.84774			6
2025.05.09	01:08:09.599	0.84764	0.84775			6
2025.05.09	01:08:19.578		0.84774			4
2025.05.09	01:08:21.378		0.84775			4
2025.05.09	01:08:23.477		0.84774			4
2025.05.09	01:08:37.278		0.84773			4
2025.05.09	01:08:40.647	0.84762				2
2025.05.09	01:08:55.477	0.84757	0.84770			6
2025.05.09	01:08:57.376	0.84760	0.84772			6
2025.05.09	01:09:00.431	0.84759	0.84771			6
2025.05.09	01:09:06.689	0.84755	0.84768			6
2025.05.09	01:09:08.624	0.84756	0.84769			6
2025.05.09	01:09:10.053	0.84755	0.84768			6
2025.05.09	01:09:10.879	0.84756	0.84769			6
2025.05.09	01:09:13.461	0.84757				2
2025.05.09	01:09:14.624	0.84758	0.84770			6
2025.05.09	01:09:53.626		0.84769			4
2025.05.09	01:09:54.624		0.84770			4
2025.05.09	01:10:01.326	0.84758				2
2025.05.09	01:10:02.630		0.84769			4
2025.05.09	01:10:04.567		0.84767			4
2025.05.09	01:10:09.270	0.84757	0.84768			6
2025.05.09	01:10:10.879	0.84756	0.84766			6
2025.05.09	01:10:13.577		0.84767			4
2025.05.09	01:10:20.533	0.84758	0.84768			6
2025.05.09	01:10:22.262		0.84767			4
2025.05.09	01:10:25.898		0.84768			4
2025.05.09	01:10:34.276	0.84759				2
2025.05.09	01:10:44.177	0.84760				2
2025.05.09	01:10:52.761	0.84758	0.84767			6
2025.05.09	01:10:56.714		0.84769			4
2025.05.09	01:10:57.023	0.84759				2
2025.05.09	01:10:58.878	0.84760				2
2025.05.09	01:11:00.681	0.84760				2
2025.05.09	01:11:07.230		0.84768			4
2025.05.09	01:11:09.318	0.84755	0.84764			6
2025.05.09	01:11:12.302	0.84754	0.84763			6
2025.05.09	01:11:19.156		0.84764			4
2025.05.09	01:11:24.297	0.84755	0.84765			6
2025.05.09	01:11:29.868	0.84754	0.84764			6
2025.05.09	01:11:34.160	0.84756	0.84765			6
2025.05.09	01:11:35.346	0.84755				2
2025.05.09	01:11:36.514	0.84756				2
2025.05.09	01:11:42.011		0.84766			4
2025.05.09	01:11:42.682	0.84757				2
2025.05.09	01:11:47.572	0.84755	0.84765			6
2025.05.09	01:12:00.465	0.84755	0.84766			6
2025.05.09	01:12:03.439	0.84756	0.84767			6
2025.05.09	01:12:13.041	0.84755	0.84766			6
2025.05.09	01:12:17.668	0.84757	0.84767			6
2025.05.09	01:12:29.151	0.84756	0.84766			6
2025.05.09	01:12:33.976	0.84757				2
2025.05.09	01:12:47.625	0.84758	0.84768			6
2025.05.09	01:12:53.464	0.84762	0.84771			6
2025.05.09	01:13:00.764	0.84762				2
2025.05.09	01:13:07.799	0.84759	0.84766			6
2025.05.09	01:13:17.923		0.84767			4
2025.05.09	01:13:18.595	0.84758				2
2025.05.09	01:13:19.376	0.84761				2
2025.05.09	01:13:21.016	0.84759				2
2025.05.09	01:13:21.336	0.84758				2
2025.05.09	01:13:26.478	0.84759				2
2025.05.09	01:13:31.938	0.84756	0.84763			6
2025.05.09	01:14:00.078	0.84756				2
2025.05.09	01:14:04.395		0.84764			4
2025.05.09	01:14:08.778	0.84758	0.84766			6
2025.05.09	01:14:13.576	0.84753	0.84763			6
2025.05.09	01:14:15.329		0.84762			4
2025.05.09	01:14:16.051		0.84761			4
2025.05.09	01:14:25.577		0.84762			4
2025.05.09	01:14:26.438	0.84756	0.84763			6
2025.05.09	01:14:29.669	0.84754				2
2025.05.09	01:14:45.980	0.84755				2
2025.05.09	01:14:48.047	0.84754				2
2025.05.09	01:14:50.176	0.84755				2
2025.05.09	01:15:00.403	0.84755				2
2025.05.09	01:15:03.438	0.84756				2
2025.05.09	01:15:03.862	0.84755				2
2025.05.09	01:15:11.340	0.84756				2
2025.05.09	01:15:13.473	0.84755				2
2025.05.09	01:15:20.762	0.84754				2
2025.05.09	01:15:23.620	0.84753	0.84761			6
2025.05.09	01:15:25.206		0.84762			4
2025.05.09	01:15:26.624	0.84754				2
2025.05.09	01:15:29.774		0.84761			4
2025.05.09	01:15:32.476		0.84762			4
2025.05.09	01:15:35.508	0.84753				2
2025.05.09	01:15:43.734	0.84754				2
2025.05.09	01:15:53.543		0.84761			4
2025.05.09	01:15:53.846	0.84753				2
2025.05.09	01:15:59.196		0.84762			4
2025.05.09	01:16:00.079	0.84753				2
2025.05.09	01:16:00.584	0.84756				2
2025.05.09	01:16:00.900	0.84753				2
2025.05.09	01:16:03.649	0.84754				2
2025.05.09	01:16:10.688	0.84753				2
2025.05.09	01:16:14.863	0.84754				2
2025.05.09	01:16:23.809		0.84764			4
2025.05.09	01:16:24.319	0.84755				2
2025.05.09	01:16:33.678	0.84756				2
2025.05.09	01:16:34.277	0.84757	0.84765			6
2025.05.09	01:16:41.474	0.84758				2
2025.05.09	01:16:41.928	0.84761	0.84768			6
2025.05.09	01:16:43.645	0.84760				2
2025.05.09	01:17:00.515	0.84761				2
2025.05.09	01:17:42.317		0.84768			4
2025.05.09	01:17:48.003		0.84767			4
2025.05.09	01:17:48.311		0.84768			4
2025.05.09	01:17:52.278		0.84767			4
2025.05.09	01:18:00.081	0.84761				2
2025.05.09	01:18:03.556	0.84765	0.84768			6
2025.05.09	01:18:03.887	0.84761	0.84767			6
2025.05.09	01:18:04.931		0.84768			4
2025.05.09	01:18:05.417		0.84767			4
2025.05.09	01:18:21.086	0.84760				2
2025.05.09	01:18:31.443	0.84759				2
2025.05.09	01:18:35.782	0.84760				2
2025.05.09	01:18:38.456	0.84759				2
2025.05.09	01:18:41.234	0.84760				2
2025.05.09	01:18:59.499	0.84759				2
2025.05.09	01:19:00.184	0.84759				2
2025.05.09	01:19:09.458		0.84767			4
2025.05.09	01:19:10.503		0.84768			4
2025.05.09	01:19:14.066	0.84758	0.84767			6
2025.05.09	01:19:15.683	0.84760	0.84769			6
2025.05.09	01:19:16.876		0.84768			4
2025.05.09	01:19:23.859	0.84761				2
2025.05.09	01:19:24.971		0.84769			4
2025.05.09	01:19:29.354		0.84768			4
2025.05.09	01:19:42.955	0.84759				2
2025.05.09	01:19:49.576	0.84760				2
2025.05.09	01:20:00.157	0.84760				2
2025.05.09	01:20:06.433	0.84758	0.84767			6
2025.05.09	01:20:13.375	0.84757				2
2025.05.09	01:20:16.575	0.84758				2
2025.05.09	01:20:28.799	0.84759				2
2025.05.09	01:20:29.841		0.84764			4
2025.05.09	01:20:33.032	0.84760	0.84765			6
2025.05.09	01:20:46.345	0.84762	0.84770			6
2025.05.09	01:20:47.477	0.84763				2
2025.05.09	01:21:00.542	0.84763				2
2025.05.09	01:21:06.998		0.84771			4
2025.05.09	01:21:12.139		0.84770			4
2025.05.09	01:21:23.688		0.84771			4
2025.05.09	01:21:30.981	0.84764				2
2025.05.09	01:21:35.393		0.84770			4
2025.05.09	01:21:37.150		0.84771			4
2025.05.09	01:21:51.248		0.84769			4
2025.05.09	01:22:01.051	0.84765				2
2025.05.09	01:22:07.577	0.84764				2
2025.05.09	01:22:51.389		0.84769			4
2025.05.09	01:23:00.517	0.84764				2
2025.05.09	01:23:01.213	0.84761				2
2025.05.09	01:23:02.406		0.84768			4
2025.05.09	01:23:09.412		0.84769			4
2025.05.09	01:23:16.137		0.84768			4
2025.05.09	01:23:20.477		0.84769			4
2025.05.09	01:23:24.855	0.84760				2
2025.05.09	01:23:29.345	0.84761	0.84770			6
2025.05.09	01:23:43.877	0.84762				2
2025.05.09	01:23:49.091	0.84761				2
2025.05.09	01:23:51.385		0.84769			4
2025.05.09	01:24:00.108	0.84761				2
2025.05.09	01:24:01.177	0.84762				2
2025.05.09	01:24:09.378		0.84770			4
2025.05.09	01:24:12.077		0.84769			4
2025.05.09	01:24:17.950		0.84770			4
2025.05.09	01:24:23.268	0.84763				2
2025.05.09	01:24:27.016	0.84762				2
2025.05.09	01:24:36.727	0.84763				2
2025.05.09	01:24:39.568		0.84771			4
2025.05.09	01:24:41.378	0.84762				2
2025.05.09	01:24:52.936	0.84763				2
2025.05.09	01:24:55.276	0.84764				2
2025.05.09	01:24:57.156		0.84773			4
2025.05.09	01:24:57.958	0.84765	0.84772			6
2025.05.09	01:24:59.284	0.84764	0.84771			6
2025.05.09	01:25:00.415	0.84765				2
2025.05.09	01:25:03.442	0.84764				2
2025.05.09	01:25:04.201		0.84769			4
2025.05.09	01:25:06.502	0.84765				2
2025.05.09	01:25:12.737		0.84770			4
2025.05.09	01:25:22.827		0.84769			4
2025.05.09	01:25:24.258	0.84763	0.84770			6
2025.05.09	01:25:26.177	0.84764	0.84771			6
2025.05.09	01:25:28.424	0.84763				2
2025.05.09	01:25:28.900		0.84770			4
2025.05.09	01:25:32.705	0.84764				2
2025.05.09	01:25:34.402	0.84763				2
2025.05.09	01:25:34.941	0.84764				2
2025.05.09	01:25:35.924		0.84771			4
2025.05.09	01:25:38.727	0.84763				2
2025.05.09	01:25:39.980		0.84770			4
2025.05.09	01:25:45.418		0.84771			4
2025.05.09	01:25:50.329	0.84764				2
2025.05.09	01:25:51.077		0.84770			4
2025.05.09	01:26:00.584	0.84764	0.84771			6
2025.05.09	01:26:03.905		0.84770			4
2025.05.09	01:26:06.611	0.84765	0.84769			6
2025.05.09	01:26:07.929		0.84771			4
2025.05.09	01:26:10.629	0.84766	0.84770			6
2025.05.09	01:26:24.676	0.84764	0.84769			6
2025.05.09	01:26:24.980	0.84763				2
2025.05.09	01:26:25.527	0.84764				2
2025.05.09	01:26:27.792		0.84770			4
2025.05.09	01:26:44.719		0.84768			4
2025.05.09	01:26:46.332		0.84769			4
2025.05.09	01:26:57.046		0.84768			4
2025.05.09	01:26:57.454		0.84769			4
2025.05.09	01:27:00.584	0.84764				2
2025.05.09	01:27:06.326	0.84765				2
2025.05.09	01:27:08.188	0.84761	0.84766			6
2025.05.09	01:27:12.269		0.84768			4
2025.05.09	01:27:17.019		0.84769			4
2025.05.09	01:27:19.576	0.84762				2
2025.05.09	01:27:24.993		0.84768			4
2025.05.09	01:27:26.784		0.84769			4
2025.05.09	01:27:36.162	0.84764				2
2025.05.09	01:28:00.311	0.84764				2
2025.05.09	01:28:03.374	0.84766				2
2025.05.09	01:28:03.688	0.84765				2
2025.05.09	01:28:04.023	0.84764				2
2025.05.09	01:28:04.975	0.84763				2
2025.05.09	01:28:06.800		0.84770			4
2025.05.09	01:28:11.175	0.84764				2
2025.05.09	01:28:11.645		0.84769			4
2025.05.09	01:28:12.760	0.84759	0.84768			6
2025.05.09	01:28:14.756	0.84761	0.84770			6
2025.05.09	01:28:15.059	0.84759				2
2025.05.09	01:28:15.570		0.84769			4
2025.05.09	01:28:32.238	0.84758	0.84768			6
2025.05.09	01:28:34.321	0.84759	0.84767			6
2025.05.09	01:28:34.813	0.84758				2
2025.05.09	01:28:48.382	0.84759				2
2025.05.09	01:28:49.859	0.84758				2
2025.05.09	01:28:51.891	0.84759				2
2025.05.09	01:29:01.118	0.84759				2
2025.05.09	01:29:05.602		0.84768			4
2025.05.09	01:29:06.619	0.84758	0.84767			6
2025.05.09	01:29:07.399	0.84757	0.84766			6
2025.05.09	01:29:12.568		0.84765			4
2025.05.09	01:29:20.351	0.84758				2
2025.05.09	01:29:20.923		0.84766			4
2025.05.09	01:29:31.124	0.84759				2
2025.05.09	01:29:33.935	0.84756	0.84765			6
2025.05.09	01:29:34.880	0.84754	0.84762			6
2025.05.09	01:29:35.795	0.84753				2
2025.05.09	01:29:45.534	0.84754				2
2025.05.09	01:29:57.950	0.84755				2
2025.05.09	01:30:00.309	0.84755	0.84761			6
2025.05.09	01:30:01.851	0.84756	0.84762			6
2025.05.09	01:30:02.242	0.84759				2
2025.05.09	01:30:03.197	0.84758	0.84761			6
2025.05.09	01:30:04.711	0.84756	0.84762			6
2025.05.09	01:30:08.236	0.84755				2
2025.05.09	01:30:09.852	0.84756				2
2025.05.09	01:30:10.805	0.84755				2
2025.05.09	01:30:21.883	0.84756				2
2025.05.09	01:30:31.227	0.84757	0.84763			6
2025.05.09	01:30:48.422	0.84759	0.84764			6
2025.05.09	01:30:49.799	0.84757				2
2025.05.09	01:30:54.377	0.84758				2
2025.05.09	01:30:59.860	0.84757	0.84763			6
2025.05.09	01:31:00.483	0.84758				2
2025.05.09	01:31:00.990	0.84756	0.84761			6
2025.05.09	01:31:01.455	0.84763	0.84764			6
2025.05.09	01:31:02.194	0.84760				2
2025.05.09	01:31:03.803	0.84763				2
2025.05.09	01:31:04.877	0.84761				2
2025.05.09	01:31:14.944	0.84764	0.84765			6
2025.05.09	01:31:15.265	0.84765	0.84766			6
2025.05.09	01:31:15.631		0.84768			4
2025.05.09	01:31:20.650	0.84761	0.84767			6
2025.05.09	01:31:28.261		0.84766			4
2025.05.09	01:31:28.702		0.84765			4
2025.05.09	01:31:30.708		0.84766			4
2025.05.09	01:31:32.779	0.84763				2
2025.05.09	01:31:33.242		0.84767			4
2025.05.09	01:31:33.551	0.84765	0.84768			6
2025.05.09	01:31:33.856		0.84770			4
2025.05.09	01:31:35.293	0.84761	0.84767			6
2025.05.09	01:31:40.763	0.84763				2
2025.05.09	01:31:43.398	0.84764				2
2025.05.09	01:31:43.886	0.84763				2
2025.05.09	01:31:56.477		0.84768			4
2025.05.09	01:31:57.776		0.84767			4
2025.05.09	01:31:58.401	0.84762	0.84768			6
2025.05.09	01:32:00.743	0.84762				2
2025.05.09	01:32:06.200	0.84764	0.84769			6
2025.05.09	01:32:10.079	0.84765				2
2025.05.09	01:32:10.672		0.84770			4
2025.05.09	01:32:19.872	0.84763	0.84769			6
2025.05.09	01:32:20.470	0.84764				2
2025.05.09	01:32:24.126		0.84770			4
2025.05.09	01:32:32.453	0.84765				2
2025.05.09	01:32:32.952	0.84764				2
2025.05.09	01:32:38.413	0.84765	0.84771			6
2025.05.09	01:32:39.062	0.84764				2
2025.05.09	01:32:42.488		0.84770			4
2025.05.09	01:33:00.621	0.84764				2
2025.05.09	01:33:09.707	0.84765	0.84769			6
2025.05.09	01:33:10.020		0.84770			4
2025.05.09	01:33:12.524		0.84771			4
2025.05.09	01:33:30.024	0.84766				2
2025.05.09	01:33:30.440	0.84767				2
2025.05.09	01:33:33.102	0.84768	0.84773			6
2025.05.09	01:33:40.577		0.84772			4
2025.05.09	01:33:41.263		0.84773			4
2025.05.09	01:33:41.577		0.84772			4
2025.05.09	01:33:42.224	0.84767	0.84770			6
2025.05.09	01:33:45.377	0.84768				2
2025.05.09	01:33:45.859		0.84771			4
2025.05.09	01:33:46.183	0.84769	0.84770			6
2025.05.09	01:33:47.456		0.84771			4
2025.05.09	01:33:53.891	0.84768				2
2025.05.09	01:34:00.856	0.84768				2
2025.05.09	01:34:02.440		0.84770			4
2025.05.09	01:34:09.060	0.84765	0.84771			6
2025.05.09	01:34:11.452	0.84766	0.84772			6
2025.05.09	01:34:12.649	0.84765				2
2025.05.09	01:34:14.341		0.84771			4
2025.05.09	01:34:20.357	0.84764				2
2025.05.09	01:34:22.124	0.84768	0.84773			6
2025.05.09	01:34:22.975	0.84769	0.84774			6
2025.05.09	01:34:23.356	0.84768				2
2025.05.09	01:34:24.106	0.84767				2
2025.05.09	01:34:24.867	0.84766	0.84772			6
2025.05.09	01:34:26.100		0.84773			4
2025.05.09	01:34:30.052		0.84772			4
2025.05.09	01:34:35.126	0.84765	0.84771			6
2025.05.09	01:34:36.835		0.84772			4
2025.05.09	01:34:38.331		0.84771			4
2025.05.09	01:34:39.597		0.84772			4
2025.05.09	01:34:45.071		0.84771			4
2025.05.09	01:34:49.457	0.84763	0.84769			6
2025.05.09	01:34:52.389		0.84768			4
2025.05.09	01:35:00.378	0.84763				2
2025.05.09	01:35:00.682	0.84764				2
2025.05.09	01:35:01.197	0.84762	0.84767			6
2025.05.09	01:35:09.298	0.84763	0.84768			6
2025.05.09	01:35:09.920	0.84762				2
2025.05.09	01:35:12.741	0.84763	0.84769			6
2025.05.09	01:35:13.047		0.84768			4
2025.05.09	01:35:22.360	0.84764				2
2025.05.09	01:35:24.678	0.84761	0.84764			6
2025.05.09	01:35:28.834	0.84759				2
2025.05.09	01:35:34.847		0.84763			4
2025.05.09	01:35:39.462	0.84760	0.84766			6
2025.05.09	01:35:51.022	0.84759	0.84765			6
2025.05.09	01:35:52.968	0.84760				2
2025.05.09	01:35:53.691		0.84766			4
2025.05.09	01:35:57.608	0.84759				2
2025.05.09	01:35:58.835		0.84765			4
2025.05.09	01:36:00.376	0.84759				2
2025.05.09	01:36:02.159	0.84758	0.84766			6
2025.05.09	01:36:02.495	0.84759				2
2025.05.09	01:36:07.319	0.84758	0.84761			6
2025.05.09	01:36:15.043		0.84764			4
2025.05.09	01:36:26.083	0.84759	0.84765			6
2025.05.09	01:36:26.399		0.84766			4
2025.05.09	01:36:28.660		0.84767			4
2025.05.09	01:36:28.978		0.84766			4
2025.05.09	01:36:29.376	0.84760				2
2025.05.09	01:36:37.669	0.84761	0.84767			6
2025.05.09	01:36:45.441	0.84759	0.84765			6
2025.05.09	01:36:46.026	0.84760				2
2025.05.09	01:36:49.891		0.84764			4
2025.05.09	01:36:50.921		0.84766			4
2025.05.09	01:36:55.904	0.84759	0.84765			6
2025.05.09	01:36:56.490	0.84758				2
2025.05.09	01:36:57.380	0.84759	0.84766			6
2025.05.09	01:37:00.378	0.84759				2
2025.05.09	01:37:01.943	0.84760				2
2025.05.09	01:37:14.547	0.84761				2
2025.05.09	01:37:21.069	0.84760				2
2025.05.09	01:37:22.088		0.84765			4
2025.05.09	01:37:29.980		0.84766			4
2025.05.09	01:37:31.077		0.84765			4
2025.05.09	01:37:32.193	0.84759				2
2025.05.09	01:37:36.585	0.84760	0.84766			6
2025.05.09	01:37:43.307	0.84757	0.84763			6
2025.05.09	01:37:43.631		0.84760			4
2025.05.09	01:37:44.063	0.84758				2
2025.05.09	01:37:48.768		0.84761			4
2025.05.09	01:38:00.201	0.84758	0.84762			6
2025.05.09	01:38:03.316	0.84759				2
2025.05.09	01:38:04.748		0.84764			4
2025.05.09	01:38:15.609	0.84760				2
2025.05.09	01:38:28.208		0.84763			4
2025.05.09	01:38:32.109		0.84764			4
2025.05.09	01:38:32.966		0.84765			4
2025.05.09	01:38:36.818	0.84758	0.84764			6
2025.05.09	01:38:39.012	0.84759				2
2025.05.09	01:38:41.187		0.84765			4
2025.05.09	01:39:01.884	0.84759				2
2025.05.09	01:39:19.260	0.84760	0.84766			6
2025.05.09	01:39:32.623	0.84761				2
2025.05.09	01:39:41.053		0.84765			4
2025.05.09	01:39:43.764	0.84760				2
2025.05.09	01:39:44.565	0.84759				2
2025.05.09	01:39:49.059		0.84762			4
2025.05.09	01:39:50.785	0.84760				2
2025.05.09	01:39:55.936	0.84758				2
2025.05.09	01:39:58.060		0.84764			4
2025.05.09	01:40:00.620	0.84758				2
2025.05.09	01:40:04.967	0.84759				2
2025.05.09	01:40:10.264		0.84765			4
2025.05.09	01:40:12.792		0.84764			4
2025.05.09	01:40:15.990	0.84761				2
2025.05.09	01:40:16.656		0.84765			4
2025.05.09	01:40:22.789	0.84763	0.84767			6
2025.05.09	01:40:24.309		0.84768			4
2025.05.09	01:40:27.937	0.84762	0.84766			6
2025.05.09	01:40:30.861	0.84763				2
2025.05.09	01:40:32.962		0.84767			4
2025.05.09	01:40:46.922	0.84765				2
2025.05.09	01:40:47.847	0.84764				2
2025.05.09	01:40:51.906	0.84763	0.84766			6
2025.05.09	01:41:02.022	0.84763	0.84765			6
2025.05.09	01:41:03.395		0.84766			4
2025.05.09	01:41:06.286		0.84765			4
2025.05.09	01:41:46.972	0.84764				2
2025.05.09	01:41:51.925		0.84766			4
2025.05.09	01:41:59.864	0.84762	0.84765			6
2025.05.09	01:42:00.179	0.84761				2
2025.05.09	01:42:00.840	0.84762				2
2025.05.09	01:42:01.353	0.84761				2
2025.05.09	01:42:03.127	0.84759				2
2025.05.09	01:42:03.759	0.84760				2
2025.05.09	01:42:04.581	0.84759				2
2025.05.09	01:42:06.693		0.84764			4
2025.05.09	01:42:09.175	0.84757	0.84761			6
2025.05.09	01:42:09.876	0.84758				2
2025.05.09	01:42:14.557		0.84764			4
2025.05.09	01:42:24.142	0.84757	0.84763			6
2025.05.09	01:42:25.495	0.84756	0.84762			6
2025.05.09	01:42:27.841	0.84757	0.84763			6
2025.05.09	01:42:55.056		0.84761			4
2025.05.09	01:42:56.090	0.84758				2
2025.05.09	01:43:01.366	0.84758				2
2025.05.09	01:43:03.901	0.84759				2
2025.05.09	01:43:04.216	0.84757				2
2025.05.09	01:43:10.010	0.84756				2
2025.05.09	01:43:25.624	0.84757				2
2025.05.09	01:43:31.219	0.84758				2
2025.05.09	01:43:42.606	0.84757				2
2025.05.09	01:43:51.284	0.84758				2
2025.05.09	01:43:55.146		0.84761			4
2025.05.09	01:43:59.560	0.84759	0.84764			6
2025.05.09	01:44:03.125	0.84759	0.84762			6
2025.05.09	01:44:07.594	0.84761	0.84765			6
2025.05.09	01:44:11.546	0.84760				2
2025.05.09	01:44:16.959	0.84761	0.84767			6
2025.05.09	01:44:23.482		0.84766			4
2025.05.09	01:44:25.281		0.84767			4
2025.05.09	01:44:25.716	0.84763	0.84768			6
2025.05.09	01:44:26.660	0.84762	0.84767			6
2025.05.09	01:44:31.514		0.84768			4
2025.05.09	01:44:33.041		0.84767			4
2025.05.09	01:44:33.387	0.84764	0.84768			6
2025.05.09	01:44:38.224	0.84763	0.84770			6
2025.05.09	01:44:38.538		0.84769			4
2025.05.09	01:44:39.140		0.84768			4
2025.05.09	01:44:40.185	0.84764				2
2025.05.09	01:44:40.606		0.84769			4
2025.05.09	01:44:42.434	0.84763	0.84768			6
2025.05.09	01:44:47.093	0.84762				2
2025.05.09	01:44:55.449	0.84763				2
2025.05.09	01:44:56.265	0.84762				2
2025.05.09	01:45:01.072	0.84762	0.84767			6
2025.05.09	01:45:04.681	0.84761	0.84766			6
2025.05.09	01:45:05.953		0.84767			4
2025.05.09	01:45:10.873	0.84762				2
2025.05.09	01:45:12.905		0.84768			4
2025.05.09	01:45:13.541	0.84763				2
2025.05.09	01:45:17.301		0.84767			4
2025.05.09	01:45:17.686	0.84764				2
2025.05.09	01:45:22.893		0.84768			4
2025.05.09	01:45:28.381		0.84769			4
2025.05.09	01:45:31.167	0.84765				2
2025.05.09	01:45:31.992	0.84764	0.84768			6
2025.05.09	01:45:37.092	0.84765				2
2025.05.09	01:45:37.411	0.84764	0.84767			6
2025.05.09	01:45:37.744		0.84768			4
2025.05.09	01:45:46.496		0.84769			4
2025.05.09	01:45:47.678		0.84768			4
2025.05.09	01:45:48.431		0.84767			4
2025.05.09	01:46:00.746	0.84764				2
2025.05.09	01:46:05.250	0.84766	0.84769			6
2025.05.09	01:46:05.599		0.84768			4
2025.05.09	01:46:06.457	0.84767	0.84770			6
2025.05.09	01:46:07.011	0.84766	0.84768			6
2025.05.09	01:46:13.972	0.84765				2
2025.05.09	01:46:23.091	0.84766				2
2025.05.09	01:46:28.311		0.84767			4
2025.05.09	01:46:29.669		0.84768			4
2025.05.09	01:46:39.952		0.84767			4
2025.05.09	01:46:40.917		0.84768			4
2025.05.09	01:46:47.782	0.84767				2
2025.05.09	01:46:50.985	0.84760	0.84765			6
2025.05.09	01:46:51.406	0.84759				2
2025.05.09	01:46:51.723		0.84764			4
2025.05.09	01:46:57.602	0.84758				2
2025.05.09	01:46:59.017		0.84763			4
2025.05.09	01:47:00.179	0.84758				2
2025.05.09	01:47:03.467	0.84757	0.84762			6
2025.05.09	01:47:04.794	0.84756				2
2025.05.09	01:47:11.388		0.84761			4
2025.05.09	01:47:28.785	0.84755				2
2025.05.09	01:47:30.322	0.84756				2
2025.05.09	01:47:31.447	0.84757				2
2025.05.09	01:47:48.939		0.84762			4
2025.05.09	01:47:51.137	0.84758				2
2025.05.09	01:47:58.330	0.84756				2
2025.05.09	01:48:00.247	0.84756				2
2025.05.09	01:48:01.425	0.84755	0.84761			6
2025.05.09	01:48:05.219	0.84756	0.84762			6
2025.05.09	01:48:06.324	0.84757				2
2025.05.09	01:48:41.776	0.84758				2
2025.05.09	01:49:00.552	0.84758				2
2025.05.09	01:49:03.757	0.84757				2
2025.05.09	01:49:07.032	0.84758	0.84763			6
2025.05.09	01:49:09.649		0.84762			4
2025.05.09	01:49:10.783		0.84763			4
2025.05.09	01:49:20.961		0.84762			4
2025.05.09	01:49:37.382	0.84759	0.84763			6
2025.05.09	01:49:54.676		0.84762			4
2025.05.09	01:49:58.903	0.84761	0.84763			6
2025.05.09	01:49:59.657	0.84758	0.84762			6
2025.05.09	01:50:01.566	0.84758	0.84763			6
2025.05.09	01:50:10.996	0.84760	0.84765			6
2025.05.09	01:50:13.513		0.84764			4
2025.05.09	01:50:43.332	0.84761				2
2025.05.09	01:50:47.489	0.84760				2
2025.05.09	01:50:47.793	0.84759				2
2025.05.09	01:50:49.884	0.84762				2
2025.05.09	01:50:55.896	0.84761				2
2025.05.09	01:51:00.634	0.84759				2
2025.05.09	01:51:06.426	0.84760				2
2025.05.09	01:51:06.931		0.84765			4
2025.05.09	01:51:08.241	0.84759	0.84764			6
2025.05.09	01:51:08.730		0.84763			4
2025.05.09	01:51:10.317		0.84764			4
2025.05.09	01:51:10.628	0.84760				2
2025.05.09	01:51:11.702	0.84759	0.84763			6
2025.05.09	01:51:26.134	0.84758	0.84762			6
2025.05.09	01:51:32.558		0.84763			4
2025.05.09	01:52:00.414	0.84759				2
2025.05.09	01:52:00.720		0.84762			4
2025.05.09	01:52:04.991	0.84760	0.84763			6
2025.05.09	01:52:07.615	0.84758	0.84762			6
2025.05.09	01:52:18.846		0.84763			4
2025.05.09	01:52:25.406	0.84757	0.84762			6
2025.05.09	01:53:00.422	0.84757				2
2025.05.09	01:53:02.517	0.84756				2
2025.05.09	01:53:02.921	0.84757				2
2025.05.09	01:53:03.904	0.84756				2
2025.05.09	01:53:08.537	0.84757				2
2025.05.09	01:53:21.583	0.84758				2
2025.05.09	01:53:32.710		0.84762			4
2025.05.09	01:53:57.244		0.84763			4
2025.05.09	01:53:57.754	0.84757	0.84762			6
2025.05.09	01:54:00.204	0.84757				2
2025.05.09	01:54:01.936	0.84758				2
2025.05.09	01:54:08.324		0.84763			4
2025.05.09	01:54:14.354	0.84759				2
2025.05.09	01:54:15.941		0.84762			4
2025.05.09	01:54:27.127	0.84758				2
2025.05.09	01:54:37.335	0.84757				2
2025.05.09	01:54:43.338	0.84758				2
2025.05.09	01:54:44.308		0.84763			4
2025.05.09	01:54:45.329	0.84761	0.84765			6
2025.05.09	01:54:51.780	0.84760	0.84764			6
2025.05.09	01:54:54.915	0.84761				2
2025.05.09	01:54:56.352	0.84760				2
2025.05.09	01:55:00.374	0.84760				2
2025.05.09	01:55:08.884		0.84765			4
2025.05.09	01:55:16.437	0.84761				2
2025.05.09	01:55:18.998		0.84766			4
2025.05.09	01:55:26.012	0.84762				2
2025.05.09	01:55:27.900	0.84761				2
2025.05.09	01:55:34.889	0.84760	0.84765			6
2025.05.09	01:55:36.457		0.84764			4
2025.05.09	01:55:37.049	0.84759				2
2025.05.09	01:55:43.072	0.84760				2
2025.05.09	01:55:45.542	0.84761	0.84765			6
2025.05.09	01:56:00.025	0.84761				2
2025.05.09	01:56:08.772		0.84764			4
2025.05.09	01:56:09.271		0.84765			4
2025.05.09	01:56:19.877		0.84763			4
2025.05.09	01:56:20.492		0.84764			4
2025.05.09	01:56:24.422	0.84759				2
2025.05.09	01:56:25.695	0.84760				2
2025.05.09	01:56:28.444	0.84762				2
2025.05.09	01:56:40.655	0.84760				2
2025.05.09	01:56:42.570		0.84765			4
2025.05.09	01:56:46.175		0.84764			4
2025.05.09	01:56:52.412	0.84762				2
2025.05.09	01:56:53.257		0.84765			4
2025.05.09	01:56:58.956	0.84761				2
2025.05.09	01:57:00.448	0.84761				2
2025.05.09	01:57:03.182	0.84766	0.84769			6
2025.05.09	01:57:06.019	0.84764	0.84768			6
2025.05.09	01:57:14.381		0.84767			4
2025.05.09	01:57:15.104	0.84766	0.84768			6
2025.05.09	01:57:15.575		0.84769			4
2025.05.09	01:57:20.068	0.84765	0.84770			6
2025.05.09	01:57:21.857	0.84766				2
2025.05.09	01:57:22.379		0.84771			4
2025.05.09	01:57:22.876	0.84767				2
2025.05.09	01:57:24.511	0.84765	0.84770			6
2025.05.09	01:57:43.309	0.84766				2
2025.05.09	01:57:56.518	0.84765				2
2025.05.09	01:58:01.032	0.84766				2
2025.05.09	01:58:05.703		0.84771			4
2025.05.09	01:58:06.041	0.84765	0.84769			6
2025.05.09	01:58:06.531		0.84770			4
2025.05.09	01:58:10.170		0.84769			4
2025.05.09	01:58:12.443	0.84766	0.84770			6
2025.05.09	01:58:14.242	0.84765	0.84769			6
2025.05.09	01:58:15.092		0.84770			4
2025.05.09	01:58:23.575	0.84766				2
2025.05.09	01:58:34.100	0.84765				2
2025.05.09	01:58:42.292	0.84766				2
2025.05.09	01:58:43.128	0.84765	0.84769			6
2025.05.09	01:58:43.552	0.84764				2
2025.05.09	01:58:45.591	0.84765				2
2025.05.09	01:58:47.064	0.84764				2
2025.05.09	01:58:54.377		0.84767			4
2025.05.09	01:58:54.678	0.84762				2
2025.05.09	01:58:57.498	0.84764	0.84768			6
2025.05.09	01:58:57.896	0.84763	0.84767			6
2025.05.09	01:59:00.385	0.84763				2
2025.05.09	01:59:05.019		0.84768			4
2025.05.09	01:59:05.426		0.84767			4
2025.05.09	01:59:16.219	0.84762				2
2025.05.09	01:59:42.415	0.84765	0.84770			6
2025.05.09	02:00:00.315	0.84767	0.84771			6
2025.05.09	02:00:01.140		0.84772			4
2025.05.09	02:00:01.449	0.84768				2
2025.05.09	02:00:01.888		0.84773			4
2025.05.09	02:00:02.380	0.84767	0.84771			6
2025.05.09	02:00:07.116	0.84766	0.84770			6
2025.05.09	02:00:07.753	0.84767				2
2025.05.09	02:00:09.141		0.84771			4
2025.05.09	02:00:10.222	0.84764	0.84768			6
2025.05.09	02:00:10.542	0.84763	0.84767			6
2025.05.09	02:00:13.375		0.84768			4
2025.05.09	02:00:14.861		0.84767			4
2025.05.09	02:00:15.415		0.84766			4
2025.05.09	02:00:16.813		0.84767			4
2025.05.09	02:00:28.227	0.84762				2
2025.05.09	02:00:34.117		0.84768			4
2025.05.09	02:00:34.721	0.84759	0.84765			6
2025.05.09	02:00:35.053	0.84758	0.84767			6
2025.05.09	02:00:35.639		0.84765			4
2025.05.09	02:00:38.333	0.84759				2
2025.05.09	02:00:45.748	0.84761	0.84767			6
2025.05.09	02:00:46.982		0.84768			4
2025.05.09	02:00:48.378	0.84760				2
2025.05.09	02:00:59.098	0.84761				2
2025.05.09	02:01:00.277	0.84761				2
2025.05.09	02:01:02.820		0.84769			4
2025.05.09	02:01:03.141	0.84760	0.84767			6
2025.05.09	02:01:03.971	0.84761	0.84768			6
2025.05.09	02:01:07.494		0.84767			4
2025.05.09	02:01:08.050	0.84762				2
2025.05.09	02:01:08.626	0.84760	0.84766			6
2025.05.09	02:01:10.974	0.84759				2
2025.05.09	02:01:15.217		0.84767			4
2025.05.09	02:01:16.395		0.84765			4
2025.05.09	02:01:18.330	0.84756	0.84764			6
2025.05.09	02:01:18.701	0.84759				2
2025.05.09	02:01:19.031		0.84762			4
2025.05.09	02:01:19.437	0.84757				2
2025.05.09	02:01:19.774	0.84758				2
2025.05.09	02:01:23.381	0.84756	0.84761			6
2025.05.09	02:01:26.850	0.84755				2
2025.05.09	02:01:27.633	0.84756				2
2025.05.09	02:01:32.877	0.84755				2
2025.05.09	02:01:34.961	0.84756				2
2025.05.09	02:01:35.616	0.84757				2
2025.05.09	02:01:41.444	0.84756				2
2025.05.09	02:01:42.154	0.84757				2
2025.05.09	02:01:45.132		0.84762			4
2025.05.09	02:01:54.931	0.84758				2
2025.05.09	02:01:55.306		0.84763			4
2025.05.09	02:01:55.711		0.84762			4
2025.05.09	02:02:03.724	0.84758				2
2025.05.09	02:02:06.134		0.84761			4
2025.05.09	02:02:06.441		0.84763			4
2025.05.09	02:02:06.819	0.84759				2
2025.05.09	02:02:12.714	0.84756	0.84758			6
2025.05.09	02:02:13.020		0.84759			4
2025.05.09	02:02:13.391	0.84757				2
2025.05.09	02:02:19.689	0.84755				2
2025.05.09	02:02:22.388	0.84757	0.84758			6
2025.05.09	02:02:23.956		0.84759			4
2025.05.09	02:02:27.021		0.84760			4
2025.05.09	02:02:29.830	0.84758	0.84759			6
2025.05.09	02:02:30.149		0.84760			4
2025.05.09	02:02:30.726	0.84759				2
2025.05.09	02:02:34.781		0.84761			4
2025.05.09	02:02:35.319	0.84754				2
2025.05.09	02:02:35.639	0.84755	0.84759			6
2025.05.09	02:02:36.297	0.84758				2
2025.05.09	02:02:37.702		0.84760			4
2025.05.09	02:02:38.054		0.84761			4
2025.05.09	02:02:39.365		0.84759			4
2025.05.09	02:02:40.975		0.84761			4
2025.05.09	02:02:42.398		0.84759			4
2025.05.09	02:02:42.959		0.84761			4
2025.05.09	02:02:43.811		0.84760			4
2025.05.09	02:02:46.474	0.84755	0.84756			6
2025.05.09	02:02:46.780	0.84754				2
2025.05.09	02:02:51.076	0.84756	0.84758			6
2025.05.09	02:02:51.378	0.84757	0.84759			6
2025.05.09	02:02:54.115		0.84758			4
2025.05.09	02:02:54.596	0.84755	0.84757			6
2025.05.09	02:02:54.912	0.84757	0.84758			6
2025.05.09	02:03:00.393	0.84757				2
2025.05.09	02:03:03.436		0.84759			4
2025.05.09	02:03:04.075	0.84756				2
2025.05.09	02:03:05.428		0.84758			4
2025.05.09	02:03:10.887	0.84754				2
2025.05.09	02:03:11.453	0.84753				2
2025.05.09	02:03:12.277	0.84754				2
2025.05.09	02:03:14.692		0.84756			4
2025.05.09	02:03:16.382	0.84753				2
2025.05.09	02:03:16.880	0.84755				2
2025.05.09	02:03:18.766	0.84753	0.84755			6
2025.05.09	02:03:20.148	0.84756	0.84757			6
2025.05.09	02:03:20.460	0.84757	0.84758			6
2025.05.09	02:03:21.548	0.84755	0.84756			6
2025.05.09	02:03:24.859	0.84754	0.84755			6
2025.05.09	02:03:30.058	0.84753				2
2025.05.09	02:03:36.157	0.84755	0.84756			6
2025.05.09	02:03:39.044	0.84753	0.84755			6
2025.05.09	02:03:43.340	0.84752				2
2025.05.09	02:03:55.122	0.84753				2
2025.05.09	02:03:58.164	0.84750	0.84752			6
2025.05.09	02:03:58.479		0.84754			4
2025.05.09	02:04:00.395	0.84751				2
2025.05.09	02:04:00.841	0.84750				2
2025.05.09	02:04:01.383	0.84751				2
2025.05.09	02:04:01.879	0.84752				2
2025.05.09	02:04:02.226	0.84753				2
2025.05.09	02:04:02.751	0.84752				2
2025.05.09	02:04:03.826	0.84751				2
2025.05.09	02:04:04.287	0.84752				2
2025.05.09	02:04:11.056		0.84753			4
2025.05.09	02:04:20.256	0.84753	0.84754			6
2025.05.09	02:04:22.463		0.84755			4
2025.05.09	02:04:26.387	0.84752	0.84754			6
2025.05.09	02:04:29.116	0.84753	0.84755			6
2025.05.09	02:04:30.465		0.84757			4
2025.05.09	02:04:42.561	0.84755	0.84758			6
2025.05.09	02:04:52.810		0.84759			4
2025.05.09	02:04:57.421	0.84754	0.84758			6
2025.05.09	02:05:00.389	0.84754				2
2025.05.09	02:05:12.831	0.84755				2
2025.05.09	02:05:28.076	0.84759	0.84763			6
2025.05.09	02:05:28.430	0.84757	0.84761			6
2025.05.09	02:05:28.803		0.84758			4
2025.05.09	02:05:34.043		0.84759			4
2025.05.09	02:05:37.569	0.84756	0.84758			6
2025.05.09	02:05:37.885	0.84754				2
2025.05.09	02:05:52.925	0.84755				2
2025.05.09	02:05:54.437		0.84757			4
2025.05.09	02:05:57.934	0.84754				2
2025.05.09	02:06:01.580	0.84754	0.84756			6
2025.05.09	02:06:09.235		0.84757			4
2025.05.09	02:06:09.763	0.84753				2
2025.05.09	02:06:10.084		0.84756			4
2025.05.09	02:06:21.787		0.84757			4
2025.05.09	02:06:22.731		0.84756			4
2025.05.09	02:07:00.368	0.84753				2
2025.05.09	02:07:13.696	0.84754				2
2025.05.09	02:07:23.586		0.84756			4
2025.05.09	02:07:33.297		0.84757			4
2025.05.09	02:07:40.262	0.84756				2
2025.05.09	02:07:59.332	0.84754				2
2025.05.09	02:08:01.276	0.84754				2
2025.05.09	02:08:11.055	0.84755				2
2025.05.09	02:08:15.151	0.84754	0.84756			6
2025.05.09	02:08:22.479		0.84757			4
2025.05.09	02:08:23.087	0.84755	0.84758			6
2025.05.09	02:08:23.956		0.84757			4
2025.05.09	02:08:24.347	0.84756	0.84758			6
2025.05.09	02:08:25.079	0.84757	0.84759			6
2025.05.09	02:08:26.073	0.84758				2
2025.05.09	02:08:32.578	0.84759	0.84760			6
2025.05.09	02:08:36.775	0.84758	0.84759			6
2025.05.09	02:08:41.946	0.84757				2
2025.05.09	02:08:56.873	0.84759	0.84760			6
2025.05.09	02:08:58.997	0.84757	0.84759			6
2025.05.09	02:09:00.360	0.84758				2
2025.05.09	02:09:09.153	0.84760	0.84761			6
2025.05.09	02:09:10.813	0.84761	0.84762			6
2025.05.09	02:09:11.122	0.84760	0.84761			6
2025.05.09	02:09:15.776	0.84761	0.84762			6
2025.05.09	02:09:16.512	0.84760	0.84761			6
2025.05.09	02:09:25.508	0.84762	0.84763			6
2025.05.09	02:09:25.868	0.84763	0.84764			6
2025.05.09	02:09:27.416	0.84764	0.84765			6
2025.05.09	02:09:31.875	0.84763	0.84764			6
2025.05.09	02:09:47.113	0.84766	0.84767			6
2025.05.09	02:10:00.781	0.84766				2
2025.05.09	02:10:04.573	0.84763	0.84765			6
2025.05.09	02:10:13.284	0.84764				2
2025.05.09	02:10:13.977	0.84762	0.84763			6
2025.05.09	02:10:15.371		0.84765			4
2025.05.09	02:10:58.345		0.84764			4
2025.05.09	02:11:00.356	0.84762				2
2025.05.09	02:11:13.937	0.84764	0.84765			6
2025.05.09	02:11:21.846	0.84767	0.84768			6
2025.05.09	02:11:33.373	0.84768	0.84769			6
2025.05.09	02:11:38.370	0.84767	0.84768			6
2025.05.09	02:11:47.836	0.84766	0.84767			6
2025.05.09	02:12:00.971	0.84766				2
2025.05.09	02:12:01.572	0.84767	0.84768			6
2025.05.09	02:12:11.381	0.84766	0.84767			6
2025.05.09	02:12:12.408	0.84765	0.84766			6
2025.05.09	02:12:41.052	0.84764	0.84765			6
2025.05.09	02:12:58.546	0.84762	0.84764			6
2025.05.09	02:13:00.723	0.84762				2
2025.05.09	02:13:18.173	0.84764	0.84765			6
2025.05.09	02:13:30.837		0.84766			4
2025.05.09	02:13:37.724	0.84766	0.84767			6
2025.05.09	02:13:47.807	0.84765	0.84766			6
2025.05.09	02:13:48.129	0.84767	0.84768			6
2025.05.09	02:13:48.451	0.84766	0.84767			6
2025.05.09	02:14:00.092	0.84766				2
2025.05.09	02:14:07.206	0.84767	0.84768			6
2025.05.09	02:14:08.742	0.84766	0.84767			6
2025.05.09	02:14:10.919	0.84767	0.84768			6
2025.05.09	02:14:14.530	0.84765	0.84766			6
2025.05.09	02:14:16.591	0.84764				2
2025.05.09	02:14:33.146	0.84765				2
2025.05.09	02:14:40.367	0.84766	0.84767			6
2025.05.09	02:14:58.048	0.84768	0.84769			6
2025.05.09	02:15:01.556	0.84768				2
2025.05.09	02:15:06.525	0.84767	0.84768			6
2025.05.09	02:15:16.542	0.84768	0.84769			6
2025.05.09	02:15:42.400	0.84767	0.84768			6
2025.05.09	02:15:42.721	0.84763	0.84764			6
2025.05.09	02:15:49.933	0.84759	0.84762			6
2025.05.09	02:15:54.344	0.84758				2
2025.05.09	02:15:58.346	0.84759				2
2025.05.09	02:15:58.794	0.84758				2
2025.05.09	02:16:00.394	0.84758				2
2025.05.09	02:16:21.945	0.84757	0.84761			6
2025.05.09	02:16:34.457		0.84762			4
2025.05.09	02:16:37.344	0.84758				2
2025.05.09	02:16:43.349	0.84757				2
2025.05.09	02:16:45.871	0.84758				2
2025.05.09	02:16:48.981	0.84757				2
2025.05.09	02:16:50.323	0.84758				2
2025.05.09	02:16:50.831	0.84759				2
2025.05.09	02:16:51.897	0.84760				2
2025.05.09	02:16:57.756	0.84759				2
2025.05.09	02:16:58.795		0.84763			4
2025.05.09	02:17:04.981	0.84759				2
2025.05.09	02:17:06.524	0.84758	0.84762			6
2025.05.09	02:17:26.443	0.84759				2
2025.05.09	02:17:34.268		0.84763			4
2025.05.09	02:17:41.077		0.84761			4
2025.05.09	02:18:02.347	0.84759				2
2025.05.09	02:18:09.354		0.84762			4
2025.05.09	02:18:31.057		0.84763			4
2025.05.09	02:18:43.138		0.84762			4
2025.05.09	02:18:45.114	0.84758	0.84761			6
2025.05.09	02:18:45.635	0.84760				2
2025.05.09	02:18:55.842	0.84759	0.84760			6
2025.05.09	02:18:56.174	0.84758				2
2025.05.09	02:19:00.715	0.84758				2
2025.05.09	02:19:11.070	0.84759				2
2025.05.09	02:19:20.964		0.84761			4
2025.05.09	02:19:21.264	0.84758				2
2025.05.09	02:19:24.801		0.84763			4
2025.05.09	02:19:36.115		0.84762			4
2025.05.09	02:20:00.439	0.84759				2
2025.05.09	02:20:27.696	0.84761	0.84763			6
2025.05.09	02:20:33.370		0.84764			4
2025.05.09	02:20:39.256		0.84765			4
2025.05.09	02:20:41.561	0.84760	0.84763			6
2025.05.09	02:20:50.430	0.84762				2
2025.05.09	02:21:00.563	0.84762				2
2025.05.09	02:21:11.083	0.84759	0.84761			6
2025.05.09	02:21:13.209	0.84758				2
2025.05.09	02:21:18.151	0.84759				2
2025.05.09	02:21:22.525	0.84760				2
2025.05.09	02:21:25.697	0.84761	0.84762			6
2025.05.09	02:21:30.515	0.84762	0.84764			6
2025.05.09	02:21:38.664	0.84763	0.84765			6
2025.05.09	02:21:40.363	0.84762				2
2025.05.09	02:21:43.012	0.84763				2
2025.05.09	02:21:49.050	0.84764				2
2025.05.09	02:21:50.443	0.84763				2
2025.05.09	02:21:59.023	0.84765	0.84766			6
2025.05.09	02:22:00.569	0.84763	0.84765			6
2025.05.09	02:22:01.369	0.84764				2
2025.05.09	02:22:02.999	0.84763				2
2025.05.09	02:22:05.125	0.84762	0.84764			6
2025.05.09	02:22:11.275	0.84763	0.84765			6
2025.05.09	02:22:12.171	0.84762				2
2025.05.09	02:22:12.478	0.84763				2
2025.05.09	02:22:14.451	0.84762				2
2025.05.09	02:22:30.945	0.84763	0.84767			6
2025.05.09	02:22:35.241	0.84764				2
2025.05.09	02:22:42.214	0.84763				2
2025.05.09	02:22:44.385	0.84764				2
2025.05.09	02:22:50.325	0.84765				2
2025.05.09	02:23:00.403	0.84765				2
2025.05.09	02:23:05.830		0.84766			4
2025.05.09	02:23:06.477	0.84764	0.84765			6
2025.05.09	02:23:11.711	0.84763				2
2025.05.09	02:23:17.887	0.84764				2
2025.05.09	02:23:18.401	0.84763				2
2025.05.09	02:23:18.852	0.84764				2
2025.05.09	02:23:19.832	0.84765	0.84766			6
2025.05.09	02:23:23.580	0.84764				2
2025.05.09	02:23:24.412	0.84765				2
2025.05.09	02:23:25.963	0.84764				2
2025.05.09	02:23:29.567	0.84766	0.84767			6
2025.05.09	02:23:29.926	0.84765	0.84766			6
2025.05.09	02:23:31.395	0.84766	0.84767			6
2025.05.09	02:23:35.918		0.84769			4
2025.05.09	02:23:39.529	0.84764	0.84766			6
2025.05.09	02:23:40.157	0.84767	0.84770			6
2025.05.09	02:23:47.598	0.84766	0.84769			6
2025.05.09	02:24:00.082	0.84766				2
2025.05.09	02:24:09.972	0.84765	0.84768			6
2025.05.09	02:24:21.051		0.84767			4
2025.05.09	02:24:23.165		0.84768			4
2025.05.09	02:24:23.892	0.84766				2
2025.05.09	02:24:26.576	0.84765				2
2025.05.09	02:24:29.117		0.84767			4
2025.05.09	02:24:31.952	0.84764				2
2025.05.09	02:24:49.829	0.84765				2
2025.05.09	02:24:56.797		0.84768			4
2025.05.09	02:25:00.261	0.84765				2
2025.05.09	02:25:15.385		0.84766			4
2025.05.09	02:26:02.230	0.84765				2
2025.05.09	02:26:08.500	0.84766	0.84767			6
2025.05.09	02:26:22.857		0.84769			4
2025.05.09	02:26:23.160		0.84767			4
2025.05.09	02:26:24.345		0.84768			4
2025.05.09	02:26:26.348	0.84767	0.84769			6
2025.05.09	02:26:31.246	0.84768	0.84770			6
2025.05.09	02:26:31.554		0.84769			4
2025.05.09	02:26:36.236		0.84770			4
2025.05.09	02:26:42.543	0.84769				2
2025.05.09	02:26:42.859	0.84767	0.84768			6
2025.05.09	02:26:49.540		0.84770			4
2025.05.09	02:26:54.230		0.84768			4
2025.05.09	02:26:55.787	0.84766				2
2025.05.09	02:26:56.628	0.84767				2
2025.05.09	02:26:58.720	0.84766				2
2025.05.09	02:27:00.400	0.84766				2
2025.05.09	02:27:01.355	0.84767	0.84769			6
2025.05.09	02:27:04.087	0.84765				2
2025.05.09	02:27:08.346		0.84768			4
2025.05.09	02:27:08.649		0.84769			4
2025.05.09	02:27:09.084	0.84766	0.84770			6
2025.05.09	02:27:11.277	0.84767				2
2025.05.09	02:27:24.085	0.84763	0.84765			6
2025.05.09	02:27:26.573	0.84764	0.84769			6
2025.05.09	02:27:27.909	0.84763	0.84767			6
2025.05.09	02:27:31.995	0.84764				2
2025.05.09	02:27:36.867	0.84763				2
2025.05.09	02:27:37.637		0.84765			4
2025.05.09	02:27:41.574	0.84762				2
2025.05.09	02:27:45.927		0.84766			4
2025.05.09	02:28:00.397	0.84762				2
2025.05.09	02:28:00.760	0.84761				2
2025.05.09	02:28:23.534	0.84763	0.84770			6
2025.05.09	02:28:25.503	0.84764				2
2025.05.09	02:28:32.741	0.84766	0.84772			6
2025.05.09	02:28:34.405	0.84765	0.84769			6
2025.05.09	02:28:40.670		0.84770			4
2025.05.09	02:28:41.967	0.84764				2
2025.05.09	02:28:42.743	0.84765				2
2025.05.09	02:28:43.779	0.84768	0.84771			6
2025.05.09	02:28:49.455	0.84767				2
2025.05.09	02:28:52.938	0.84766	0.84770			6
2025.05.09	02:28:55.491		0.84771			4
2025.05.09	02:28:59.821		0.84769			4
2025.05.09	02:29:00.346	0.84766				2
2025.05.09	02:29:05.049	0.84765				2
2025.05.09	02:29:05.630	0.84763				2
2025.05.09	02:29:06.221	0.84764	0.84768			6
2025.05.09	02:29:09.284		0.84769			4
2025.05.09	02:29:16.059	0.84763	0.84768			6
2025.05.09	02:29:28.219		0.84769			4
2025.05.09	02:29:40.752	0.84764				2
2025.05.09	02:30:00.392	0.84765	0.84771			6
2025.05.09	02:30:01.300	0.84768	0.84774			6
2025.05.09	02:30:04.555	0.84769				2
2025.05.09	02:30:07.496		0.84773			4
2025.05.09	02:30:20.722	0.84766	0.84771			6
2025.05.09	02:30:21.041		0.84772			4
2025.05.09	02:30:22.453	0.84768	0.84774			6
2025.05.09	02:30:28.133	0.84769				2
2025.05.09	02:30:42.065	0.84770	0.84776			6
2025.05.09	02:30:52.644	0.84769	0.84775			6
2025.05.09	02:30:53.018		0.84774			4
2025.05.09	02:30:55.784		0.84775			4
2025.05.09	02:31:01.813	0.84769				2
2025.05.09	02:31:02.992	0.84770	0.84776			6
2025.05.09	02:31:11.810	0.84771				2
2025.05.09	02:31:31.572	0.84772				2
2025.05.09	02:31:55.688	0.84771				2
2025.05.09	02:31:56.209	0.84773				2
2025.05.09	02:32:01.145	0.84773				2
2025.05.09	02:32:01.830		0.84774			4
2025.05.09	02:32:02.978	0.84772	0.84773			6
2025.05.09	02:32:04.132	0.84770	0.84771			6
2025.05.09	02:32:15.033	0.84769				2
2025.05.09	02:32:22.219		0.84770			4
2025.05.09	02:32:29.250		0.84771			4
2025.05.09	02:32:32.311	0.84765	0.84767			6
2025.05.09	02:32:35.068		0.84768			4
2025.05.09	02:32:35.476	0.84769	0.84773			6
2025.05.09	02:32:37.372		0.84774			4
2025.05.09	02:32:39.957	0.84770				2
2025.05.09	02:32:41.397		0.84775			4
2025.05.09	02:32:47.232		0.84774			4
2025.05.09	02:32:51.817		0.84775			4
2025.05.09	02:32:52.480	0.84769	0.84773			6
2025.05.09	02:32:52.781	0.84772	0.84775			6
2025.05.09	02:32:53.124	0.84774	0.84776			6
2025.05.09	02:32:53.470	0.84772				2
2025.05.09	02:32:56.133	0.84771				2
2025.05.09	02:32:56.892	0.84770	0.84775			6
2025.05.09	02:32:57.371	0.84769	0.84772			6
2025.05.09	02:33:00.474	0.84769				2
2025.05.09	02:33:12.559	0.84768				2
2025.05.09	02:33:13.558	0.84769				2
2025.05.09	02:33:31.077	0.84770	0.84773			6
2025.05.09	02:33:36.063		0.84774			4
2025.05.09	02:33:36.681		0.84773			4
2025.05.09	02:33:40.567	0.84769				2
2025.05.09	02:33:42.379		0.84771			4
2025.05.09	02:33:42.928		0.84773			4
2025.05.09	02:33:43.996	0.84771	0.84775			6
2025.05.09	02:33:49.130	0.84772				2
2025.05.09	02:33:51.240	0.84773	0.84776			6
2025.05.09	02:33:51.886	0.84772				2
2025.05.09	02:33:53.065		0.84775			4
2025.05.09	02:33:57.508	0.84771				2
2025.05.09	02:34:01.344	0.84771				2
2025.05.09	02:34:02.003	0.84770	0.84774			6
2025.05.09	02:34:03.694	0.84771				2
2025.05.09	02:34:05.872		0.84775			4
2025.05.09	02:34:12.408	0.84772				2
2025.05.09	02:34:18.894		0.84776			4
2025.05.09	02:34:19.727		0.84775			4
2025.05.09	02:34:21.422	0.84771				2
2025.05.09	02:34:22.401	0.84772				2
2025.05.09	02:34:29.176	0.84773	0.84776			6
2025.05.09	02:34:29.837	0.84772				2
2025.05.09	02:34:32.281		0.84775			4
2025.05.09	02:34:36.494		0.84776			4
2025.05.09	02:34:50.182	0.84773				2
2025.05.09	02:34:51.233	0.84772				2
2025.05.09	02:34:54.636		0.84775			4
2025.05.09	02:34:54.981		0.84776			4
2025.05.09	02:34:55.468		0.84775			4
2025.05.09	02:34:56.373	0.84771	0.84774			6
2025.05.09	02:34:57.261	0.84772	0.84775			6
2025.05.09	02:35:00.665	0.84772				2
2025.05.09	02:35:01.225	0.84771				2
2025.05.09	02:35:02.096	0.84770	0.84774			6
2025.05.09	02:35:04.620		0.84773			4
2025.05.09	02:35:05.521		0.84774			4
2025.05.09	02:35:06.026		0.84773			4
2025.05.09	02:35:14.411	0.84771	0.84774			6
2025.05.09	02:35:14.741	0.84770				2
2025.05.09	02:35:15.478	0.84771				2
2025.05.09	02:35:16.344	0.84772				2
2025.05.09	02:35:17.425	0.84771				2
2025.05.09	02:35:26.500	0.84772				2
2025.05.09	02:35:26.998	0.84771				2
2025.05.09	02:35:38.560		0.84775			4
2025.05.09	02:35:43.472	0.84772				2
2025.05.09	02:36:00.276	0.84772	0.84774			6
2025.05.09	02:36:00.607		0.84775			4
2025.05.09	02:36:01.151	0.84771				2
2025.05.09	02:36:10.309	0.84769	0.84773			6
2025.05.09	02:36:11.629	0.84770				2
2025.05.09	02:36:15.759	0.84771				2
2025.05.09	02:36:16.738	0.84770				2
2025.05.09	02:36:17.045	0.84771	0.84774			6
2025.05.09	02:36:24.576		0.84777			4
2025.05.09	02:36:24.894	0.84772				2
2025.05.09	02:36:33.898	0.84774	0.84779			6
2025.05.09	02:36:36.671		0.84780			4
2025.05.09	02:36:39.330	0.84777	0.84778			6
2025.05.09	02:36:39.665	0.84778	0.84779			6
2025.05.09	02:36:40.656	0.84780	0.84784			6
2025.05.09	02:36:40.960	0.84781	0.84782			6
2025.05.09	02:36:41.339	0.84779	0.84780			6
2025.05.09	02:36:42.822		0.84781			4
2025.05.09	02:36:44.867		0.84780			4
2025.05.09	02:36:50.516	0.84778	0.84779			6
2025.05.09	02:36:50.819	0.84777				2
2025.05.09	02:36:53.796	0.84778				2
2025.05.09	02:36:54.101	0.84776	0.84778			6
2025.05.09	02:36:55.916		0.84779			4
2025.05.09	02:37:00.257	0.84776				2
2025.05.09	02:37:12.560	0.84778	0.84780			6
2025.05.09	02:37:20.741		0.84779			4
2025.05.09	02:37:22.627		0.84780			4
2025.05.09	02:37:26.511	0.84779				2
2025.05.09	02:37:31.336	0.84777				2
2025.05.09	02:37:32.743		0.84779			4
2025.05.09	02:37:36.398	0.84775	0.84777			6
2025.05.09	02:37:39.889	0.84774				2
2025.05.09	02:37:53.345	0.84776	0.84778			6
2025.05.09	02:37:53.676	0.84775				2
2025.05.09	02:38:00.356	0.84775				2
2025.05.09	02:38:14.044	0.84781	0.84782			6
2025.05.09	02:38:23.956	0.84782	0.84783			6
2025.05.09	02:38:24.260		0.84785			4
2025.05.09	02:38:29.396	0.84781	0.84782			6
2025.05.09	02:38:44.111		0.84783			4
2025.05.09	02:38:44.611		0.84784			4
2025.05.09	02:38:46.387	0.84782				2
2025.05.09	02:38:48.875		0.84783			4
2025.05.09	02:38:54.202	0.84781				2
2025.05.09	02:38:57.422		0.84782			4
2025.05.09	02:39:01.267	0.84781				2
2025.05.09	02:39:05.808	0.84780				2
2025.05.09	02:39:09.561		0.84781			4
2025.05.09	02:39:09.863		0.84783			4
2025.05.09	02:39:36.400	0.84781				2
2025.05.09	02:39:38.219		0.84784			4
2025.05.09	02:39:50.861	0.84780				2
2025.05.09	02:39:54.801		0.84783			4
2025.05.09	02:40:01.388	0.84780	0.84782			6
2025.05.09	02:40:08.306		0.84783			4
2025.05.09	02:40:33.789	0.84779	0.84782			6
2025.05.09	02:40:42.787		0.84783			4
2025.05.09	02:40:50.902		0.84782			4
2025.05.09	02:41:00.557	0.84779				2
2025.05.09	02:41:00.922	0.84780				2
2025.05.09	02:41:09.343		0.84783			4
2025.05.09	02:41:18.393	0.84781				2
2025.05.09	02:41:19.554		0.84784			4
2025.05.09	02:41:21.048	0.84782				2
2025.05.09	02:41:22.883		0.84783			4
2025.05.09	02:41:24.248		0.84784			4
2025.05.09	02:41:29.875	0.84781	0.84783			6
2025.05.09	02:41:41.824	0.84780				2
2025.05.09	02:41:57.928		0.84782			4
2025.05.09	02:42:01.495	0.84780				2
2025.05.09	02:42:02.274	0.84779				2
2025.05.09	02:42:08.926	0.84780	0.84783			6
2025.05.09	02:42:22.745		0.84782			4
2025.05.09	02:42:24.177	0.84781	0.84783			6
2025.05.09	02:42:24.992		0.84782			4
2025.05.09	02:42:36.960		0.84783			4
2025.05.09	02:42:48.350	0.84782				2
2025.05.09	02:42:53.689		0.84784			4
2025.05.09	02:42:54.961	0.84781				2
2025.05.09	02:43:00.462	0.84781				2
2025.05.09	02:43:00.842	0.84782				2
2025.05.09	02:43:01.864	0.84780	0.84783			6
2025.05.09	02:43:10.495	0.84782	0.84785			6
2025.05.09	02:43:12.735	0.84781				2
2025.05.09	02:43:14.857	0.84782				2
2025.05.09	02:43:18.255	0.84784	0.84787			6
2025.05.09	02:43:19.106		0.84786			4
2025.05.09	02:43:21.058		0.84787			4
2025.05.09	02:43:21.776		0.84788			4
2025.05.09	02:43:23.006	0.84785	0.84786			6
2025.05.09	02:43:23.328		0.84787			4
2025.05.09	02:43:36.711		0.84786			4
2025.05.09	02:43:38.534		0.84787			4
2025.05.09	02:43:38.966		0.84786			4
2025.05.09	02:43:46.255	0.84783	0.84785			6
2025.05.09	02:43:47.523	0.84782	0.84784			6
2025.05.09	02:43:50.402		0.84785			4
2025.05.09	02:43:52.917		0.84784			4
2025.05.09	02:44:00.219	0.84783	0.84786			6
2025.05.09	02:44:06.477	0.84784				2
2025.05.09	02:44:07.504	0.84785				2
2025.05.09	02:44:07.880	0.84784				2
2025.05.09	02:44:10.936	0.84785				2
2025.05.09	02:44:11.265	0.84783				2
2025.05.09	02:44:13.111	0.84784				2
2025.05.09	02:44:13.617	0.84783				2
2025.05.09	02:44:19.156	0.84785	0.84787			6
2025.05.09	02:44:21.552		0.84788			4
2025.05.09	02:44:27.180	0.84784				2
2025.05.09	02:44:29.191	0.84783	0.84787			6
2025.05.09	02:44:43.775	0.84784				2
2025.05.09	02:44:49.780	0.84785				2
2025.05.09	02:44:50.353	0.84784				2
2025.05.09	02:44:54.265	0.84785				2
2025.05.09	02:44:58.816	0.84783	0.84786			6
2025.05.09	02:45:00.355	0.84783				2
2025.05.09	02:45:01.901		0.84787			4
2025.05.09	02:45:02.673	0.84784				2
2025.05.09	02:45:08.817	0.84783	0.84786			6
2025.05.09	02:45:10.242	0.84781	0.84782			6
2025.05.09	02:45:10.576	0.84782	0.84784			6
2025.05.09	02:45:13.578	0.84781				2
2025.05.09	02:45:19.664	0.84780	0.84783			6
2025.05.09	02:45:22.569	0.84781	0.84784			6
2025.05.09	02:45:30.803	0.84783	0.84786			6
2025.05.09	02:45:31.121	0.84784				2
2025.05.09	02:45:31.446	0.84785				2
2025.05.09	02:45:31.770		0.84787			4
2025.05.09	02:45:32.186	0.84787	0.84788			6
2025.05.09	02:45:33.363		0.84791			4
2025.05.09	02:45:33.769	0.84788				2
2025.05.09	02:45:35.472	0.84786	0.84788			6
2025.05.09	02:45:38.832		0.84787			4
2025.05.09	02:45:41.246	0.84785				2
2025.05.09	02:45:51.975	0.84784				2
2025.05.09	02:45:52.305	0.84783	0.84785			6
2025.05.09	02:45:53.944	0.84785	0.84787			6
2025.05.09	02:45:57.383	0.84783	0.84786			6
2025.05.09	02:46:00.646	0.84783				2
2025.05.09	02:46:18.964		0.84785			4
2025.05.09	02:46:19.279		0.84784			4
2025.05.09	02:46:19.700	0.84781	0.84783			6
2025.05.09	02:46:20.432	0.84782				2
2025.05.09	02:46:24.355	0.84781				2
2025.05.09	02:46:25.690		0.84784			4
2025.05.09	02:46:30.016	0.84782				2
2025.05.09	02:46:30.960	0.84781				2
2025.05.09	02:46:31.273		0.84783			4
2025.05.09	02:46:32.365		0.84784			4
2025.05.09	02:46:40.117	0.84782				2
2025.05.09	02:46:40.559	0.84781				2
2025.05.09	02:46:45.385	0.84780	0.84782			6
2025.05.09	02:47:01.193	0.84780				2
2025.05.09	02:47:04.106	0.84783	0.84785			6
2025.05.09	02:47:04.436		0.84786			4
2025.05.09	02:47:05.017	0.84782	0.84784			6
2025.05.09	02:47:11.120	0.84781				2
2025.05.09	02:47:11.891	0.84782				2
2025.05.09	02:47:17.170		0.84785			4
2025.05.09	02:47:18.595		0.84786			4
2025.05.09	02:47:31.431		0.84785			4
2025.05.09	02:48:01.598	0.84782				2
2025.05.09	02:48:02.015	0.84783				2
2025.05.09	02:48:02.771		0.84786			4
2025.05.09	02:48:04.678	0.84785	0.84787			6
2025.05.09	02:48:09.195	0.84784				2
2025.05.09	02:48:11.663		0.84786			4
2025.05.09	02:48:16.359	0.84783	0.84785			6
2025.05.09	02:48:30.756	0.84784	0.84786			6
2025.05.09	02:48:31.091		0.84787			4
2025.05.09	02:48:33.501		0.84786			4
2025.05.09	02:48:48.567		0.84785			4
2025.05.09	02:48:55.304	0.84783				2
2025.05.09	02:48:57.413	0.84782	0.84784			6
2025.05.09	02:49:03.163	0.84782				2
2025.05.09	02:49:03.632		0.84785			4
2025.05.09	02:49:04.067		0.84784			4
2025.05.09	02:49:07.976		0.84785			4
2025.05.09	02:49:08.411		0.84784			4
2025.05.09	02:49:13.157		0.84783			4
2025.05.09	02:49:14.874	0.84785	0.84786			6
2025.05.09	02:49:25.541	0.84783				2
2025.05.09	02:49:26.088	0.84784				2
2025.05.09	02:49:48.232	0.84785	0.84787			6
2025.05.09	02:49:49.123	0.84784				2
2025.05.09	02:49:49.656	0.84785	0.84788			6
2025.05.09	02:49:50.137	0.84784	0.84787			6
2025.05.09	02:50:00.540	0.84784				2
2025.05.09	02:50:01.480	0.84786	0.84788			6
2025.05.09	02:50:02.564		0.84789			4
2025.05.09	02:50:04.102	0.84788	0.84790			6
2025.05.09	02:50:04.474		0.84789			4
2025.05.09	02:50:06.932	0.84789	0.84790			6
2025.05.09	02:50:07.360	0.84788	0.84789			6
2025.05.09	02:50:11.117		0.84790			4
2025.05.09	02:50:15.737		0.84791			4
2025.05.09	02:50:21.140	0.84785	0.84787			6
2025.05.09	02:50:25.980		0.84786			4
2025.05.09	02:50:29.907		0.84787			4
2025.05.09	02:50:30.465		0.84786			4
2025.05.09	02:50:33.691		0.84787			4
2025.05.09	02:50:40.718		0.84788			4
2025.05.09	02:50:50.679		0.84787			4
2025.05.09	02:50:56.008	0.84787	0.84788			6
2025.05.09	02:50:58.331	0.84789	0.84790			6
2025.05.09	02:51:00.601	0.84789				2
2025.05.09	02:51:22.021		0.84791			4
2025.05.09	02:51:31.245		0.84790			4
2025.05.09	02:51:32.146	0.84788	0.84789			6
2025.05.09	02:51:32.489		0.84793			4
2025.05.09	02:51:32.989	0.84789	0.84790			6
2025.05.09	02:51:33.298	0.84788				2
2025.05.09	02:51:34.023		0.84789			4
2025.05.09	02:51:38.133		0.84790			4
2025.05.09	02:51:50.378	0.84785	0.84788			6
2025.05.09	02:51:50.677	0.84788	0.84790			6
2025.05.09	02:51:51.302	0.84790	0.84792			6
2025.05.09	02:51:52.250		0.84794			4
2025.05.09	02:51:52.566	0.84789	0.84790			6
2025.05.09	02:51:56.645	0.84790	0.84792			6
2025.05.09	02:51:57.370		0.84791			4
2025.05.09	02:51:58.358	0.84789	0.84790			6
2025.05.09	02:52:00.355	0.84789				2
2025.05.09	02:52:03.986	0.84787				2
2025.05.09	02:52:05.186	0.84789				2
2025.05.09	02:52:26.937	0.84788	0.84789			6
2025.05.09	02:52:40.929	0.84787				2
2025.05.09	02:52:42.419	0.84786				2
2025.05.09	02:52:42.775	0.84785	0.84788			6
2025.05.09	02:52:43.159	0.84784	0.84786			6
2025.05.09	02:52:43.718		0.84787			4
2025.05.09	02:52:48.436		0.84786			4
2025.05.09	02:53:01.415	0.84784				2
2025.05.09	02:53:06.292		0.84787			4
2025.05.09	02:53:07.030		0.84786			4
2025.05.09	02:53:11.829		0.84787			4
2025.05.09	02:53:12.279	0.84785				2
2025.05.09	02:53:13.337	0.84786	0.84788			6
2025.05.09	02:53:19.284	0.84784	0.84787			6
2025.05.09	02:53:29.471		0.84786			4
2025.05.09	02:53:32.342	0.84783				2
2025.05.09	02:53:39.377	0.84782	0.84785			6
2025.05.09	02:53:49.748	0.84781	0.84784			6
2025.05.09	02:53:52.881	0.84782				2
2025.05.09	02:53:54.831		0.84785			4
2025.05.09	02:53:57.704	0.84783				2
2025.05.09	02:54:00.358	0.84782				2
2025.05.09	02:54:01.575	0.84783	0.84786			6
2025.05.09	02:54:02.411	0.84785	0.84787			6
2025.05.09	02:54:21.715	0.84786				2
2025.05.09	02:54:30.193	0.84785				2
2025.05.09	02:54:30.846		0.84786			4
2025.05.09	02:54:46.351	0.84783	0.84785			6
2025.05.09	02:54:46.657	0.84782				2
2025.05.09	02:54:52.915	0.84783	0.84786			6
2025.05.09	02:55:00.496	0.84784				2
2025.05.09	02:55:01.177	0.84785				2
2025.05.09	02:55:05.497	0.84786	0.84787			6
2025.05.09	02:55:05.800	0.84785	0.84786			6
2025.05.09	02:55:19.568	0.84786	0.84787			6
2025.05.09	02:55:19.987	0.84785	0.84786			6
2025.05.09	02:55:21.596	0.84786	0.84787			6
2025.05.09	02:55:30.355	0.84788	0.84789			6
2025.05.09	02:55:31.282	0.84787	0.84788			6
2025.05.09	02:55:37.463	0.84788	0.84789			6
2025.05.09	02:55:40.600	0.84790	0.84791			6
2025.05.09	02:55:54.027	0.84793	0.84794			6
2025.05.09	02:55:55.166	0.84792	0.84793			6
2025.05.09	02:55:55.608	0.84793	0.84794			6
2025.05.09	02:55:59.564	0.84792	0.84793			6
2025.05.09	02:56:00.595	0.84793	0.84794			6
2025.05.09	02:56:04.059	0.84794	0.84795			6
2025.05.09	02:56:05.856	0.84793	0.84794			6
2025.05.09	02:56:08.420	0.84790	0.84791			6
2025.05.09	02:56:09.826	0.84791	0.84792			6
2025.05.09	02:56:11.370	0.84789	0.84790			6
2025.05.09	02:56:24.530	0.84788	0.84789			6
2025.05.09	02:56:29.660	0.84787	0.84788			6
2025.05.09	02:56:36.399	0.84790	0.84791			6
2025.05.09	02:56:41.410	0.84789	0.84790			6
2025.05.09	02:56:42.020	0.84791	0.84792			6
2025.05.09	02:56:44.233	0.84792	0.84793			6
2025.05.09	02:56:44.644	0.84791	0.84792			6
2025.05.09	02:56:58.827	0.84789	0.84790			6
2025.05.09	02:57:00.595	0.84789				2
2025.05.09	02:57:01.347	0.84788	0.84789			6
2025.05.09	02:57:03.600	0.84787	0.84788			6
2025.05.09	02:57:04.585	0.84788	0.84789			6
2025.05.09	02:57:13.041	0.84787	0.84788			6
2025.05.09	02:57:23.512	0.84793	0.84794			6
2025.05.09	02:57:23.818	0.84791	0.84792			6
2025.05.09	02:57:24.527	0.84792	0.84793			6
2025.05.09	02:57:26.138	0.84803	0.84804			6
2025.05.09	02:57:26.446	0.84804	0.84805			6
2025.05.09	02:57:28.241	0.84802	0.84803			6
2025.05.09	02:57:29.999	0.84803	0.84804			6
2025.05.09	02:57:38.517	0.84801	0.84802			6
2025.05.09	02:57:41.026	0.84802	0.84803			6
2025.05.09	02:57:41.873	0.84801	0.84802			6
2025.05.09	02:57:50.693	0.84802	0.84803			6
2025.05.09	02:58:00.014	0.84802				2
2025.05.09	02:58:00.353	0.84803	0.84804			6
2025.05.09	02:58:00.659	0.84806	0.84807			6
2025.05.09	02:58:01.313	0.84804	0.84805			6
2025.05.09	02:58:03.466	0.84805	0.84806			6
2025.05.09	02:58:04.350	0.84802	0.84803			6
2025.05.09	02:58:05.784	0.84801	0.84802			6
2025.05.09	02:58:15.228	0.84798	0.84799			6
2025.05.09	02:58:15.531	0.84799	0.84800			6
2025.05.09	02:58:15.835	0.84800	0.84801			6
2025.05.09	02:58:16.291	0.84799	0.84800			6
2025.05.09	02:58:16.601	0.84800	0.84801			6
2025.05.09	02:58:20.927	0.84801	0.84802			6
2025.05.09	02:58:22.355	0.84802	0.84803			6
2025.05.09	02:58:23.251	0.84800	0.84801			6
2025.05.09	02:58:31.396	0.84801	0.84802			6
2025.05.09	02:58:32.995	0.84800	0.84801			6
2025.05.09	02:58:38.098	0.84797	0.84798			6
2025.05.09	02:58:40.325	0.84798	0.84799			6
2025.05.09	02:58:45.741		0.84800			4
2025.05.09	02:58:47.367		0.84801			4
2025.05.09	02:58:55.459	0.84802	0.84803			6
2025.05.09	02:58:58.349	0.84801	0.84802			6
2025.05.09	02:59:00.007	0.84801				2
2025.05.09	02:59:01.770	0.84799	0.84800			6
2025.05.09	02:59:02.519		0.84801			4
2025.05.09	02:59:03.477	0.84798	0.84800			6
2025.05.09	02:59:14.932		0.84799			4
2025.05.09	02:59:19.708	0.84797	0.84798			6
2025.05.09	02:59:21.274	0.84798	0.84799			6
2025.05.09	02:59:29.186		0.84800			4
2025.05.09	02:59:33.013	0.84799				2
2025.05.09	02:59:34.695		0.84801			4
2025.05.09	02:59:35.755	0.84798	0.84800			6
2025.05.09	02:59:38.208		0.84801			4
2025.05.09	02:59:38.557		0.84800			4
2025.05.09	02:59:40.960	0.84801	0.84802			6
2025.05.09	02:59:41.275	0.84800	0.84801			6
2025.05.09	02:59:48.552	0.84799	0.84800			6
2025.05.09	02:59:49.909	0.84798				2
2025.05.09	02:59:51.090	0.84799				2
2025.05.09	02:59:52.374		0.84801			4
2025.05.09	02:59:53.364		0.84800			4
2025.05.09	02:59:53.667	0.84798				2
2025.05.09	02:59:55.646		0.84801			4
2025.05.09	02:59:56.542	0.84799				2
2025.05.09	02:59:59.130	0.84800				2
2025.05.09	02:59:59.442	0.84799	0.84800			6
2025.05.09	03:00:00.306	0.84797	0.84798			6
2025.05.09	03:00:00.613	0.84796	0.84799			6
2025.05.09	03:00:01.634	0.84795	0.84797			6
2025.05.09	03:00:01.968		0.84798			4
2025.05.09	03:00:02.291	0.84797	0.84799			6
2025.05.09	03:00:02.600	0.84796				2
2025.05.09	03:00:02.967	0.84797				2
2025.05.09	03:00:05.738	0.84796	0.84798			6
2025.05.09	03:00:06.448	0.84795	0.84797			6
2025.05.09	03:00:07.580		0.84798			4
2025.05.09	03:00:08.132	0.84796	0.84799			6
2025.05.09	03:00:08.721	0.84798				2
2025.05.09	03:00:09.083	0.84799	0.84800			6
2025.05.09	03:00:14.011		0.84801			4
2025.05.09	03:00:14.353		0.84800			4
2025.05.09	03:00:15.500	0.84798	0.84801			6
2025.05.09	03:00:16.149	0.84797	0.84800			6
2025.05.09	03:00:17.717	0.84798	0.84801			6
2025.05.09	03:00:18.602	0.84800	0.84802			6
2025.05.09	03:00:32.145		0.84801			4
2025.05.09	03:00:33.024		0.84802			4
2025.05.09	03:00:36.230	0.84801				2
2025.05.09	03:00:37.259	0.84802	0.84803			6
2025.05.09	03:00:40.174	0.84804	0.84806			6
2025.05.09	03:00:40.897		0.84805			4
2025.05.09	03:00:41.227	0.84803				2
2025.05.09	03:00:44.249	0.84802				2
2025.05.09	03:00:44.652	0.84806	0.84807			6
2025.05.09	03:00:44.961	0.84807	0.84808			6
2025.05.09	03:00:45.275	0.84808	0.84809			6
2025.05.09	03:00:45.946	0.84807	0.84808			6
2025.05.09	03:00:48.265	0.84804	0.84806			6
2025.05.09	03:00:48.581	0.84806	0.84807			6
2025.05.09	03:00:48.901	0.84804	0.84806			6
2025.05.09	03:00:49.304		0.84805			4
2025.05.09	03:00:52.654	0.84805	0.84806			6
2025.05.09	03:00:53.455	0.84806	0.84807			6
2025.05.09	03:00:56.679	0.84808	0.84809			6
2025.05.09	03:00:57.369	0.84807	0.84808			6
2025.05.09	03:00:57.679	0.84808	0.84809			6
2025.05.09	03:01:00.127	0.84807	0.84808			6
2025.05.09	03:01:01.302	0.84806	0.84807			6
2025.05.09	03:01:02.095	0.84807	0.84808			6
2025.05.09	03:01:02.713	0.84808	0.84809			6
2025.05.09	03:01:03.456	0.84806	0.84807			6
2025.05.09	03:01:11.425	0.84804	0.84806			6
2025.05.09	03:01:13.736		0.84807			4
2025.05.09	03:01:14.041		0.84806			4
2025.05.09	03:01:17.995	0.84803	0.84805			6
2025.05.09	03:01:24.464	0.84804				2
2025.05.09	03:01:25.792		0.84806			4
2025.05.09	03:01:26.163		0.84805			4
2025.05.09	03:01:32.546	0.84805	0.84806			6
2025.05.09	03:01:34.372	0.84806	0.84807			6
2025.05.09	03:01:35.987	0.84805				2
2025.05.09	03:01:36.289		0.84806			4
2025.05.09	03:01:44.066		0.84807			4
2025.05.09	03:01:44.639	0.84808	0.84809			6
2025.05.09	03:01:45.789	0.84809	0.84810			6
2025.05.09	03:01:46.361	0.84810	0.84811			6
2025.05.09	03:01:46.662	0.84809	0.84810			6
2025.05.09	03:01:51.838	0.84810	0.84811			6
2025.05.09	03:01:57.673	0.84808	0.84809			6
2025.05.09	03:02:00.111	0.84808				2
2025.05.09	03:02:00.436	0.84810	0.84811			6
2025.05.09	03:02:03.161	0.84809	0.84810			6
2025.05.09	03:02:08.508		0.84811			4
2025.05.09	03:02:09.369		0.84810			4
2025.05.09	03:02:10.073	0.84810	0.84811			6
2025.05.09	03:02:10.376	0.84809	0.84810			6
2025.05.09	03:02:11.199		0.84811			4
2025.05.09	03:02:12.858		0.84810			4
2025.05.09	03:02:14.980	0.84811	0.84812			6
2025.05.09	03:02:16.117	0.84810				2
2025.05.09	03:02:17.386	0.84811	0.84814			6
2025.05.09	03:02:17.753	0.84812				2
2025.05.09	03:02:18.999	0.84811				2
2025.05.09	03:02:19.307	0.84812				2
2025.05.09	03:02:20.881	0.84811				2
2025.05.09	03:02:22.585	0.84812				2
2025.05.09	03:02:23.728	0.84810	0.84813			6
2025.05.09	03:02:36.832	0.84807	0.84810			6
2025.05.09	03:02:37.137	0.84806	0.84809			6
2025.05.09	03:02:39.729	0.84807	0.84810			6
2025.05.09	03:02:40.527	0.84809	0.84812			6
2025.05.09	03:02:41.786	0.84810				2
2025.05.09	03:02:46.230	0.84809				2
2025.05.09	03:02:49.623	0.84810				2
2025.05.09	03:02:49.960		0.84813			4
2025.05.09	03:02:50.388	0.84813	0.84815			6
2025.05.09	03:02:51.713	0.84812	0.84814			6
2025.05.09	03:02:53.922	0.84814	0.84815			6
2025.05.09	03:02:54.362	0.84813				2
2025.05.09	03:02:54.678	0.84812	0.84813			6
2025.05.09	03:02:55.880	0.84810				2
2025.05.09	03:02:56.574		0.84812			4
2025.05.09	03:02:56.947	0.84811				2
2025.05.09	03:02:59.137		0.84813			4
2025.05.09	03:03:00.278	0.84811				2
2025.05.09	03:03:02.065	0.84812	0.84814			6
2025.05.09	03:03:02.371	0.84813	0.84815			6
2025.05.09	03:03:02.961	0.84812				2
2025.05.09	03:03:03.957	0.84811	0.84814			6
2025.05.09	03:03:05.429	0.84810	0.84812			6
2025.05.09	03:03:07.520	0.84816	0.84820			6
2025.05.09	03:03:07.838		0.84818			4
2025.05.09	03:03:14.806	0.84818	0.84819			6
2025.05.09	03:03:16.215	0.84817	0.84818			6
2025.05.09	03:03:18.860	0.84818	0.84819			6
2025.05.09	03:03:20.012	0.84819	0.84820			6
2025.05.09	03:03:23.052	0.84818	0.84819			6
2025.05.09	03:03:25.901	0.84817				2
2025.05.09	03:03:26.217	0.84816				2
2025.05.09	03:03:26.531		0.84818			4
2025.05.09	03:03:30.818	0.84815	0.84817			6
2025.05.09	03:03:31.121	0.84814				2
2025.05.09	03:03:32.348		0.84816			4
2025.05.09	03:03:34.249	0.84815				2
2025.05.09	03:03:34.959	0.84814	0.84815			6
2025.05.09	03:03:35.342	0.84813				2
2025.05.09	03:03:35.660	0.84812	0.84814			6
2025.05.09	03:03:36.208	0.84814	0.84815			6
2025.05.09	03:03:36.520	0.84813	0.84814			6
2025.05.09	03:03:37.103	0.84815	0.84816			6
2025.05.09	03:03:37.597	0.84814	0.84815			6
2025.05.09	03:03:39.242		0.84816			4
2025.05.09	03:03:41.899	0.84813				2
2025.05.09	03:03:42.270	0.84814				2
2025.05.09	03:03:43.948		0.84815			4
2025.05.09	03:03:44.654	0.84813				2
2025.05.09	03:03:48.013	0.84814				2
2025.05.09	03:03:49.656	0.84813				2
2025.05.09	03:03:50.210		0.84814			4
2025.05.09	03:03:52.255	0.84812	0.84813			6
2025.05.09	03:03:54.134	0.84813	0.84814			6
2025.05.09	03:03:58.810	0.84812	0.84813			6
2025.05.09	03:04:00.445	0.84812				2
2025.05.09	03:04:01.766	0.84813	0.84814			6
2025.05.09	03:04:02.215	0.84812	0.84813			6
2025.05.09	03:04:04.745	0.84811	0.84812			6
2025.05.09	03:04:05.217		0.84813			4
2025.05.09	03:04:11.322		0.84814			4
2025.05.09	03:04:11.645		0.84813			4
2025.05.09	03:04:25.524	0.84812				2
2025.05.09	03:04:32.079	0.84813	0.84814			6
2025.05.09	03:04:33.479	0.84815	0.84816			6
2025.05.09	03:04:40.072	0.84813	0.84815			6
2025.05.09	03:04:43.736		0.84814			4
2025.05.09	03:04:45.517	0.84814	0.84815			6
2025.05.09	03:04:47.960	0.84813	0.84814			6
2025.05.09	03:04:48.266	0.84812				2
2025.05.09	03:04:53.001	0.84814	0.84815			6
2025.05.09	03:04:53.319	0.84813	0.84814			6
2025.05.09	03:04:54.840		0.84815			4
2025.05.09	03:04:55.791	0.84814	0.84816			6
2025.05.09	03:05:00.028	0.84814				2
2025.05.09	03:05:03.472	0.84815				2
2025.05.09	03:05:06.893	0.84816	0.84817			6
2025.05.09	03:05:10.045	0.84813	0.84816			6
2025.05.09	03:05:10.823	0.84812	0.84815			6
2025.05.09	03:05:13.965	0.84814				2
2025.05.09	03:05:15.137		0.84816			4
2025.05.09	03:05:17.520	0.84813				2
2025.05.09	03:05:28.371	0.84818	0.84819			6
2025.05.09	03:05:28.676	0.84817	0.84818			6
2025.05.09	03:05:28.999	0.84818	0.84819			6
2025.05.09	03:05:30.043	0.84817				2
2025.05.09	03:05:30.362	0.84818				2
2025.05.09	03:05:33.965	0.84817	0.84820			6
2025.05.09	03:05:35.636	0.84816	0.84819			6
2025.05.09	03:05:37.539	0.84818	0.84820			6
2025.05.09	03:05:38.639	0.84816	0.84818			6
2025.05.09	03:05:42.534	0.84814	0.84817			6
2025.05.09	03:05:48.066	0.84815				2
2025.05.09	03:05:52.949		0.84818			4
2025.05.09	03:05:57.034	0.84816	0.84819			6
2025.05.09	03:06:00.529	0.84816				2
2025.05.09	03:06:07.510		0.84818			4
2025.05.09	03:06:13.654		0.84819			4
2025.05.09	03:06:14.037		0.84818			4
2025.05.09	03:06:17.626		0.84819			4
2025.05.09	03:06:18.574	0.84815	0.84818			6
