<DATE>	<TIME>	<BID>	<ASK>	<LAST>	<VOLUME>	<FLAGS>
2025.01.07	00:00:00.261	0.82968	0.83172			6
2025.01.07	00:00:00.881	0.82889	0.83093			6
2025.01.07	00:00:30.876	0.82880	0.83096			6
2025.01.07	00:01:00.951	0.82887	0.83106			6
2025.01.07	00:02:02.641	0.82887	0.83106			6
2025.01.07	00:02:26.964	0.82902	0.83086			6
2025.01.07	00:03:01.560	0.82902				2
2025.01.07	00:03:41.559		0.83086			4
2025.01.07	00:04:01.799	0.82902				2
2025.01.07	00:05:00.518	0.82902	0.83086			6
2025.01.07	00:05:26.961	0.82901				2
2025.01.07	00:05:52.352	0.82902				2
2025.01.07	00:05:53.660	0.82901				2
2025.01.07	00:05:56.421	0.82905				2
2025.01.07	00:05:58.298	0.82910				2
2025.01.07	00:06:00.208	0.82912				2
2025.01.07	00:06:01.237		0.83086			4
2025.01.07	00:06:04.427	0.82920				2
2025.01.07	00:06:04.792	0.82901				2
2025.01.07	00:06:20.361	0.82902				2
2025.01.07	00:06:26.695	0.82904				2
2025.01.07	00:06:28.395	0.82902				2
2025.01.07	00:06:31.554	0.82907				2
2025.01.07	00:06:36.746	0.82917				2
2025.01.07	00:06:39.848	0.82918				2
2025.01.07	00:06:41.560	0.82920				2
2025.01.07	00:06:46.452	0.82914				2
2025.01.07	00:06:46.881	0.82902				2
2025.01.07	00:06:47.964	0.82911				2
2025.01.07	00:06:51.926	0.82902				2
2025.01.07	00:06:52.927	0.82925				2
2025.01.07	00:06:56.924	0.82912				2
2025.01.07	00:07:00.427	0.82912				2
2025.01.07	00:07:01.558	0.82917	0.83086			6
2025.01.07	00:07:01.882	0.82910				2
2025.01.07	00:07:02.458	0.82917				2
2025.01.07	00:07:04.356	0.82918				2
2025.01.07	00:07:06.870	0.82902				2
2025.01.07	00:07:11.550	0.82914				2
2025.01.07	00:07:11.922	0.82908				2
2025.01.07	00:07:12.265	0.82909				2
2025.01.07	00:07:12.947	0.82903				2
2025.01.07	00:07:13.948	0.82902				2
2025.01.07	00:07:26.966	0.82901				2
2025.01.07	00:07:28.870	0.82906				2
2025.01.07	00:07:30.362	0.82908				2
2025.01.07	00:07:31.267	0.82903				2
2025.01.07	00:07:37.007	0.82901				2
2025.01.07	00:07:42.979	0.82903				2
2025.01.07	00:07:43.575	0.82901				2
2025.01.07	00:07:43.884	0.82903				2
2025.01.07	00:07:44.259	0.82912				2
2025.01.07	00:07:44.645	0.82901				2
2025.01.07	00:07:44.950	0.82919				2
2025.01.07	00:07:45.642	0.82902				2
2025.01.07	00:07:45.961	0.82910				2
2025.01.07	00:07:46.354	0.82904				2
2025.01.07	00:07:47.028	0.82901				2
2025.01.07	00:07:48.672	0.82903				2
2025.01.07	00:07:50.649	0.82904				2
2025.01.07	00:07:56.364	0.82906				2
2025.01.07	00:07:56.861	0.82923				2
2025.01.07	00:07:57.166	0.82904				2
2025.01.07	00:07:57.561	0.82902				2
2025.01.07	00:07:58.061	0.82904				2
2025.01.07	00:08:00.369	0.82905				2
2025.01.07	00:08:01.564		0.83086			4
2025.01.07	00:08:07.095	0.82902				2
2025.01.07	00:08:07.642	0.82904				2
2025.01.07	00:08:08.353	0.82906				2
2025.01.07	00:08:11.557	0.82911				2
2025.01.07	00:08:14.420	0.82902				2
2025.01.07	00:08:17.130	0.82901				2
2025.01.07	00:09:01.562	0.82901				2
2025.01.07	00:09:02.359		0.83086			4
2025.01.07	00:10:00.373	0.82901	0.83077			6
2025.01.07	00:10:06.435		0.83074			4
2025.01.07	00:10:07.518		0.83071			4
2025.01.07	00:10:07.991		0.83075			4
2025.01.07	00:10:09.020		0.83072			4
2025.01.07	00:10:10.186		0.83070			4
2025.01.07	00:10:12.548	0.82945	0.83071			6
2025.01.07	00:10:17.388	0.82946				2
2025.01.07	00:10:17.994	0.82944				2
2025.01.07	00:10:18.597	0.82947				2
2025.01.07	00:10:18.897	0.82946				2
2025.01.07	00:10:19.506	0.82948				2
2025.01.07	00:10:26.510	0.82949				2
2025.01.07	00:10:27.417	0.82948				2
2025.01.07	00:10:28.022	0.82947				2
2025.01.07	00:10:28.627	0.82948				2
2025.01.07	00:10:37.700	0.82946				2
2025.01.07	00:10:38.003	0.82948				2
2025.01.07	00:10:44.350	0.82949				2
2025.01.07	00:10:47.677	0.82948				2
2025.01.07	00:10:54.633	0.82900	0.83075			6
2025.01.07	00:10:55.054	0.82901	0.83071			6
2025.01.07	00:10:55.370	0.82948				2
2025.01.07	00:10:56.295	0.82901	0.83070			6
2025.01.07	00:11:00.399	0.82948	0.83071			6
2025.01.07	00:11:01.337	0.82901	0.83070			6
2025.01.07	00:11:01.639		0.83073			4
2025.01.07	00:11:05.271	0.82950	0.83071			6
2025.01.07	00:11:06.174	0.82901	0.83073			6
2025.01.07	00:11:07.707		0.83072			4
2025.01.07	00:11:10.143	0.82950	0.83071			6
2025.01.07	00:11:11.065	0.82901	0.83073			6
2025.01.07	00:11:15.058	0.82950	0.83071			6
2025.01.07	00:11:16.002	0.82901	0.83073			6
2025.01.07	00:11:17.738		0.83072			4
2025.01.07	00:11:18.184		0.83071			4
2025.01.07	00:11:18.603		0.83072			4
2025.01.07	00:11:22.057		0.83069			4
2025.01.07	00:11:26.962	0.82902				2
2025.01.07	00:11:37.070		0.83070			4
2025.01.07	00:11:44.404		0.83069			4
2025.01.07	00:12:01.555	0.82902				2
2025.01.07	00:12:05.191		0.83067			4
2025.01.07	00:12:06.353		0.83066			4
2025.01.07	00:12:13.184		0.83065			4
2025.01.07	00:12:17.460		0.83064			4
2025.01.07	00:12:22.531		0.83067			4
2025.01.07	00:12:24.690		0.83069			4
2025.01.07	00:12:25.636		0.83071			4
2025.01.07	00:12:26.962	0.82901				2
2025.01.07	00:12:27.717	0.82908	0.83070			6
2025.01.07	00:12:28.354	0.82910				2
2025.01.07	00:12:30.437	0.82909				2
2025.01.07	00:12:32.354	0.82910				2
2025.01.07	00:12:37.693	0.82909				2
2025.01.07	00:12:39.087	0.82912				2
2025.01.07	00:12:40.151	0.82913				2
2025.01.07	00:12:42.289	0.82901				2
2025.01.07	00:12:43.042		0.83057			4
2025.01.07	00:12:45.998		0.83054			4
2025.01.07	00:12:46.635		0.83053			4
2025.01.07	00:12:47.242		0.83055			4
2025.01.07	00:12:48.356		0.83052			4
2025.01.07	00:12:49.539		0.83051			4
2025.01.07	00:12:50.433		0.83050			4
2025.01.07	00:12:56.388		0.83046			4
2025.01.07	00:13:00.309	0.82901				2
2025.01.07	00:13:11.106		0.83045			4
2025.01.07	00:13:24.422		0.83044			4
2025.01.07	00:13:26.658	0.82918	0.83047			6
2025.01.07	00:13:30.005		0.83048			4
2025.01.07	00:13:30.327		0.83069			4
2025.01.07	00:13:32.329	0.82987	0.83081			6
2025.01.07	00:13:32.647	0.82986				2
2025.01.07	00:13:34.148	0.82933				2
2025.01.07	00:13:34.965	0.82939				2
2025.01.07	00:13:36.032	0.82940				2
2025.01.07	00:13:36.351	0.82942				2
2025.01.07	00:13:38.107	0.82940				2
2025.01.07	00:13:39.327		0.83074			4
2025.01.07	00:13:44.808	0.82919	0.83077			6
2025.01.07	00:13:46.350		0.83076			4
2025.01.07	00:13:47.015		0.83074			4
2025.01.07	00:13:55.415	0.82916	0.83075			6
2025.01.07	00:13:55.726		0.83074			4
2025.01.07	00:13:56.355	0.82918	0.83078			6
2025.01.07	00:13:58.322	0.82926				2
2025.01.07	00:13:58.672	0.82934				2
2025.01.07	00:14:01.202	0.82934	0.83077			6
2025.01.07	00:14:01.556	0.82932				2
2025.01.07	00:14:03.749	0.82931				2
2025.01.07	00:14:06.667	0.82932				2
2025.01.07	00:14:07.670	0.82933				2
2025.01.07	00:14:08.622	0.82925				2
2025.01.07	00:14:09.009	0.82923				2
2025.01.07	00:14:11.640	0.82933				2
2025.01.07	00:14:12.347	0.82934				2
2025.01.07	00:14:14.620	0.82936				2
2025.01.07	00:14:21.174	0.82902	0.83075			6
2025.01.07	00:14:22.164		0.83071			4
2025.01.07	00:14:24.979		0.83074			4
2025.01.07	00:14:28.411	0.82908	0.83076			6
2025.01.07	00:14:30.076	0.82902	0.83077			6
2025.01.07	00:14:32.157	0.82907				2
2025.01.07	00:14:32.466	0.82903	0.83076			6
2025.01.07	00:14:33.405	0.82907				2
2025.01.07	00:14:34.492		0.83079			4
2025.01.07	00:14:35.490	0.82911				2
2025.01.07	00:14:37.130	0.82912	0.83078			6
2025.01.07	00:14:38.460	0.82913				2
2025.01.07	00:14:40.043	0.82924	0.83077			6
2025.01.07	00:14:40.374		0.83076			4
2025.01.07	00:14:44.614	0.82925				2
2025.01.07	00:14:47.105		0.83075			4
2025.01.07	00:14:50.675	0.82926				2
2025.01.07	00:14:51.393	0.82930				2
2025.01.07	00:14:55.199	0.82928	0.83076			6
2025.01.07	00:14:56.198	0.82929				2
2025.01.07	00:14:58.693		0.83070			4
2025.01.07	00:15:00.308	0.82930	0.83069			6
2025.01.07	00:15:02.397	0.82935	0.83063			6
2025.01.07	00:15:06.273		0.83055			4
2025.01.07	00:15:08.556	0.82940				2
2025.01.07	00:16:19.816	0.82940	0.83055			6
2025.01.07	00:16:20.443	0.82971	0.83063			6
2025.01.07	00:16:20.758	0.82972	0.83065			6
2025.01.07	00:16:21.387	0.82971				2
2025.01.07	00:16:22.620	0.82962				2
2025.01.07	00:16:23.041	0.82961				2
2025.01.07	00:16:26.392		0.83066			4
2025.01.07	00:16:28.841	0.82966				2
2025.01.07	00:16:40.801		0.83065			4
2025.01.07	00:16:42.688	0.82967				2
2025.01.07	00:16:55.617	0.82965				2
2025.01.07	00:17:02.357	0.82966				2
2025.01.07	00:17:08.788	0.82967				2
2025.01.07	00:17:11.414		0.83064			4
2025.01.07	00:17:12.139	0.82970	0.83059			6
2025.01.07	00:17:13.653	0.82969				2
2025.01.07	00:17:18.300	0.82970				2
2025.01.07	00:17:19.012		0.83054			4
2025.01.07	00:17:22.819	0.82971				2
2025.01.07	00:17:27.968	0.82969				2
2025.01.07	00:17:29.098		0.83053			4
2025.01.07	00:17:30.424		0.83052			4
2025.01.07	00:17:32.490	0.82968				2
2025.01.07	00:17:37.512	0.82970				2
2025.01.07	00:17:42.693	0.82968				2
2025.01.07	00:17:47.527	0.82969				2
2025.01.07	00:17:49.803	0.82971	0.83051			6
2025.01.07	00:17:50.139		0.83052			4
2025.01.07	00:17:52.517	0.82970				2
2025.01.07	00:17:59.151	0.82966	0.83051			6
2025.01.07	00:18:01.785	0.82966				2
2025.01.07	00:18:04.274	0.82970	0.83052			6
2025.01.07	00:18:04.640		0.83062			4
2025.01.07	00:18:08.040	0.82971				2
2025.01.07	00:18:09.163	0.82968				2
2025.01.07	00:18:09.689	0.82965				2
2025.01.07	00:18:12.909		0.83061			4
2025.01.07	00:18:13.903	0.82968				2
2025.01.07	00:18:19.215	0.82963				2
2025.01.07	00:18:20.490	0.82960				2
2025.01.07	00:18:23.402	0.82966				2
2025.01.07	00:18:23.725	0.82964				2
2025.01.07	00:18:28.777	0.82968				2
2025.01.07	00:18:29.263	0.82971				2
2025.01.07	00:18:39.649	0.82967				2
2025.01.07	00:18:40.522	0.82970				2
2025.01.07	00:18:49.328	0.82966				2
2025.01.07	00:18:52.433	0.82971				2
2025.01.07	00:19:02.352	0.82970				2
2025.01.07	00:19:12.567	0.82971				2
2025.01.07	00:19:19.204		0.83060			4
2025.01.07	00:19:22.945	0.82972				2
2025.01.07	00:19:28.348	0.82970				2
2025.01.07	00:19:30.358	0.82964				2
2025.01.07	00:19:31.362	0.82967				2
2025.01.07	00:19:31.872	0.82966				2
2025.01.07	00:19:33.100	0.82967				2
2025.01.07	00:19:39.508	0.82971				2
2025.01.07	00:19:47.473	0.82972				2
2025.01.07	00:19:48.485	0.82968				2
2025.01.07	00:19:49.100	0.82969				2
2025.01.07	00:19:49.554	0.82973				2
2025.01.07	00:19:52.804	0.82972				2
2025.01.07	00:19:53.832	0.82970				2
2025.01.07	00:19:57.731	0.82972				2
2025.01.07	00:19:58.483	0.82973				2
2025.01.07	00:19:59.573	0.82970				2
2025.01.07	00:20:00.639	0.82968				2
2025.01.07	00:20:02.441	0.82965				2
2025.01.07	00:20:03.163	0.82964				2
2025.01.07	00:20:04.222	0.82968				2
2025.01.07	00:20:08.042	0.82967	0.83057			6
2025.01.07	00:20:09.603	0.82970				2
2025.01.07	00:20:10.114	0.82967	0.83059			6
2025.01.07	00:20:12.877	0.82968				2
2025.01.07	00:20:13.235	0.82971				2
2025.01.07	00:20:13.821	0.82972				2
2025.01.07	00:20:17.466	0.82970				2
2025.01.07	00:20:26.708		0.83058			4
2025.01.07	00:20:27.332	0.82972				2
2025.01.07	00:20:32.761	0.82969				2
2025.01.07	00:20:37.761	0.82972				2
2025.01.07	00:20:43.021	0.82971				2
2025.01.07	00:20:56.101		0.83057			4
2025.01.07	00:21:02.706	0.82971				2
2025.01.07	00:21:26.429		0.83053			4
2025.01.07	00:21:27.939		0.83056			4
2025.01.07	00:21:28.355	0.82966				2
2025.01.07	00:21:28.907		0.83055			4
2025.01.07	00:21:30.619		0.83053			4
2025.01.07	00:21:38.359	0.82971				2
2025.01.07	00:21:42.787		0.83048			4
2025.01.07	00:21:43.504		0.83047			4
2025.01.07	00:21:47.155		0.83052			4
2025.01.07	00:21:53.221		0.83049			4
2025.01.07	00:21:54.355	0.82970				2
2025.01.07	00:22:02.362	0.82970				2
2025.01.07	00:22:04.201	0.82971				2
2025.01.07	00:22:17.401		0.83048			4
2025.01.07	00:22:27.494		0.83045			4
2025.01.07	00:22:28.357	0.82970				2
2025.01.07	00:22:32.488	0.82967	0.83032			6
2025.01.07	00:22:35.418		0.83031			4
2025.01.07	00:22:38.359	0.82968	0.83032			6
2025.01.07	00:22:39.905	0.82967	0.83038			6
2025.01.07	00:22:40.206	0.82965				2
2025.01.07	00:22:44.702	0.82969	0.83048			6
2025.01.07	00:22:54.663		0.83049			4
2025.01.07	00:22:56.357	0.82970				2
2025.01.07	00:23:00.254	0.82970				2
2025.01.07	00:23:14.355	0.82971				2
2025.01.07	00:24:11.798	0.82971	0.83049			6
2025.01.07	00:24:22.408	0.82969				2
2025.01.07	00:24:26.201	0.82971				2
2025.01.07	00:24:39.403	0.82970				2
2025.01.07	00:24:48.960	0.82972				2
2025.01.07	00:24:53.509	0.82971				2
2025.01.07	00:24:58.281	0.82972				2
2025.01.07	00:25:00.319	0.82917				2
2025.01.07	00:25:00.754	0.82946				2
2025.01.07	00:25:10.667	0.82918				2
2025.01.07	00:25:11.879		0.83049			4
2025.01.07	00:25:24.601	0.82919				2
2025.01.07	00:25:56.107	0.82973	0.83058			6
2025.01.07	00:26:02.475	0.82973				2
2025.01.07	00:26:13.839		0.83057			4
2025.01.07	00:26:20.912		0.83058			4
2025.01.07	00:26:30.473		0.83057			4
2025.01.07	00:26:33.895	0.82974	0.83058			6
2025.01.07	00:26:37.075		0.83059			4
2025.01.07	00:26:49.630		0.83058			4
2025.01.07	00:27:04.000	0.82974				2
2025.01.07	00:27:11.716	0.82973				2
2025.01.07	00:27:14.708	0.82974				2
2025.01.07	00:27:20.711	0.82973	0.83059			6
2025.01.07	00:27:42.602	0.82972	0.83060			6
2025.01.07	00:27:42.907		0.83056			4
2025.01.07	00:27:46.806	0.82971	0.83057			6
2025.01.07	00:27:55.801		0.83058			4
2025.01.07	00:27:59.297	0.82969	0.83060			6
2025.01.07	00:27:59.716		0.83054			4
2025.01.07	00:28:00.368	0.82969				2
2025.01.07	00:28:13.527	0.82974	0.83058			6
2025.01.07	00:28:14.057	0.82975	0.83059			6
2025.01.07	00:28:15.640		0.83058			4
2025.01.07	00:28:44.690	0.82973	0.83056			6
2025.01.07	00:28:50.700	0.82972				2
2025.01.07	00:28:55.682	0.82974	0.83057			6
2025.01.07	00:29:00.006	0.82974				2
2025.01.07	00:29:11.102		0.83056			4
2025.01.07	00:29:34.503	0.82975	0.83055			6
2025.01.07	00:29:48.062	0.82972	0.83054			6
2025.01.07	00:29:48.656		0.83052			4
2025.01.07	00:29:50.419	0.82979				2
2025.01.07	00:30:00.308	0.82973				2
2025.01.07	00:30:00.904	0.82972	0.83051			6
2025.01.07	00:30:04.831	0.82973				2
2025.01.07	00:30:05.144	0.82972	0.83050			6
2025.01.07	00:30:06.002	0.82973	0.83051			6
2025.01.07	00:30:11.938	0.82972	0.83050			6
2025.01.07	00:30:13.207		0.83049			4
2025.01.07	00:30:15.386	0.82973	0.83050			6
2025.01.07	00:30:16.484	0.82974	0.83051			6
2025.01.07	00:30:17.691	0.82973	0.83050			6
2025.01.07	00:30:23.703		0.83049			4
2025.01.07	00:30:28.871	0.82972	0.83048			6
2025.01.07	00:30:29.407	0.82974	0.83050			6
2025.01.07	00:30:30.617	0.82973	0.83049			6
2025.01.07	00:30:32.072		0.83048			4
2025.01.07	00:30:32.404	0.82975	0.83050			6
2025.01.07	00:30:33.607	0.82973	0.83049			6
2025.01.07	00:30:34.979	0.82975	0.83050			6
2025.01.07	00:30:35.908	0.82973	0.83049			6
2025.01.07	00:30:36.531		0.83048			4
2025.01.07	00:30:37.004	0.82975	0.83050			6
2025.01.07	00:30:38.008	0.82973	0.83048			6
2025.01.07	00:30:38.403	0.82972	0.83050			6
2025.01.07	00:30:38.702	0.82975	0.83051			6
2025.01.07	00:30:41.401	0.82976				2
2025.01.07	00:30:50.704	0.82977				2
2025.01.07	00:30:57.952	0.82979	0.83053			6
2025.01.07	00:30:58.954	0.82978	0.83051			6
2025.01.07	00:31:00.366	0.82978				2
2025.01.07	00:31:00.906	0.82977				2
2025.01.07	00:31:03.657	0.82975	0.83052			6
2025.01.07	00:31:03.960	0.82979				2
2025.01.07	00:31:05.805	0.82978				2
2025.01.07	00:31:07.697	0.82979	0.83051			6
2025.01.07	00:31:08.101		0.83052			4
2025.01.07	00:31:09.902		0.83051			4
2025.01.07	00:31:10.967	0.82978	0.83052			6
2025.01.07	00:31:12.603	0.82977	0.83053			6
2025.01.07	00:31:12.930	0.82979				2
2025.01.07	00:31:15.301	0.82978				2
2025.01.07	00:31:20.392	0.82979				2
2025.01.07	00:31:35.564		0.83050			4
2025.01.07	00:31:36.226	0.82978	0.83049			6
2025.01.07	00:31:39.974	0.82977				2
2025.01.07	00:31:53.700		0.83050			4
2025.01.07	00:32:00.341	0.82977	0.83049			6
2025.01.07	00:32:01.489		0.83050			4
2025.01.07	00:32:02.553		0.83047			4
2025.01.07	00:32:03.443	0.82982	0.83051			6
2025.01.07	00:32:04.195	0.82983	0.83052			6
2025.01.07	00:32:06.306	0.82982				2
2025.01.07	00:32:07.791		0.83051			4
2025.01.07	00:32:08.203	0.82981				2
2025.01.07	00:32:10.675	0.82982				2
2025.01.07	00:32:15.508	0.82984	0.83053			6
2025.01.07	00:32:15.903	0.82979	0.83051			6
2025.01.07	00:32:31.269	0.82981				2
2025.01.07	00:32:32.403		0.83052			4
2025.01.07	00:32:36.298		0.83051			4
2025.01.07	00:32:53.903	0.82982	0.83050			6
2025.01.07	00:32:55.326	0.82981	0.83051			6
2025.01.07	00:33:01.574	0.82982				2
2025.01.07	00:33:02.423	0.82983				2
2025.01.07	00:33:03.430	0.82981				2
2025.01.07	00:33:07.196	0.82982				2
2025.01.07	00:33:14.956	0.82983	0.83050			6
2025.01.07	00:33:17.708	0.82982	0.83049			6
2025.01.07	00:33:25.691		0.83048			4
2025.01.07	00:33:26.092	0.82981				2
2025.01.07	00:33:30.950	0.82980				2
2025.01.07	00:33:34.153	0.82981				2
2025.01.07	00:33:38.094	0.82980				2
2025.01.07	00:33:40.803	0.82981				2
2025.01.07	00:34:03.614	0.82981				2
2025.01.07	00:34:09.313		0.83047			4
2025.01.07	00:34:12.604	0.82982	0.83046			6
2025.01.07	00:34:12.921	0.82981	0.83045			6
2025.01.07	00:34:20.706		0.83044			4
2025.01.07	00:34:29.390	0.82982	0.83045			6
2025.01.07	00:34:29.999	0.82981	0.83044			6
2025.01.07	00:34:36.001	0.82982	0.83045			6
2025.01.07	00:34:42.904		0.83044			4
2025.01.07	00:35:01.557	0.82982				2
2025.01.07	00:35:13.902	0.82983	0.83045			6
2025.01.07	00:35:15.605	0.82984	0.83046			6
2025.01.07	00:35:19.809	0.82983	0.83044			6
2025.01.07	00:35:24.607	0.82984	0.83045			6
2025.01.07	00:35:36.044	0.82983	0.83046			6
2025.01.07	00:35:37.341	0.82984	0.83045			6
2025.01.07	00:35:41.268	0.82985				2
2025.01.07	00:36:01.206	0.82985				2
2025.01.07	00:36:11.509	0.82981	0.83041			6
2025.01.07	00:36:11.884	0.82976	0.83039			6
2025.01.07	00:36:13.318	0.82977				2
2025.01.07	00:36:16.327	0.82978	0.83038			6
2025.01.07	00:36:17.698		0.83037			4
2025.01.07	00:36:18.625	0.82975	0.83040			6
2025.01.07	00:36:20.304	0.82976	0.83039			6
2025.01.07	00:36:23.702	0.82975	0.83038			6
2025.01.07	00:36:24.601	0.82973				2
2025.01.07	00:36:33.605	0.82974				2
2025.01.07	00:36:37.349	0.82975				2
2025.01.07	00:36:38.106	0.82973				2
2025.01.07	00:36:43.802	0.82974				2
2025.01.07	00:36:49.507	0.82973				2
2025.01.07	00:36:54.667		0.83037			4
2025.01.07	00:37:00.904	0.82973				2
2025.01.07	00:37:07.454	0.82974				2
2025.01.07	00:37:11.996	0.82975				2
2025.01.07	00:37:12.673	0.82974				2
2025.01.07	00:37:13.266	0.82975				2
2025.01.07	00:37:18.981	0.82976				2
2025.01.07	00:37:19.809	0.82973				2
2025.01.07	00:37:21.211		0.83036			4
2025.01.07	00:37:23.399	0.82974				2
2025.01.07	00:37:23.726	0.82973	0.83037			6
2025.01.07	00:37:24.318	0.82974				2
2025.01.07	00:37:29.202	0.82976	0.83036			6
2025.01.07	00:37:29.667	0.82948	0.83035			6
2025.01.07	00:37:29.986	0.82943				2
2025.01.07	00:37:30.308	0.82941				2
2025.01.07	00:37:31.479	0.82948				2
2025.01.07	00:37:31.784	0.82955				2
2025.01.07	00:37:32.104	0.82957				2
2025.01.07	00:37:32.705	0.82958				2
2025.01.07	00:37:33.302	0.82960				2
2025.01.07	00:37:33.623	0.82962	0.83015			6
2025.01.07	00:37:33.943	0.82960				2
2025.01.07	00:37:35.274	0.82961	0.83016			6
2025.01.07	00:37:35.605	0.82960				2
2025.01.07	00:37:35.939	0.82953	0.83012			6
2025.01.07	00:37:36.316	0.82954	0.83011			6
2025.01.07	00:37:36.749	0.82958	0.83014			6
2025.01.07	00:37:38.109	0.82959				2
2025.01.07	00:37:38.612	0.82960	0.83015			6
2025.01.07	00:37:39.180		0.83014			4
2025.01.07	00:37:39.482	0.82964	0.83026			6
2025.01.07	00:37:39.790	0.82973	0.83028			6
2025.01.07	00:37:40.505	0.82974	0.83029			6
2025.01.07	00:37:41.327	0.82975				2
2025.01.07	00:37:41.748	0.82976	0.83031			6
2025.01.07	00:37:42.551	0.82977				2
2025.01.07	00:37:43.804	0.82975				2
2025.01.07	00:37:44.381	0.82976	0.83032			6
2025.01.07	00:37:46.448	0.82977	0.83031			6
2025.01.07	00:37:47.001	0.82974	0.83036			6
2025.01.07	00:37:47.307	0.82976	0.83038			6
2025.01.07	00:37:47.812	0.82977				2
2025.01.07	00:37:48.371	0.82979	0.83037			6
2025.01.07	00:37:48.973		0.83038			4
2025.01.07	00:37:53.227		0.83039			4
2025.01.07	00:37:54.506	0.82980	0.83038			6
2025.01.07	00:37:54.911	0.82982				2
2025.01.07	00:37:55.232	0.82981	0.83039			6
2025.01.07	00:38:00.398	0.82980	0.83040			6
2025.01.07	00:38:03.004	0.82981				2
2025.01.07	00:38:05.404	0.82982				2
2025.01.07	00:38:10.266	0.82988	0.83046			6
2025.01.07	00:38:13.218		0.83045			4
2025.01.07	00:38:14.404	0.82987	0.83046			6
2025.01.07	00:38:14.711	0.82989				2
2025.01.07	00:38:15.901	0.82990				2
2025.01.07	00:38:17.625	0.82991				2
2025.01.07	00:38:21.803		0.83044			4
2025.01.07	00:38:22.912	0.82990	0.83045			6
2025.01.07	00:38:25.568		0.83044			4
2025.01.07	00:38:27.608	0.82991				2
2025.01.07	00:38:34.873		0.83045			4
2025.01.07	00:38:37.573	0.82989				2
2025.01.07	00:38:38.402	0.82990				2
2025.01.07	00:38:38.771	0.82991				2
2025.01.07	00:38:42.350	0.82989	0.83047			6
2025.01.07	00:38:44.463		0.83048			4
2025.01.07	00:38:45.707		0.83047			4
2025.01.07	00:38:47.705	0.82988	0.83048			6
2025.01.07	00:38:50.360	0.82991	0.83045			6
2025.01.07	00:38:50.826		0.83044			4
2025.01.07	00:38:52.800	0.82990	0.83045			6
2025.01.07	00:38:54.682	0.82991	0.83044			6
2025.01.07	00:38:55.112	0.82990	0.83045			6
2025.01.07	00:38:55.463	0.82991	0.83044			6
2025.01.07	00:38:58.122	0.82990	0.83045			6
2025.01.07	00:39:00.142	0.82991	0.83044			6
2025.01.07	00:39:02.804	0.82990	0.83045			6
2025.01.07	00:39:04.503	0.82991	0.83044			6
2025.01.07	00:39:08.103		0.83043			4
2025.01.07	00:39:09.211	0.82990	0.83044			6
2025.01.07	00:39:10.713	0.82991				2
2025.01.07	00:39:21.107	0.82990	0.83045			6
2025.01.07	00:39:21.907	0.82991	0.83044			6
2025.01.07	00:39:22.349	0.82990	0.83045			6
2025.01.07	00:39:27.964	0.82991	0.83043			6
2025.01.07	00:39:31.300		0.83044			4
2025.01.07	00:39:32.704		0.83043			4
2025.01.07	00:39:33.840	0.82990	0.83045			6
2025.01.07	00:39:36.008	0.82991	0.83044			6
2025.01.07	00:39:37.689	0.82990				2
2025.01.07	00:39:38.935	0.82991	0.83043			6
2025.01.07	00:39:39.460	0.82990	0.83044			6
2025.01.07	00:39:40.076		0.83045			4
2025.01.07	00:39:40.886	0.82991	0.83044			6
2025.01.07	00:39:43.427	0.82992				2
2025.01.07	00:39:43.869	0.82990	0.83045			6
2025.01.07	00:39:46.115	0.82991	0.83044			6
2025.01.07	00:39:48.137	0.82990	0.83045			6
2025.01.07	00:39:50.143	0.82991				2
2025.01.07	00:39:51.971	0.82992	0.83044			6
2025.01.07	00:40:00.089	0.82992				2
2025.01.07	00:40:09.912		0.83043			4
2025.01.07	00:40:22.580	0.82991	0.83044			6
2025.01.07	00:40:23.141		0.83045			4
2025.01.07	00:40:23.579	0.82992				2
2025.01.07	00:40:33.699		0.83044			4
2025.01.07	00:40:35.705	0.82993				2
2025.01.07	00:40:52.187	0.82992				2
2025.01.07	00:41:00.179	0.82992				2
2025.01.07	00:41:01.562	0.82993				2
2025.01.07	00:41:29.846	0.82996	0.83042			6
2025.01.07	00:41:32.844	0.82995	0.83041			6
2025.01.07	00:41:50.700	0.82996				2
2025.01.07	00:42:00.280	0.82996				2
2025.01.07	00:42:00.583	0.82991	0.83036			6
2025.01.07	00:42:01.803	0.82992	0.83037			6
2025.01.07	00:42:04.408	0.82989	0.83035			6
2025.01.07	00:42:04.757	0.82992	0.83037			6
2025.01.07	00:42:06.167	0.82991	0.83036			6
2025.01.07	00:42:08.400		0.83037			4
2025.01.07	00:42:08.738	0.82985	0.83033			6
2025.01.07	00:42:10.010	0.82986				2
2025.01.07	00:42:11.107	0.82984				2
2025.01.07	00:42:13.314	0.82983				2
2025.01.07	00:42:16.290	0.82984	0.83031			6
2025.01.07	00:42:17.107		0.83030			4
2025.01.07	00:42:29.708	0.82986	0.83032			6
2025.01.07	00:42:32.163	0.82987	0.83033			6
2025.01.07	00:42:35.333	0.82985	0.83031			6
2025.01.07	00:42:36.012	0.82986	0.83032			6
2025.01.07	00:42:41.561	0.82987	0.83033			6
2025.01.07	00:42:53.105		0.83032			4
2025.01.07	00:42:54.904		0.83033			4
2025.01.07	00:43:00.397	0.82987				2
2025.01.07	00:43:09.509	0.82988	0.83034			6
2025.01.07	00:43:10.562	0.82987	0.83032			6
2025.01.07	00:43:29.725		0.83033			4
2025.01.07	00:44:00.687	0.82987				2
2025.01.07	00:44:30.783		0.83033			4
2025.01.07	00:44:41.566	0.82986	0.83032			6
2025.01.07	00:44:56.024	0.82985				2
2025.01.07	00:44:58.710	0.82986				2
2025.01.07	00:45:00.947	0.82986				2
2025.01.07	00:45:02.087	0.82981	0.83041			6
2025.01.07	00:45:03.910	0.82986	0.83032			6
2025.01.07	00:45:08.215	0.82998	0.83020			6
2025.01.07	00:45:19.165	0.82997	0.83019			6
2025.01.07	00:45:41.560	0.82999	0.83021			6
2025.01.07	00:46:01.568	0.82999				2
2025.01.07	00:46:42.048		0.83021			4
2025.01.07	00:46:57.012	0.82998				2
2025.01.07	00:47:01.394	0.82998				2
2025.01.07	00:47:01.912	0.82990	0.83026			6
2025.01.07	00:47:04.069	0.82998	0.83021			6
2025.01.07	00:47:41.209	0.82997	0.83019			6
2025.01.07	00:48:00.386	0.82997				2
2025.01.07	00:48:07.633	0.82987	0.83017			6
2025.01.07	00:48:08.103	0.82986	0.83012			6
2025.01.07	00:48:08.471	0.82987	0.83009			6
2025.01.07	00:48:09.008	0.82989	0.83011			6
2025.01.07	00:48:09.566	0.82990	0.83012			6
2025.01.07	00:48:15.628	0.82993	0.83016			6
2025.01.07	00:48:16.060		0.83018			4
2025.01.07	00:48:21.004	0.82994				2
2025.01.07	00:48:26.298	0.82993	0.83017			6
2025.01.07	00:48:29.043	0.82994				2
2025.01.07	00:48:29.641	0.82993				2
2025.01.07	00:48:34.507		0.83018			4
2025.01.07	00:48:36.671	0.82991	0.83014			6
2025.01.07	00:48:38.737	0.82989	0.83012			6
2025.01.07	00:48:39.084	0.82991	0.83014			6
2025.01.07	00:48:41.484	0.82993	0.83015			6
2025.01.07	00:48:49.453		0.83016			4
2025.01.07	00:49:00.599	0.82990	0.83020			6
2025.01.07	00:49:01.209		0.83013			4
2025.01.07	00:49:01.529	0.82989	0.83014			6
2025.01.07	00:49:02.004		0.83012			4
2025.01.07	00:49:06.016	0.82988	0.83011			6
2025.01.07	00:49:10.007		0.83014			4
2025.01.07	00:49:11.087	0.82989	0.83013			6
2025.01.07	00:49:24.904	0.82988	0.83012			6
2025.01.07	00:49:28.021		0.83013			4
2025.01.07	00:49:32.108	0.82987				2
2025.01.07	00:49:33.154	0.82988				2
2025.01.07	00:49:37.437	0.82987	0.83011			6
2025.01.07	00:49:39.090	0.82986	0.83013			6
2025.01.07	00:49:41.474		0.83014			4
2025.01.07	00:49:43.358		0.83015			4
2025.01.07	00:49:44.592		0.83013			4
2025.01.07	00:49:47.217	0.82987				2
2025.01.07	00:49:52.269	0.82985	0.83014			6
2025.01.07	00:49:53.330	0.82986	0.83011			6
2025.01.07	00:49:57.748	0.82984	0.83013			6
2025.01.07	00:49:58.913	0.82987	0.83010			6
2025.01.07	00:50:00.416	0.82987				2
2025.01.07	00:50:03.638	0.82986	0.83012			6
2025.01.07	00:50:03.972	0.82988	0.83011			6
2025.01.07	00:50:04.279	0.82989	0.83015			6
2025.01.07	00:50:04.627		0.83013			4
2025.01.07	00:50:05.350		0.83012			4
2025.01.07	00:50:05.912	0.82987	0.83015			6
2025.01.07	00:50:06.264	0.82990	0.83014			6
2025.01.07	00:50:07.495	0.82989	0.83015			6
2025.01.07	00:50:07.804		0.83013			4
2025.01.07	00:50:12.969		0.83014			4
2025.01.07	00:50:14.743	0.82988	0.83013			6
2025.01.07	00:50:16.569		0.83012			4
2025.01.07	00:50:17.447	0.82985	0.83015			6
2025.01.07	00:50:19.428	0.82986	0.83017			6
2025.01.07	00:50:19.803		0.83015			4
2025.01.07	00:50:20.543	0.82988	0.83011			6
2025.01.07	00:50:21.622	0.82985	0.83013			6
2025.01.07	00:50:23.630		0.83014			4
2025.01.07	00:50:24.551	0.82986	0.83013			6
2025.01.07	00:50:25.472	0.82984				2
2025.01.07	00:50:25.915	0.82986	0.83012			6
2025.01.07	00:50:26.355	0.82985	0.83014			6
2025.01.07	00:50:26.703		0.83013			4
2025.01.07	00:50:27.352	0.82987	0.83011			6
2025.01.07	00:50:29.410	0.82988				2
2025.01.07	00:50:36.106	0.82985	0.83013			6
2025.01.07	00:50:37.867	0.82986				2
2025.01.07	00:50:39.976	0.82988	0.83011			6
2025.01.07	00:50:40.475	0.82985	0.83013			6
2025.01.07	00:50:40.814	0.82984				2
2025.01.07	00:50:41.444	0.82983	0.83006			6
2025.01.07	00:50:42.351	0.82979	0.83009			6
2025.01.07	00:50:42.689	0.82980				2
2025.01.07	00:50:43.651	0.82981	0.83004			6
2025.01.07	00:50:52.970	0.82982	0.83005			6
2025.01.07	00:51:00.367	0.82982				2
2025.01.07	00:51:03.168	0.82983	0.83006			6
2025.01.07	00:51:05.472	0.82981	0.83008			6
2025.01.07	00:51:06.368	0.82982	0.83007			6
2025.01.07	00:51:07.660	0.82981				2
2025.01.07	00:51:10.187	0.82982				2
2025.01.07	00:51:12.407	0.82981	0.83008			6
2025.01.07	00:51:14.471	0.82986	0.83009			6
2025.01.07	00:51:16.805		0.83011			4
2025.01.07	00:51:19.272		0.83012			4
2025.01.07	00:51:19.805	0.82983	0.83014			6
2025.01.07	00:51:25.364	0.82985	0.83011			6
2025.01.07	00:51:29.306		0.83010			4
2025.01.07	00:51:29.706		0.83012			4
2025.01.07	00:51:40.236	0.82989				2
2025.01.07	00:51:41.542	0.82986	0.83015			6
2025.01.07	00:51:42.012		0.83012			4
2025.01.07	00:51:43.877	0.82984	0.83015			6
2025.01.07	00:51:45.667	0.82987	0.83011			6
2025.01.07	00:51:47.907	0.82988				2
2025.01.07	00:51:48.610	0.82987				2
2025.01.07	00:51:49.364	0.82986				2
2025.01.07	00:51:50.174	0.82984	0.83013			6
2025.01.07	00:51:51.980	0.82985	0.83011			6
2025.01.07	00:51:52.572		0.83009			4
2025.01.07	00:51:54.616	0.82984	0.83010			6
2025.01.07	00:51:58.321	0.82983				2
2025.01.07	00:52:01.653	0.82983	0.83011			6
2025.01.07	00:52:04.238	0.82984	0.83009			6
2025.01.07	00:52:05.335	0.82983	0.83010			6
2025.01.07	00:52:08.705	0.82984	0.83009			6
2025.01.07	00:52:11.105	0.82983	0.83010			6
2025.01.07	00:52:12.222	0.82981	0.83012			6
2025.01.07	00:52:13.394		0.83011			4
2025.01.07	00:52:14.706	0.82982	0.83009			6
2025.01.07	00:52:18.917		0.83010			4
2025.01.07	00:52:21.636	0.82983	0.83009			6
2025.01.07	00:52:23.477		0.83010			4
2025.01.07	00:52:26.414		0.83009			4
2025.01.07	00:52:26.877	0.82982	0.83011			6
2025.01.07	00:52:29.163		0.83010			4
2025.01.07	00:52:31.514	0.82983				2
2025.01.07	00:52:41.439		0.83008			4
2025.01.07	00:52:42.138	0.82984	0.83007			6
2025.01.07	00:52:45.304	0.82983				2
2025.01.07	00:52:48.018	0.82984	0.83009			6
2025.01.07	00:52:49.837	0.82983				2
2025.01.07	00:52:50.473	0.82985	0.83008			6
2025.01.07	00:52:51.757	0.82984	0.83009			6
2025.01.07	00:52:52.219	0.82983				2
2025.01.07	00:52:53.749		0.83010			4
2025.01.07	00:52:54.573		0.83009			4
2025.01.07	00:53:00.372	0.82983				2
2025.01.07	00:53:01.507	0.82984	0.83010			6
2025.01.07	00:53:01.829	0.82985	0.83009			6
2025.01.07	00:53:02.224	0.82983	0.83010			6
2025.01.07	00:53:02.667		0.83008			4
2025.01.07	00:53:03.007		0.83007			4
2025.01.07	00:53:03.701	0.82982	0.83006			6
2025.01.07	00:53:04.013	0.82980	0.83008			6
2025.01.07	00:53:05.626		0.83007			4
2025.01.07	00:53:07.902		0.83008			4
2025.01.07	00:53:08.503	0.82982	0.83007			6
2025.01.07	00:53:11.366		0.83010			4
2025.01.07	00:53:14.703		0.83009			4
2025.01.07	00:53:19.514		0.83010			4
2025.01.07	00:53:21.920		0.83009			4
2025.01.07	00:53:25.204		0.83010			4
2025.01.07	00:53:26.619	0.82981				2
2025.01.07	00:53:27.091	0.82982				2
2025.01.07	00:53:32.174	0.82981				2
2025.01.07	00:53:33.409	0.82982				2
2025.01.07	00:53:36.375	0.82981	0.83011			6
2025.01.07	00:53:36.906	0.82982	0.83010			6
2025.01.07	00:53:38.358	0.82981	0.83008			6
2025.01.07	00:53:39.062		0.83010			4
2025.01.07	00:53:39.535	0.82980	0.83011			6
2025.01.07	00:53:41.405	0.82981	0.83010			6
2025.01.07	00:53:41.772	0.82982				2
2025.01.07	00:53:45.374	0.82981				2
2025.01.07	00:53:46.605		0.83011			4
2025.01.07	00:53:48.970	0.82982	0.83010			6
2025.01.07	00:53:50.359	0.82981	0.83011			6
2025.01.07	00:53:51.788	0.82980	0.83010			6
2025.01.07	00:53:57.233	0.82982	0.83007			6
2025.01.07	00:53:57.906		0.83009			4
2025.01.07	00:53:59.402		0.83006			4
2025.01.07	00:54:00.003	0.82982	0.83007			6
2025.01.07	00:54:00.966		0.83008			4
2025.01.07	00:54:02.708	0.82983				2
2025.01.07	00:54:03.340	0.82981	0.83009			6
2025.01.07	00:54:03.906		0.83012			4
2025.01.07	00:54:05.470	0.82983	0.83010			6
2025.01.07	00:54:06.006		0.83012			4
2025.01.07	00:54:06.904	0.82984	0.83011			6
2025.01.07	00:54:09.337	0.82981	0.83013			6
2025.01.07	00:54:09.661	0.82983	0.83008			6
2025.01.07	00:54:10.369	0.82982	0.83009			6
2025.01.07	00:54:13.615		0.83010			4
2025.01.07	00:54:14.142		0.83007			4
2025.01.07	00:54:14.710		0.83008			4
2025.01.07	00:54:17.745	0.82983	0.83007			6
2025.01.07	00:54:18.313		0.83008			4
2025.01.07	00:54:20.355		0.83010			4
2025.01.07	00:54:21.495		0.83009			4
2025.01.07	00:54:22.505	0.82984	0.83011			6
2025.01.07	00:54:23.786		0.83012			4
2025.01.07	00:54:24.313		0.83013			4
2025.01.07	00:54:26.862		0.83015			4
2025.01.07	00:54:30.005	0.82983				2
2025.01.07	00:54:32.707	0.82982				2
2025.01.07	00:54:33.126	0.82983				2
2025.01.07	00:54:36.036		0.83014			4
2025.01.07	00:54:36.357		0.83015			4
2025.01.07	00:54:38.157	0.82982				2
2025.01.07	00:54:41.920		0.83012			4
2025.01.07	00:54:45.829		0.83010			4
2025.01.07	00:54:50.704	0.82981				2
2025.01.07	00:54:51.023		0.83011			4
2025.01.07	00:54:51.978		0.83010			4
2025.01.07	00:54:56.132		0.83011			4
2025.01.07	00:54:57.222		0.83010			4
2025.01.07	00:54:58.505	0.82982				2
2025.01.07	00:54:59.840	0.82983	0.83009			6
2025.01.07	00:55:00.397	0.82983				2
2025.01.07	00:55:00.950	0.82981				2
2025.01.07	00:55:01.454	0.82982	0.83008			6
2025.01.07	00:55:09.308	0.82983	0.83007			6
2025.01.07	00:55:11.270	0.82981	0.83008			6
2025.01.07	00:55:20.101		0.83009			4
2025.01.07	00:55:20.403		0.83008			4
2025.01.07	00:55:21.844	0.82982	0.83007			6
2025.01.07	00:55:27.266		0.83006			4
2025.01.07	00:55:27.605		0.83007			4
2025.01.07	00:55:29.114		0.83009			4
2025.01.07	00:55:32.707		0.83011			4
2025.01.07	00:55:33.276	0.82984	0.83008			6
2025.01.07	00:55:34.266	0.82985	0.83009			6
2025.01.07	00:55:35.358	0.82984	0.83010			6
2025.01.07	00:55:36.067		0.83009			4
2025.01.07	00:55:38.096	0.82983	0.83008			6
2025.01.07	00:55:39.292	0.82970	0.83001			6
2025.01.07	00:55:39.645	0.82968	0.83000			6
2025.01.07	00:55:40.283	0.82978	0.83002			6
2025.01.07	00:55:40.685	0.82979	0.83003			6
2025.01.07	00:55:42.980	0.82980	0.83004			6
2025.01.07	00:55:46.812		0.83003			4
2025.01.07	00:55:47.389	0.82981	0.83004			6
2025.01.07	00:55:48.379		0.83005			4
2025.01.07	00:55:49.907	0.82980	0.83004			6
2025.01.07	00:55:55.121	0.82981				2
2025.01.07	00:56:01.553	0.82981				2
2025.01.07	00:56:51.391	0.82978	0.83004			6
2025.01.07	00:56:53.712	0.82980	0.83006			6
2025.01.07	00:56:54.027		0.83009			4
2025.01.07	00:56:54.421		0.83010			4
2025.01.07	00:56:56.511		0.83009			4
2025.01.07	00:56:59.670		0.83010			4
2025.01.07	00:57:00.674	0.82980	0.83009			6
2025.01.07	00:57:03.577		0.83008			4
2025.01.07	00:57:04.206		0.83010			4
2025.01.07	00:57:08.591	0.82979	0.83011			6
2025.01.07	00:57:09.007		0.83009			4
2025.01.07	00:57:09.364		0.83010			4
2025.01.07	00:57:10.578	0.82978				2
2025.01.07	00:57:13.945	0.82979	0.83009			6
2025.01.07	00:57:17.402		0.83011			4
2025.01.07	00:57:29.846		0.83016			4
2025.01.07	00:57:31.446	0.82984	0.83012			6
2025.01.07	00:57:31.879	0.82985	0.83011			6
2025.01.07	00:57:34.506	0.82986	0.83010			6
2025.01.07	00:57:41.711	0.82983	0.83007			6
2025.01.07	00:57:49.804	0.82982				2
2025.01.07	00:57:56.535	0.82981	0.83006			6
2025.01.07	00:58:00.675	0.82986	0.83011			6
2025.01.07	00:58:09.408	0.82980	0.83017			6
2025.01.07	00:58:10.145	0.82981	0.83016			6
2025.01.07	00:58:35.720	0.82980				2
2025.01.07	00:58:47.403	0.82986	0.83012			6
2025.01.07	00:59:01.786	0.82986				2
2025.01.07	00:59:04.739	0.82987				2
2025.01.07	00:59:16.444	0.82982	0.83011			6
2025.01.07	00:59:16.803		0.83008			4
2025.01.07	00:59:18.182		0.83016			4
2025.01.07	00:59:26.110		0.83015			4
2025.01.07	00:59:31.932		0.83016			4
2025.01.07	00:59:47.685	0.82985				2
2025.01.07	00:59:48.284	0.82983	0.83008			6
2025.01.07	01:00:00.308	0.82977	0.83007			6
2025.01.07	01:00:00.619	0.82976	0.83002			6
2025.01.07	01:00:00.928	0.82972	0.82997			6
2025.01.07	01:00:01.234	0.82973	0.83005			6
2025.01.07	01:00:01.542	0.82975	0.83006			6
2025.01.07	01:00:01.937	0.82974	0.83009			6
2025.01.07	01:00:02.276	0.82983	0.83011			6
2025.01.07	01:00:03.231	0.82981	0.83009			6
2025.01.07	01:00:04.142	0.82976	0.83007			6
2025.01.07	01:00:04.503	0.82977	0.83006			6
2025.01.07	01:00:05.942	0.82968	0.83003			6
2025.01.07	01:00:06.248	0.82970	0.83002			6
2025.01.07	01:00:06.605	0.82971				2
2025.01.07	01:00:07.892	0.82969				2
2025.01.07	01:00:08.559	0.82971	0.83001			6
2025.01.07	01:00:11.272	0.82972	0.83000			6
2025.01.07	01:00:11.657	0.82973				2
2025.01.07	01:00:12.388	0.82972				2
2025.01.07	01:00:13.692	0.82970	0.82997			6
2025.01.07	01:00:14.503	0.82967	0.82999			6
2025.01.07	01:00:18.398	0.82975	0.83000			6
2025.01.07	01:00:20.390	0.82974	0.82999			6
2025.01.07	01:00:21.383	0.82975	0.83000			6
2025.01.07	01:00:24.328	0.82967	0.82997			6
2025.01.07	01:00:24.905	0.82965				2
2025.01.07	01:00:25.310	0.82967	0.82996			6
2025.01.07	01:00:27.738	0.82980	0.82997			6
2025.01.07	01:00:28.042	0.82984				2
2025.01.07	01:00:29.590		0.82998			4
2025.01.07	01:00:30.326	0.82986	0.83006			6
2025.01.07	01:00:30.693		0.83005			4
2025.01.07	01:00:32.118		0.83007			4
2025.01.07	01:00:32.466	0.82984	0.83003			6
2025.01.07	01:00:32.807		0.83000			4
2025.01.07	01:00:34.244		0.82999			4
2025.01.07	01:00:38.789		0.83000			4
2025.01.07	01:00:43.138		0.82999			4
2025.01.07	01:00:43.678	0.82985	0.83001			6
2025.01.07	01:00:45.008		0.83003			4
2025.01.07	01:00:45.905		0.83002			4
2025.01.07	01:00:49.570		0.82999			4
2025.01.07	01:00:50.041		0.82998			4
2025.01.07	01:00:55.809		0.82997			4
2025.01.07	01:01:00.317	0.82983	0.82996			6
2025.01.07	01:01:00.627		0.82997			4
2025.01.07	01:01:01.462	0.82984				2
2025.01.07	01:01:03.904		0.82995			4
2025.01.07	01:01:05.040	0.82985	0.82996			6
2025.01.07	01:01:05.506		0.82998			4
2025.01.07	01:01:06.267	0.82986				2
2025.01.07	01:01:09.491	0.82988	0.82997			6
2025.01.07	01:01:12.636		0.82998			4
2025.01.07	01:01:20.298		0.82997			4
2025.01.07	01:01:20.627		0.82998			4
2025.01.07	01:01:35.560		0.82997			4
2025.01.07	01:01:39.380	0.82987	0.82995			6
2025.01.07	01:01:41.987	0.82985	0.82994			6
2025.01.07	01:01:44.894	0.82987				2
2025.01.07	01:01:46.226	0.82991	0.82995			6
2025.01.07	01:01:47.417	0.82989	0.82993			6
2025.01.07	01:01:54.590	0.82992	0.82996			6
2025.01.07	01:02:00.775	0.82992				2
2025.01.07	01:02:09.009	0.82991	0.82995			6
2025.01.07	01:02:20.592	0.82988	0.82992			6
2025.01.07	01:02:21.375	0.82989	0.82993			6
2025.01.07	01:02:22.116	0.82991	0.82995			6
2025.01.07	01:02:52.237	0.82992	0.82996			6
2025.01.07	01:03:00.433	0.82992				2
2025.01.07	01:03:16.181	0.82993				2
2025.01.07	01:03:16.482	0.82992				2
2025.01.07	01:03:53.322		0.82996			4
2025.01.07	01:04:01.294	0.82992				2
2025.01.07	01:04:15.597	0.82994				2
2025.01.07	01:04:17.421	0.82992				2
2025.01.07	01:04:42.304	0.82993	0.82997			6
2025.01.07	01:05:00.303	0.82993				2
2025.01.07	01:05:26.230	0.82991	0.82992			6
2025.01.07	01:05:29.121	0.82989	0.82993			6
2025.01.07	01:05:35.033	0.82988	0.82992			6
2025.01.07	01:05:41.279	0.82990				2
2025.01.07	01:05:46.900		0.82993			4
2025.01.07	01:05:49.835		0.82992			4
2025.01.07	01:05:51.953	0.82988				2
2025.01.07	01:05:52.265	0.82990				2
2025.01.07	01:05:52.580		0.82993			4
2025.01.07	01:05:53.322		0.82992			4
2025.01.07	01:05:54.003	0.82988				2
2025.01.07	01:05:59.044	0.82990	0.82993			6
2025.01.07	01:06:00.263	0.82990				2
2025.01.07	01:06:00.810	0.82989				2
2025.01.07	01:06:01.806	0.82990				2
2025.01.07	01:06:02.537	0.82989				2
2025.01.07	01:06:12.589	0.82988	0.82992			6
2025.01.07	01:06:33.214	0.82987	0.82991			6
2025.01.07	01:07:04.321	0.82987				2
2025.01.07	01:07:21.004	0.82985	0.82993			6
2025.01.07	01:07:27.604		0.82994			4
2025.01.07	01:07:47.703	0.82986				2
2025.01.07	01:07:52.855	0.82985				2
2025.01.07	01:08:01.305	0.82985				2
2025.01.07	01:08:08.550	0.82986				2
2025.01.07	01:08:09.687	0.82987	0.82995			6
2025.01.07	01:08:11.454	0.82991	0.82999			6
2025.01.07	01:08:12.132	0.82989	0.82998			6
2025.01.07	01:08:12.445		0.82997			4
2025.01.07	01:08:13.236	0.82987	0.82994			6
2025.01.07	01:08:17.317	0.82988	0.82995			6
2025.01.07	01:08:31.095	0.82991	0.82997			6
2025.01.07	01:08:49.666	0.82990	0.82996			6
2025.01.07	01:08:56.881	0.82989	0.82995			6
2025.01.07	01:08:57.883		0.83003			4
2025.01.07	01:08:58.204	0.82990	0.82998			6
2025.01.07	01:09:00.076	0.82990	0.82997			6
2025.01.07	01:09:02.446	0.82991	0.82996			6
2025.01.07	01:09:26.900	0.82992	0.82998			6
2025.01.07	01:09:29.912	0.82993				2
2025.01.07	01:09:30.304	0.82994				2
2025.01.07	01:09:34.351	0.82993				2
2025.01.07	01:09:37.473	0.82992	0.82997			6
2025.01.07	01:09:40.352	0.82991	0.82996			6
2025.01.07	01:09:40.665	0.82990	0.82995			6
2025.01.07	01:10:00.380	0.82990				2
2025.01.07	01:10:03.362	0.82992				2
2025.01.07	01:10:04.404		0.82996			4
2025.01.07	01:10:06.553		0.82997			4
2025.01.07	01:10:11.237		0.82996			4
2025.01.07	01:10:13.968	0.82994				2
2025.01.07	01:10:21.381		0.82995			4
2025.01.07	01:10:21.686	0.82991				2
2025.01.07	01:10:26.337	0.82990	0.82994			6
2025.01.07	01:10:37.076	0.82989	0.82993			6
2025.01.07	01:10:41.348	0.82988	0.82992			6
2025.01.07	01:11:03.314	0.82988				2
2025.01.07	01:11:17.293	0.82989	0.82993			6
2025.01.07	01:11:29.705	0.82990	0.82994			6
2025.01.07	01:11:36.630	0.82989	0.82993			6
2025.01.07	01:11:47.168	0.82987	0.82995			6
2025.01.07	01:11:47.534		0.82992			4
2025.01.07	01:11:52.485	0.82989				2
2025.01.07	01:12:00.300	0.82989				2
2025.01.07	01:12:01.063	0.82988	0.82990			6
2025.01.07	01:12:02.285	0.82989	0.82992			6
2025.01.07	01:12:36.951	0.82988				2
2025.01.07	01:12:37.262	0.82989				2
2025.01.07	01:12:48.969		0.82993			4
2025.01.07	01:13:01.702	0.82988	0.82992			6
2025.01.07	01:13:08.337		0.82991			4
2025.01.07	01:13:34.203	0.82989				2
2025.01.07	01:13:35.192		0.82992			4
2025.01.07	01:13:36.207		0.82991			4
2025.01.07	01:13:36.516		0.82992			4
2025.01.07	01:13:46.466	0.82988	0.82991			6
2025.01.07	01:13:47.503	0.82989	0.82990			6
2025.01.07	01:13:47.806		0.82991			4
2025.01.07	01:13:50.309	0.82987				2
2025.01.07	01:13:55.369		0.82992			4
2025.01.07	01:14:02.348	0.82987				2
2025.01.07	01:14:05.952	0.82990				2
2025.01.07	01:14:25.802		0.82991			4
2025.01.07	01:14:26.862		0.82992			4
2025.01.07	01:14:27.758	0.82988				2
2025.01.07	01:14:31.094		0.82991			4
2025.01.07	01:14:31.550		0.82992			4
2025.01.07	01:14:47.915		0.82991			4
2025.01.07	01:14:51.841		0.82992			4
2025.01.07	01:14:53.530		0.82991			4
2025.01.07	01:14:56.411		0.82992			4
2025.01.07	01:15:00.323	0.82988				2
2025.01.07	01:15:05.575	0.82989				2
2025.01.07	01:15:29.504		0.82993			4
2025.01.07	01:15:37.590		0.82992			4
2025.01.07	01:16:00.575	0.82989				2
2025.01.07	01:16:03.942		0.82993			4
2025.01.07	01:16:12.256		0.82992			4
2025.01.07	01:16:16.006		0.82993			4
2025.01.07	01:16:16.804		0.82992			4
2025.01.07	01:16:23.779		0.82991			4
2025.01.07	01:16:24.093		0.82992			4
2025.01.07	01:16:24.472		0.82991			4
2025.01.07	01:16:29.143	0.82988				2
2025.01.07	01:16:29.455		0.82990			4
2025.01.07	01:16:42.380		0.82991			4
2025.01.07	01:16:44.281		0.82992			4
2025.01.07	01:16:48.250		0.82991			4
2025.01.07	01:16:50.795		0.82992			4
2025.01.07	01:16:51.124		0.82989			4
2025.01.07	01:16:51.426	0.82985				2
2025.01.07	01:16:56.662	0.82989	0.82992			6
2025.01.07	01:16:56.967		0.82993			4
2025.01.07	01:16:59.733		0.82991			4
2025.01.07	01:17:00.045	0.82989	0.82992			6
2025.01.07	01:17:00.370	0.82988	0.82991			6
2025.01.07	01:17:01.008		0.82990			4
2025.01.07	01:17:05.589		0.82989			4
2025.01.07	01:17:07.762		0.82990			4
2025.01.07	01:17:08.340	0.82987	0.82989			6
2025.01.07	01:17:18.373	0.82988				2
2025.01.07	01:17:18.690	0.82987	0.82990			6
2025.01.07	01:17:23.375		0.82989			4
2025.01.07	01:17:32.650	0.82986	0.82988			6
2025.01.07	01:17:37.723		0.82989			4
2025.01.07	01:17:39.203	0.82989	0.82992			6
2025.01.07	01:17:41.650		0.82993			4
2025.01.07	01:17:44.437		0.82992			4
2025.01.07	01:17:52.541	0.82988	0.82991			6
2025.01.07	01:17:54.768		0.82990			4
2025.01.07	01:18:01.307	0.82988	0.82991			6
2025.01.07	01:18:06.457		0.82990			4
2025.01.07	01:18:09.297	0.82987				2
2025.01.07	01:18:21.321		0.82989			4
2025.01.07	01:18:26.185		0.82990			4
2025.01.07	01:18:31.686		0.82989			4
2025.01.07	01:18:48.192		0.82990			4
2025.01.07	01:18:50.377		0.82991			4
2025.01.07	01:18:53.825		0.82990			4
2025.01.07	01:18:54.135	0.82988				2
2025.01.07	01:18:54.691	0.82989	0.82991			6
2025.01.07	01:18:58.374		0.82992			4
2025.01.07	01:19:00.199	0.82989				2
2025.01.07	01:19:02.893		0.82991			4
2025.01.07	01:19:12.264		0.82992			4
2025.01.07	01:19:15.608		0.82991			4
2025.01.07	01:19:45.137		0.82992			4
2025.01.07	01:19:47.257		0.82991			4
2025.01.07	01:19:49.849	0.82988				2
2025.01.07	01:19:59.311		0.82989			4
2025.01.07	01:19:59.616		0.82990			4
2025.01.07	01:19:59.922		0.82989			4
2025.01.07	01:20:00.368	0.82987				2
2025.01.07	01:20:23.768		0.82988			4
2025.01.07	01:20:31.097		0.82990			4
2025.01.07	01:20:32.672		0.82989			4
2025.01.07	01:20:44.865	0.82989	0.82990			6
2025.01.07	01:20:46.208	0.82987	0.82989			6
2025.01.07	01:20:47.694	0.82988	0.82991			6
2025.01.07	01:20:53.368	0.82989				2
2025.01.07	01:21:01.203	0.82989				2
2025.01.07	01:21:04.503	0.82988				2
2025.01.07	01:21:38.191	0.82991	0.82992			6
2025.01.07	01:21:39.006	0.82988	0.82991			6
2025.01.07	01:21:50.661	0.82986	0.82989			6
2025.01.07	01:21:56.388		0.82990			4
2025.01.07	01:21:59.469		0.82989			4
2025.01.07	01:22:00.592	0.82987				2
2025.01.07	01:22:07.045		0.82988			4
2025.01.07	01:22:10.613	0.82986				2
2025.01.07	01:22:16.631	0.82987				2
2025.01.07	01:22:16.942	0.82986				2
2025.01.07	01:22:17.926	0.82987	0.82989			6
2025.01.07	01:22:21.945	0.82988	0.82990			6
2025.01.07	01:22:22.282	0.82987				2
2025.01.07	01:22:22.949		0.82989			4
2025.01.07	01:22:33.400	0.82986				2
2025.01.07	01:23:01.031	0.82986				2
2025.01.07	01:23:04.842	0.82987				2
2025.01.07	01:23:07.319		0.82990			4
2025.01.07	01:23:10.954	0.82988				2
2025.01.07	01:23:23.704	0.82987				2
2025.01.07	01:23:31.029	0.82986				2
2025.01.07	01:23:37.806	0.82987				2
2025.01.07	01:23:51.265	0.82986	0.82989			6
2025.01.07	01:24:01.137	0.82986				2
2025.01.07	01:24:34.325	0.82987				2
2025.01.07	01:24:38.845	0.82986				2
2025.01.07	01:24:40.960	0.82988	0.82991			6
2025.01.07	01:24:59.710	0.82987				2
2025.01.07	01:25:01.629	0.82988				2
2025.01.07	01:25:03.074		0.82990			4
2025.01.07	01:25:12.423		0.82991			4
2025.01.07	01:25:12.906	0.82987				2
2025.01.07	01:25:31.015		0.82990			4
2025.01.07	01:25:31.704		0.82991			4
2025.01.07	01:25:35.947		0.82990			4
2025.01.07	01:25:58.494	0.82988	0.82991			6
2025.01.07	01:25:58.943		0.82990			4
2025.01.07	01:25:59.555		0.82991			4
2025.01.07	01:26:00.015	0.82988				2
2025.01.07	01:26:00.320		0.82990			4
2025.01.07	01:26:01.179		0.82991			4
2025.01.07	01:26:05.096		0.82990			4
2025.01.07	01:26:06.233	0.82987				2
2025.01.07	01:26:07.851		0.82991			4
2025.01.07	01:26:19.126	0.82988				2
2025.01.07	01:26:28.384		0.82990			4
2025.01.07	01:26:28.914	0.82987				2
2025.01.07	01:26:43.841	0.82988				2
2025.01.07	01:26:44.156	0.82987				2
2025.01.07	01:26:44.712		0.82989			4
2025.01.07	01:26:51.301		0.82991			4
2025.01.07	01:26:51.603	0.82989				2
2025.01.07	01:26:51.905	0.82987				2
2025.01.07	01:27:00.418	0.82988				2
2025.01.07	01:27:10.678	0.82989	0.82992			6
2025.01.07	01:27:25.510		0.82993			4
2025.01.07	01:27:39.973		0.82992			4
2025.01.07	01:27:47.720		0.82993			4
2025.01.07	01:27:59.650		0.82992			4
2025.01.07	01:28:00.716	0.82989				2
2025.01.07	01:28:05.750	0.82990				2
2025.01.07	01:28:24.801	0.82988				2
2025.01.07	01:28:25.484		0.82991			4
2025.01.07	01:28:31.495		0.82992			4
2025.01.07	01:28:46.601		0.82991			4
2025.01.07	01:28:52.894		0.82990			4
2025.01.07	01:28:53.907		0.82991			4
2025.01.07	01:28:58.503	0.82987				2
2025.01.07	01:28:59.662	0.82988				2
2025.01.07	01:29:00.236	0.82988				2
2025.01.07	01:29:05.445	0.82987				2
2025.01.07	01:29:09.021	0.82988	0.82990			6
2025.01.07	01:29:09.913	0.82987				2
2025.01.07	01:29:32.120	0.82988				2
2025.01.07	01:29:35.415		0.82991			4
2025.01.07	01:29:38.216	0.82989				2
2025.01.07	01:29:55.413		0.82990			4
2025.01.07	01:29:57.025		0.82991			4
2025.01.07	01:30:00.306	0.82989				2
2025.01.07	01:30:01.146		0.82990			4
2025.01.07	01:30:02.123	0.82990	0.82992			6
2025.01.07	01:30:03.984	0.82989	0.82990			6
2025.01.07	01:30:04.786	0.82988				2
2025.01.07	01:30:11.000	0.82989				2
2025.01.07	01:30:13.394	0.82990	0.82993			6
2025.01.07	01:30:13.711	0.82991	0.82992			6
2025.01.07	01:30:14.421		0.82993			4
2025.01.07	01:30:14.881	0.82992				2
2025.01.07	01:30:17.598	0.82991				2
2025.01.07	01:30:20.105	0.82992	0.82995			6
2025.01.07	01:30:20.424	0.82994	0.82996			6
2025.01.07	01:30:21.097	0.82993	0.82995			6
2025.01.07	01:30:25.199		0.82994			4
2025.01.07	01:30:36.610		0.82995			4
2025.01.07	01:30:39.448	0.82991	0.82994			6
2025.01.07	01:30:42.714	0.82994	0.82995			6
2025.01.07	01:30:59.020	0.82992	0.82993			6
2025.01.07	01:31:00.054	0.82992				2
2025.01.07	01:31:08.202	0.82991				2
2025.01.07	01:31:25.658		0.82995			4
2025.01.07	01:31:26.411		0.82993			4
2025.01.07	01:31:41.847		0.82992			4
2025.01.07	01:31:50.406		0.82993			4
2025.01.07	01:31:53.881	0.82992				2
2025.01.07	01:32:01.426	0.82992				2
2025.01.07	01:32:03.247		0.82994			4
2025.01.07	01:32:14.112		0.82993			4
2025.01.07	01:32:23.714	0.82993	0.82994			6
2025.01.07	01:32:25.152	0.82992				2
2025.01.07	01:32:50.881		0.82993			4
2025.01.07	01:32:56.181		0.82994			4
2025.01.07	01:32:56.489	0.82996	0.82997			6
2025.01.07	01:33:00.450	0.82995	0.82996			6
2025.01.07	01:33:04.450	0.82994	0.82995			6
2025.01.07	01:33:09.907	0.82993	0.82994			6
2025.01.07	01:33:11.375		0.82995			4
2025.01.07	01:33:12.096		0.82994			4
2025.01.07	01:33:19.891	0.82994	0.82995			6
2025.01.07	01:33:36.329	0.82992	0.82993			6
2025.01.07	01:33:44.163	0.82994	0.82995			6
2025.01.07	01:33:55.303	0.82993	0.82994			6
2025.01.07	01:33:57.252		0.82995			4
2025.01.07	01:34:00.163	0.82993	0.82994			6
2025.01.07	01:34:02.956		0.82995			4
2025.01.07	01:34:05.832		0.82994			4
2025.01.07	01:34:31.723	0.82995	0.82996			6
2025.01.07	01:34:41.507	0.82994	0.82995			6
2025.01.07	01:34:49.079	0.82993	0.82994			6
2025.01.07	01:34:51.605		0.82995			4
2025.01.07	01:34:52.712		0.82994			4
2025.01.07	01:34:54.106	0.82992				2
2025.01.07	01:34:54.456		0.82993			4
2025.01.07	01:34:58.431		0.82994			4
2025.01.07	01:34:58.852		0.82993			4
2025.01.07	01:35:00.322	0.82992				2
2025.01.07	01:35:05.443	0.82993	0.82994			6
2025.01.07	01:35:09.775	0.82996	0.82997			6
2025.01.07	01:35:32.375	0.82994	0.82995			6
2025.01.07	01:36:00.166	0.82994				2
2025.01.07	01:36:07.838	0.82993	0.82994			6
2025.01.07	01:36:11.330	0.82992	0.82993			6
2025.01.07	01:36:13.159		0.82994			4
2025.01.07	01:36:14.404	0.82994	0.82995			6
2025.01.07	01:36:17.593	0.82993	0.82994			6
2025.01.07	01:36:19.099	0.82994	0.82995			6
2025.01.07	01:36:24.219	0.82993	0.82994			6
2025.01.07	01:36:24.522	0.82994	0.82995			6
2025.01.07	01:36:25.618	0.82992	0.82994			6
2025.01.07	01:36:27.394	0.82991				2
2025.01.07	01:36:33.987		0.82993			4
2025.01.07	01:36:36.136		0.82994			4
2025.01.07	01:36:42.822	0.82994	0.82995			6
2025.01.07	01:36:43.123	0.82993	0.82994			6
2025.01.07	01:37:01.789	0.82993				2
2025.01.07	01:37:03.980	0.82995	0.82996			6
2025.01.07	01:37:20.039	0.82994	0.82995			6
2025.01.07	01:37:23.252	0.82995	0.82996			6
2025.01.07	01:37:52.864	0.82996	0.82997			6
2025.01.07	01:37:58.448	0.82995	0.82996			6
2025.01.07	01:38:00.303	0.82995				2
2025.01.07	01:38:01.731	0.82996	0.82997			6
2025.01.07	01:38:11.643	0.82995				2
2025.01.07	01:38:11.962		0.82996			4
2025.01.07	01:38:19.061		0.82997			4
2025.01.07	01:38:19.372		0.82996			4
2025.01.07	01:38:21.011	0.82994				2
2025.01.07	01:38:23.735		0.82997			4
2025.01.07	01:38:25.161		0.82996			4
2025.01.07	01:38:29.047	0.82995				2
2025.01.07	01:38:30.456	0.82994	0.82997			6
2025.01.07	01:38:31.424	0.82995	0.82996			6
2025.01.07	01:38:31.842	0.82994	0.82995			6
2025.01.07	01:38:33.956	0.82995	0.82996			6
2025.01.07	01:38:34.264	0.82994	0.82995			6
2025.01.07	01:38:34.588	0.82995	0.82996			6
2025.01.07	01:38:35.264		0.82997			4
2025.01.07	01:38:38.006	0.82994	0.82995			6
2025.01.07	01:39:00.497	0.82994				2
2025.01.07	01:39:08.346		0.82997			4
2025.01.07	01:39:08.664		0.82996			4
2025.01.07	01:39:11.519	0.82995	0.82997			6
2025.01.07	01:39:11.873	0.82996	0.82998			6
2025.01.07	01:39:12.506	0.82998	0.83000			6
2025.01.07	01:39:12.813		0.83001			4
2025.01.07	01:39:13.491	0.82999				2
2025.01.07	01:39:15.505		0.83002			4
2025.01.07	01:39:20.476		0.83001			4
2025.01.07	01:39:29.240		0.83002			4
2025.01.07	01:39:29.954		0.83001			4
2025.01.07	01:39:30.903		0.83002			4
2025.01.07	01:39:31.634		0.83001			4
2025.01.07	01:39:35.973		0.83002			4
2025.01.07	01:39:39.886		0.83001			4
2025.01.07	01:39:40.813		0.83002			4
2025.01.07	01:39:41.226		0.83001			4
2025.01.07	01:39:44.231		0.83002			4
2025.01.07	01:39:44.736		0.83001			4
2025.01.07	01:39:46.406		0.83002			4
2025.01.07	01:39:46.968		0.83001			4
2025.01.07	01:39:49.632		0.83002			4
2025.01.07	01:39:50.391		0.83001			4
2025.01.07	01:39:54.354		0.83002			4
2025.01.07	01:39:54.914		0.83001			4
2025.01.07	01:39:56.363	0.82998				2
2025.01.07	01:40:01.203	0.82998				2
2025.01.07	01:40:18.349	0.82999				2
2025.01.07	01:40:21.775		0.83002			4
2025.01.07	01:40:22.972		0.83001			4
2025.01.07	01:40:25.397		0.83002			4
2025.01.07	01:40:27.657		0.83001			4
2025.01.07	01:40:31.979		0.83002			4
2025.01.07	01:40:34.277		0.83000			4
2025.01.07	01:40:37.688	0.82998	0.82999			6
2025.01.07	01:40:58.442	0.82997	0.83000			6
2025.01.07	01:40:59.139		0.82999			4
2025.01.07	01:41:01.749	0.82997				2
2025.01.07	01:41:05.182		0.83001			4
2025.01.07	01:41:14.021	0.83000	0.83003			6
2025.01.07	01:41:30.235	0.83001				2
2025.01.07	01:41:36.314	0.83002				2
2025.01.07	01:41:38.392	0.83000				2
2025.01.07	01:41:39.797	0.82998	0.83001			6
2025.01.07	01:42:00.357	0.82998				2
2025.01.07	01:42:01.672	0.82999				2
2025.01.07	01:42:27.978	0.82998				2
2025.01.07	01:42:31.507	0.82999				2
2025.01.07	01:42:33.401	0.82998	0.83002			6
2025.01.07	01:42:33.753		0.83001			4
2025.01.07	01:42:47.455	0.82999				2
2025.01.07	01:43:00.487	0.82999				2
2025.01.07	01:43:01.559	0.83000				2
2025.01.07	01:43:03.050	0.82999				2
2025.01.07	01:43:14.045	0.82998				2
2025.01.07	01:43:22.624	0.83000				2
2025.01.07	01:43:26.642	0.82999				2
2025.01.07	01:43:33.811		0.83001			4
2025.01.07	01:43:36.563	0.83001	0.83002			6
2025.01.07	01:44:00.400	0.83001				2
2025.01.07	01:44:24.117	0.82998	0.83000			6
2025.01.07	01:44:24.423	0.82997				2
2025.01.07	01:44:28.425	0.82999				2
2025.01.07	01:44:29.606		0.83001			4
2025.01.07	01:44:35.510	0.83001	0.83002			6
2025.01.07	01:44:45.091	0.83000	0.83001			6
2025.01.07	01:44:48.776	0.82998				2
2025.01.07	01:44:54.945	0.82999				2
2025.01.07	01:45:00.229	0.82999				2
2025.01.07	01:45:03.641	0.82998				2
2025.01.07	01:45:07.472	0.82999				2
2025.01.07	01:45:15.800	0.83000				2
2025.01.07	01:45:17.545	0.82999				2
2025.01.07	01:45:19.296	0.83000				2
2025.01.07	01:45:20.375	0.82999				2
2025.01.07	01:45:45.533		0.83001			4
2025.01.07	01:46:00.313	0.82999				2
2025.01.07	01:46:01.484	0.82998				2
2025.01.07	01:46:03.874	0.82995	0.82996			6
2025.01.07	01:46:04.189	0.82993				2
2025.01.07	01:46:04.495	0.82994				2
2025.01.07	01:46:04.893	0.82992	0.82995			6
2025.01.07	01:46:09.373	0.82993				2
2025.01.07	01:46:17.104		0.82994			4
2025.01.07	01:46:23.637		0.82995			4
2025.01.07	01:46:24.952		0.82994			4
2025.01.07	01:46:25.271		0.82995			4
2025.01.07	01:46:27.704	0.82994				2
2025.01.07	01:46:30.357	0.82991	0.82994			6
2025.01.07	01:46:32.348	0.82992				2
2025.01.07	01:46:32.986	0.82993				2
2025.01.07	01:46:35.754	0.82991	0.82993			6
2025.01.07	01:46:36.065		0.82994			4
2025.01.07	01:46:39.043	0.82992				2
2025.01.07	01:46:51.395	0.82989	0.82992			6
2025.01.07	01:46:51.728		0.82993			4
2025.01.07	01:46:56.379	0.82992	0.82994			6
2025.01.07	01:47:01.371	0.82992				2
2025.01.07	01:47:02.267	0.82996	0.82997			6
2025.01.07	01:47:03.158	0.82995	0.82996			6
2025.01.07	01:47:25.569	0.82993	0.82994			6
2025.01.07	01:47:26.212		0.82995			4
2025.01.07	01:47:29.704	0.82995	0.82996			6
2025.01.07	01:47:30.064	0.82999	0.83000			6
2025.01.07	01:47:31.022	0.82996				2
2025.01.07	01:47:35.152	0.82998				2
2025.01.07	01:47:37.584	0.82999				2
2025.01.07	01:47:38.526	0.82998	0.82999			6
2025.01.07	01:47:40.631	0.82999	0.83000			6
2025.01.07	01:47:41.122	0.82997	0.82999			6
2025.01.07	01:47:47.379	0.82996				2
2025.01.07	01:48:01.096	0.82996				2
2025.01.07	01:48:03.593	0.82997				2
2025.01.07	01:48:03.952	0.82998				2
2025.01.07	01:48:04.423	0.82996	0.82998			6
2025.01.07	01:48:15.428	0.82999	0.83000			6
2025.01.07	01:48:50.642	0.83000	0.83001			6
2025.01.07	01:49:00.385	0.82999	0.83000			6
2025.01.07	01:49:05.087	0.83001	0.83002			6
2025.01.07	01:49:17.678	0.83000	0.83001			6
2025.01.07	01:49:46.183	0.83001	0.83002			6
2025.01.07	01:49:56.461	0.83000	0.83001			6
2025.01.07	01:50:00.108	0.83000				2
2025.01.07	01:50:02.591	0.82997	0.82999			6
2025.01.07	01:50:22.340	0.82996	0.82998			6
2025.01.07	01:50:22.752		0.82999			4
2025.01.07	01:50:23.914		0.82998			4
2025.01.07	01:50:28.555		0.82999			4
2025.01.07	01:50:29.678		0.82998			4
2025.01.07	01:50:50.924	0.82998	0.82999			6
2025.01.07	01:50:57.079	0.82999	0.83000			6
2025.01.07	01:51:00.585	0.82997	0.82999			6
2025.01.07	01:51:02.373	0.82998				2
2025.01.07	01:51:04.345		0.83000			4
2025.01.07	01:51:06.345	0.82993	0.82995			6
2025.01.07	01:51:07.198		0.82994			4
2025.01.07	01:51:07.556	0.82991				2
2025.01.07	01:51:07.967		0.82993			4
2025.01.07	01:51:08.350		0.82994			4
2025.01.07	01:51:17.181	0.82992				2
2025.01.07	01:51:34.345	0.82993				2
2025.01.07	01:51:39.004	0.82992				2
2025.01.07	01:51:40.991	0.82993				2
2025.01.07	01:51:45.501	0.82992				2
2025.01.07	01:51:59.545	0.82993				2
2025.01.07	01:52:00.361	0.82991				2
2025.01.07	01:52:03.451		0.82993			4
2025.01.07	01:52:04.775	0.82992	0.82994			6
2025.01.07	01:52:09.806	0.82994	0.82996			6
2025.01.07	01:52:18.773	0.82993				2
2025.01.07	01:52:23.270	0.82994				2
2025.01.07	01:52:28.337	0.82993				2
2025.01.07	01:52:31.102	0.82994				2
2025.01.07	01:52:36.950	0.82993				2
2025.01.07	01:52:45.240	0.82994				2
2025.01.07	01:52:45.712	0.82993				2
2025.01.07	01:52:50.027	0.82995	0.82998			6
2025.01.07	01:52:53.706	0.82996				2
2025.01.07	01:52:54.034	0.82993				2
2025.01.07	01:52:56.991	0.82995				2
2025.01.07	01:53:00.361	0.82996	0.82999			6
2025.01.07	01:53:01.512		0.82998			4
2025.01.07	01:53:01.843		0.82999			4
2025.01.07	01:53:03.480		0.82998			4
2025.01.07	01:53:05.298		0.82999			4
2025.01.07	01:53:06.393		0.82998			4
2025.01.07	01:53:13.804	0.82997	0.83000			6
2025.01.07	01:53:18.382		0.83001			4
2025.01.07	01:53:18.698		0.83000			4
2025.01.07	01:53:21.561	0.82998				2
2025.01.07	01:53:48.101		0.83001			4
2025.01.07	01:54:01.110	0.82997				2
2025.01.07	01:54:01.500		0.83000			4
2025.01.07	01:54:08.450		0.83001			4
2025.01.07	01:54:14.395	0.82996	0.83000			6
2025.01.07	01:54:14.885		0.82999			4
2025.01.07	01:54:17.715		0.83000			4
2025.01.07	01:54:23.740	0.82997				2
2025.01.07	01:54:31.556	0.82996				2
2025.01.07	01:54:32.855	0.82995				2
2025.01.07	01:54:33.162		0.82999			4
2025.01.07	01:54:38.320	0.82996				2
2025.01.07	01:54:38.698		0.83000			4
2025.01.07	01:54:41.703		0.82999			4
2025.01.07	01:54:44.304	0.82997	0.83001			6
2025.01.07	01:54:48.279	0.82996	0.82999			6
2025.01.07	01:54:52.819	0.82997	0.83001			6
2025.01.07	01:55:00.359	0.82996	0.83000			6
2025.01.07	01:55:21.283	0.82997				2
2025.01.07	01:55:22.234		0.83001			4
2025.01.07	01:55:32.296	0.82998				2
2025.01.07	01:55:39.365		0.83000			4
2025.01.07	01:55:42.185		0.83001			4
2025.01.07	01:55:49.502	0.82996	0.83000			6
2025.01.07	01:56:00.491	0.82996				2
2025.01.07	01:56:01.206		0.82999			4
2025.01.07	01:56:10.576	0.82995	0.82997			6
2025.01.07	01:56:10.934	0.82994				2
2025.01.07	01:56:31.555	0.82995				2
2025.01.07	01:56:41.641		0.82998			4
2025.01.07	01:56:47.261	0.82996	0.82999			6
2025.01.07	01:57:00.357	0.82996				2
2025.01.07	01:57:13.091	0.82997				2
2025.01.07	01:57:13.402	0.82996				2
2025.01.07	01:57:14.348		0.83000			4
2025.01.07	01:58:01.791	0.82996				2
2025.01.07	01:58:03.980		0.83001			4
2025.01.07	01:58:12.622	0.82997				2
2025.01.07	01:58:18.296	0.82996	0.83000			6
2025.01.07	01:58:23.571	0.82995				2
2025.01.07	01:58:28.873	0.82998	0.83001			6
2025.01.07	01:58:36.653	0.82997				2
2025.01.07	01:58:37.018		0.83002			4
2025.01.07	01:58:38.348	0.82998	0.83001			6
2025.01.07	01:58:40.692	0.82997				2
2025.01.07	01:58:44.742	0.82995	0.83000			6
2025.01.07	01:58:45.057	0.82996				2
2025.01.07	01:58:47.050		0.83001			4
2025.01.07	01:58:50.172	0.82997	0.83000			6
2025.01.07	01:58:51.368	0.82996	0.82999			6
2025.01.07	01:58:56.212	0.82997	0.83000			6
2025.01.07	01:58:57.003	0.82998				2
2025.01.07	01:58:57.381	0.82996				2
2025.01.07	01:58:58.028	0.82998				2
2025.01.07	01:58:59.203		0.83001			4
2025.01.07	01:59:01.206	0.82999	0.83002			6
2025.01.07	01:59:01.976	0.82998				2
2025.01.07	01:59:02.385	0.82999	0.83003			6
2025.01.07	01:59:06.381		0.83002			4
2025.01.07	01:59:06.704	0.83000				2
2025.01.07	01:59:11.706	0.82999				2
2025.01.07	01:59:18.169	0.82998	0.83001			6
2025.01.07	01:59:31.393		0.83002			4
2025.01.07	01:59:32.486	0.82999				2
2025.01.07	01:59:57.668	0.82998				2
2025.01.07	02:00:00.042	0.82998				2
2025.01.07	02:00:00.355		0.82999			4
2025.01.07	02:00:00.682		0.83000			4
2025.01.07	02:00:01.391	0.82997	0.82999			6
2025.01.07	02:00:04.713		0.83000			4
2025.01.07	02:00:05.023		0.82999			4
2025.01.07	02:00:06.057		0.82998			4
2025.01.07	02:00:08.059	0.82998	0.83000			6
2025.01.07	02:00:11.226		0.82999			4
2025.01.07	02:00:11.581	0.82997				2
2025.01.07	02:00:13.506	0.82998				2
2025.01.07	02:00:13.879		0.83000			4
2025.01.07	02:00:17.167		0.82999			4
2025.01.07	02:00:17.781		0.83000			4
2025.01.07	02:00:18.207	0.82997	0.82999			6
2025.01.07	02:00:19.603		0.82998			4
2025.01.07	02:00:22.691	0.82996	0.82997			6
2025.01.07	02:00:30.396	0.82994	0.82996			6
2025.01.07	02:00:37.651		0.82997			4
2025.01.07	02:00:40.772		0.82996			4
2025.01.07	02:00:41.511		0.82997			4
2025.01.07	02:00:41.824	0.82995				2
2025.01.07	02:00:42.584		0.82998			4
2025.01.07	02:00:42.889	0.82994	0.82996			6
2025.01.07	02:00:43.862	0.82995				2
2025.01.07	02:00:44.404	0.82994	0.82995			6
2025.01.07	02:00:44.710	0.82993				2
2025.01.07	02:00:47.764		0.82994			4
2025.01.07	02:00:48.176	0.82992				2
2025.01.07	02:00:54.483		0.82995			4
2025.01.07	02:01:00.003	0.82988	0.82992			6
2025.01.07	02:01:02.407		0.82991			4
2025.01.07	02:01:06.403	0.82987	0.82990			6
2025.01.07	02:01:06.960		0.82989			4
2025.01.07	02:01:07.264	0.82984	0.82987			6
2025.01.07	02:01:20.413	0.82983	0.82985			6
2025.01.07	02:01:20.961		0.82986			4
2025.01.07	02:01:21.440	0.82984				2
2025.01.07	02:01:29.672	0.82986	0.82990			6
2025.01.07	02:01:30.306	0.82987	0.82991			6
2025.01.07	02:01:30.610		0.82989			4
2025.01.07	02:01:30.922		0.82990			4
2025.01.07	02:01:33.303	0.82988				2
2025.01.07	02:01:34.308		0.82991			4
2025.01.07	02:01:35.895	0.82989				2
2025.01.07	02:01:36.353		0.82992			4
2025.01.07	02:01:37.221		0.82991			4
2025.01.07	02:01:38.235		0.82992			4
2025.01.07	02:01:42.179		0.82991			4
2025.01.07	02:01:45.060	0.82988				2
2025.01.07	02:01:46.233	0.82989				2
2025.01.07	02:02:00.378	0.82989				2
2025.01.07	02:02:01.398	0.82987	0.82990			6
2025.01.07	02:02:02.014	0.82988	0.82991			6
2025.01.07	02:02:04.105	0.82987	0.82990			6
2025.01.07	02:02:04.410	0.82986	0.82988			6
2025.01.07	02:02:08.983		0.82989			4
2025.01.07	02:02:11.299		0.82988			4
2025.01.07	02:02:18.108	0.82987	0.82989			6
2025.01.07	02:02:25.273	0.82989	0.82990			6
2025.01.07	02:02:27.554	0.82988				2
2025.01.07	02:02:29.612	0.82987	0.82991			6
2025.01.07	02:02:30.742		0.82990			4
2025.01.07	02:02:31.076	0.82986				2
2025.01.07	02:02:37.116	0.82989	0.82991			6
2025.01.07	02:02:41.515	0.82988				2
2025.01.07	02:02:41.871	0.82989	0.82992			6
2025.01.07	02:02:42.276	0.82988				2
2025.01.07	02:02:42.606	0.82989	0.82993			6
2025.01.07	02:02:43.962	0.82987	0.82992			6
2025.01.07	02:02:45.104	0.82988				2
2025.01.07	02:02:45.425		0.82991			4
2025.01.07	02:02:46.870	0.82989	0.82992			6
2025.01.07	02:02:47.182		0.82993			4
2025.01.07	02:02:47.559	0.82990	0.82994			6
2025.01.07	02:02:50.355	0.82991				2
2025.01.07	02:02:56.346	0.82990				2
2025.01.07	02:03:00.670	0.82991				2
2025.01.07	02:03:03.328	0.82994	0.82995			6
2025.01.07	02:03:03.632	0.82996	0.82998			6
2025.01.07	02:03:08.346	0.82995				2
2025.01.07	02:03:08.674	0.82994	0.82997			6
2025.01.07	02:03:09.539		0.82998			4
2025.01.07	02:03:10.216		0.82997			4
2025.01.07	02:03:18.060	0.82997	0.82998			6
2025.01.07	02:03:20.430	0.82998	0.82999			6
2025.01.07	02:03:34.231	0.82996				2
2025.01.07	02:03:34.544	0.82998				2
2025.01.07	02:03:45.652	0.82997				2
2025.01.07	02:04:00.395	0.82997				2
2025.01.07	02:04:15.581		0.83000			4
2025.01.07	02:04:17.704	0.83000	0.83003			6
2025.01.07	02:04:20.434		0.83002			4
2025.01.07	02:04:20.812	0.82999				2
2025.01.07	02:04:21.291		0.83003			4
2025.01.07	02:04:26.058		0.83002			4
2025.01.07	02:04:26.373		0.83003			4
2025.01.07	02:04:29.255		0.83002			4
2025.01.07	02:04:30.442		0.83003			4
2025.01.07	02:04:31.198	0.83001				2
2025.01.07	02:04:31.863		0.83004			4
2025.01.07	02:04:35.245		0.83003			4
2025.01.07	02:04:40.332	0.83000				2
2025.01.07	02:04:40.740	0.82999				2
2025.01.07	02:04:49.770	0.83004	0.83006			6
2025.01.07	02:04:50.448		0.83007			4
2025.01.07	02:04:50.757	0.83005	0.83008			6
2025.01.07	02:04:53.780	0.83004				2
2025.01.07	02:04:54.105	0.83007	0.83009			6
2025.01.07	02:04:55.560		0.83010			4
2025.01.07	02:04:57.429	0.83004	0.83007			6
2025.01.07	02:05:00.105	0.83004				2
2025.01.07	02:05:01.366	0.83003	0.83006			6
2025.01.07	02:05:04.701		0.83005			4
2025.01.07	02:05:05.109		0.83004			4
2025.01.07	02:05:05.531	0.83002				2
2025.01.07	02:05:06.071	0.83001	0.83003			6
2025.01.07	02:05:06.440	0.83000				2
2025.01.07	02:05:09.626	0.83001	0.83004			6
2025.01.07	02:05:09.957	0.83000	0.83003			6
2025.01.07	02:05:12.781	0.82999				2
2025.01.07	02:05:23.041		0.83002			4
2025.01.07	02:05:26.573	0.83000	0.83003			6
2025.01.07	02:05:27.688	0.83001				2
2025.01.07	02:05:29.960	0.83002	0.83006			6
2025.01.07	02:05:52.295	0.83003				2
2025.01.07	02:06:00.222	0.83003				2
2025.01.07	02:06:01.553	0.83002				2
2025.01.07	02:06:09.035		0.83007			4
2025.01.07	02:06:09.628	0.83003				2
2025.01.07	02:06:15.366	0.83004				2
2025.01.07	02:06:19.254	0.83003	0.83006			6
2025.01.07	02:06:19.892		0.83007			4
2025.01.07	02:06:20.269	0.83002	0.83006			6
2025.01.07	02:06:24.914	0.83003	0.83007			6
2025.01.07	02:06:25.718	0.83004				2
2025.01.07	02:06:26.401		0.83008			4
2025.01.07	02:06:26.806		0.83007			4
2025.01.07	02:06:31.159		0.83008			4
2025.01.07	02:06:32.218		0.83007			4
2025.01.07	02:06:33.413	0.83003	0.83006			6
2025.01.07	02:06:41.705		0.83007			4
2025.01.07	02:06:44.984		0.83006			4
2025.01.07	02:06:46.355	0.83004				2
2025.01.07	02:06:51.859	0.83003				2
2025.01.07	02:06:52.294		0.83005			4
2025.01.07	02:06:52.931	0.83002				2
2025.01.07	02:06:57.387	0.83001	0.83004			6
2025.01.07	02:07:00.807	0.83001				2
2025.01.07	02:07:01.230	0.83000				2
2025.01.07	02:07:01.799	0.83001				2
2025.01.07	02:07:02.253	0.83000				2
2025.01.07	02:07:02.567	0.83001				2
2025.01.07	02:07:03.373	0.83000				2
2025.01.07	02:07:03.989	0.83001				2
2025.01.07	02:07:04.343		0.83005			4
2025.01.07	02:07:06.846		0.83004			4
2025.01.07	02:07:07.153	0.83000	0.83003			6
2025.01.07	02:07:08.157		0.83002			4
2025.01.07	02:07:08.466	0.82999	0.83003			6
2025.01.07	02:07:09.441	0.83000				2
2025.01.07	02:07:09.745	0.82999				2
2025.01.07	02:07:10.372	0.83000				2
2025.01.07	02:07:11.310	0.82999				2
2025.01.07	02:07:15.515	0.83000				2
2025.01.07	02:07:15.822	0.83001				2
2025.01.07	02:07:22.019	0.83002				2
2025.01.07	02:07:22.548	0.83001				2
2025.01.07	02:07:22.869	0.83000				2
2025.01.07	02:07:23.201	0.82999	0.83002			6
2025.01.07	02:07:23.549	0.83000				2
2025.01.07	02:07:23.862	0.82999				2
2025.01.07	02:07:32.543	0.83000				2
2025.01.07	02:07:32.863		0.83003			4
2025.01.07	02:07:33.489		0.83002			4
2025.01.07	02:07:35.418		0.83003			4
2025.01.07	02:07:35.820		0.83002			4
2025.01.07	02:07:37.211	0.82999				2
2025.01.07	02:07:38.413	0.83000				2
2025.01.07	02:07:38.722	0.82999				2
2025.01.07	02:07:40.414	0.83000				2
2025.01.07	02:07:41.318	0.82999				2
2025.01.07	02:07:41.814	0.83000				2
2025.01.07	02:07:55.012	0.83001	0.83004			6
2025.01.07	02:07:55.391	0.83002	0.83003			6
2025.01.07	02:07:56.345	0.83001				2
2025.01.07	02:08:00.503	0.83001				2
2025.01.07	02:08:00.930		0.83004			4
2025.01.07	02:08:01.680		0.83003			4
2025.01.07	02:08:09.373		0.83004			4
2025.01.07	02:08:09.772		0.83003			4
2025.01.07	02:08:10.423	0.83000				2
2025.01.07	02:08:16.928	0.83001	0.83004			6
2025.01.07	02:08:18.976		0.83003			4
2025.01.07	02:08:19.318		0.83004			4
2025.01.07	02:08:20.417	0.83000				2
2025.01.07	02:08:21.969	0.83002				2
2025.01.07	02:08:24.280	0.83001				2
2025.01.07	02:08:30.541		0.83003			4
2025.01.07	02:08:31.072	0.83000				2
2025.01.07	02:08:32.151	0.83001				2
2025.01.07	02:08:32.651	0.83000				2
2025.01.07	02:08:35.491		0.83004			4
2025.01.07	02:08:35.883		0.83003			4
2025.01.07	02:08:44.230	0.83001				2
2025.01.07	02:08:50.205	0.83002				2
2025.01.07	02:08:51.262	0.83001				2
2025.01.07	02:08:59.940	0.83002				2
2025.01.07	02:09:00.738	0.83002				2
2025.01.07	02:09:01.698	0.83001				2
2025.01.07	02:09:11.076	0.83000				2
2025.01.07	02:09:13.499	0.82998				2
2025.01.07	02:09:13.805	0.83000				2
2025.01.07	02:09:14.347	0.82998	0.83002			6
2025.01.07	02:09:14.858	0.82999				2
2025.01.07	02:09:20.665	0.83000				2
2025.01.07	02:09:21.002	0.82999				2
2025.01.07	02:09:24.260	0.83000				2
2025.01.07	02:09:26.356	0.83001				2
2025.01.07	02:09:26.675	0.83000				2
2025.01.07	02:09:26.979	0.83001				2
2025.01.07	02:09:28.019	0.83000				2
2025.01.07	02:09:57.447	0.83001				2
2025.01.07	02:09:58.352	0.83000				2
2025.01.07	02:10:00.435	0.83001				2
2025.01.07	02:10:01.402	0.83000				2
2025.01.07	02:10:03.588	0.83001				2
2025.01.07	02:10:04.359	0.83003	0.83004			6
2025.01.07	02:10:04.669	0.83002	0.83003			6
2025.01.07	02:10:05.055	0.83001				2
2025.01.07	02:10:06.761	0.83000				2
2025.01.07	02:10:07.107	0.83001				2
2025.01.07	02:10:07.426	0.83000				2
2025.01.07	02:10:11.654	0.83001				2
2025.01.07	02:10:12.416	0.83003	0.83005			6
2025.01.07	02:10:12.742	0.83002				2
2025.01.07	02:10:18.255	0.83000	0.83004			6
2025.01.07	02:10:18.570		0.83003			4
2025.01.07	02:10:28.433	0.83001				2
2025.01.07	02:10:28.962	0.83000				2
2025.01.07	02:10:31.581	0.83001	0.83004			6
2025.01.07	02:10:36.199	0.83000				2
2025.01.07	02:10:39.296		0.83003			4
2025.01.07	02:10:39.601	0.82998				2
2025.01.07	02:10:39.930	0.82999	0.83002			6
2025.01.07	02:10:40.275	0.82998				2
2025.01.07	02:10:40.603	0.82999				2
2025.01.07	02:10:42.861	0.83000				2
2025.01.07	02:10:43.188	0.82999				2
2025.01.07	02:10:45.326		0.83003			4
2025.01.07	02:10:46.108	0.83001	0.83005			6
2025.01.07	02:10:46.420		0.83004			4
2025.01.07	02:10:51.124	0.83000	0.83003			6
2025.01.07	02:10:51.431	0.82999				2
2025.01.07	02:10:51.816		0.83002			4
2025.01.07	02:10:52.221		0.83003			4
2025.01.07	02:10:54.540		0.83004			4
2025.01.07	02:10:58.348	0.83000				2
2025.01.07	02:11:00.574	0.83000				2
2025.01.07	02:11:05.006	0.83001				2
2025.01.07	02:11:10.417	0.83000				2
2025.01.07	02:11:17.501	0.83001	0.83005			6
2025.01.07	02:11:17.804	0.83002				2
2025.01.07	02:11:20.429	0.83001				2
2025.01.07	02:11:20.928	0.83002				2
2025.01.07	02:11:22.880	0.83003				2
2025.01.07	02:11:24.414	0.83002				2
2025.01.07	02:11:27.379	0.83003				2
2025.01.07	02:11:28.826	0.83001	0.83004			6
2025.01.07	02:11:30.358	0.83000				2
2025.01.07	02:11:35.800	0.82999				2
2025.01.07	02:11:36.356	0.83000	0.83003			6
2025.01.07	02:11:37.023	0.83001	0.83004			6
2025.01.07	02:11:42.547	0.83000				2
2025.01.07	02:11:42.876	0.83001				2
2025.01.07	02:11:44.034	0.83000				2
2025.01.07	02:11:44.388	0.83001				2
2025.01.07	02:11:48.077	0.83000				2
2025.01.07	02:11:49.542	0.83001				2
2025.01.07	02:11:51.255	0.83003	0.83005			6
2025.01.07	02:11:51.662	0.83002				2
2025.01.07	02:11:52.350	0.83001				2
2025.01.07	02:11:52.658	0.82999	0.83003			6
2025.01.07	02:11:56.003		0.83004			4
2025.01.07	02:11:56.876		0.83003			4
2025.01.07	02:11:57.738	0.83001	0.83004			6
2025.01.07	02:11:58.659	0.83002				2
2025.01.07	02:11:59.518	0.83001				2
2025.01.07	02:12:00.076	0.83001				2
2025.01.07	02:12:01.117	0.83000	0.83003			6
2025.01.07	02:12:01.501	0.83001	0.83004			6
2025.01.07	02:12:02.624	0.83002				2
2025.01.07	02:12:03.022	0.83001				2
2025.01.07	02:12:03.992	0.83000	0.83003			6
2025.01.07	02:12:04.661	0.82999				2
2025.01.07	02:12:09.839	0.83000				2
2025.01.07	02:12:16.326	0.83001				2
2025.01.07	02:12:16.649	0.83000				2
2025.01.07	02:12:17.206	0.83001				2
2025.01.07	02:12:17.712	0.83000				2
2025.01.07	02:12:25.112	0.82999				2
2025.01.07	02:12:25.746		0.83002			4
2025.01.07	02:12:27.010	0.83000				2
2025.01.07	02:12:27.678	0.83001				2
2025.01.07	02:12:28.119	0.82999				2
2025.01.07	02:12:32.354	0.82998				2
2025.01.07	02:12:35.198	0.82999				2
2025.01.07	02:12:38.372	0.83000				2
2025.01.07	02:12:52.684	0.82998				2
2025.01.07	02:13:01.190	0.82998				2
2025.01.07	02:13:01.495	0.82997	0.83001			6
2025.01.07	02:13:26.875		0.82998			4
2025.01.07	02:13:27.544	0.82999	0.83001			6
2025.01.07	02:13:28.204		0.83002			4
2025.01.07	02:13:54.717	0.82998	0.83001			6
2025.01.07	02:14:01.273	0.82998				2
2025.01.07	02:14:05.806	0.82997	0.83000			6
2025.01.07	02:14:12.080	0.82998				2
2025.01.07	02:14:12.394	0.82997				2
2025.01.07	02:14:21.756	0.82996	0.82998			6
2025.01.07	02:14:24.456	0.82998	0.82999			6
2025.01.07	02:14:24.771	0.82997	0.82998			6
2025.01.07	02:14:25.108	0.82996				2
2025.01.07	02:14:48.907	0.83001	0.83002			6
2025.01.07	02:14:49.212	0.83002	0.83003			6
2025.01.07	02:14:49.652	0.83001	0.83002			6
2025.01.07	02:14:50.434	0.83000	0.83001			6
2025.01.07	02:14:52.268	0.83001	0.83002			6
2025.01.07	02:14:53.447	0.83000	0.83001			6
2025.01.07	02:14:54.342	0.83002	0.83003			6
2025.01.07	02:14:54.676	0.83001	0.83002			6
2025.01.07	02:14:55.177	0.83002	0.83004			6
2025.01.07	02:14:55.598	0.83001				2
2025.01.07	02:14:57.419	0.83000				2
2025.01.07	02:14:57.775	0.82999	0.83003			6
2025.01.07	02:14:58.198		0.83004			4
2025.01.07	02:14:59.148		0.83003			4
2025.01.07	02:15:00.404	0.82999				2
2025.01.07	02:15:00.780	0.83000	0.83004			6
2025.01.07	02:15:01.703	0.83001				2
2025.01.07	02:15:02.038	0.82999	0.83002			6
2025.01.07	02:15:02.356	0.82998	0.83003			6
2025.01.07	02:15:04.925	0.82999				2
2025.01.07	02:15:15.347	0.83000				2
2025.01.07	02:15:20.172		0.83004			4
2025.01.07	02:15:20.817		0.83003			4
2025.01.07	02:15:21.198		0.83004			4
2025.01.07	02:15:21.878		0.83003			4
2025.01.07	02:15:25.431	0.83001				2
2025.01.07	02:15:26.346	0.83002	0.83004			6
2025.01.07	02:15:27.380	0.83001	0.83003			6
2025.01.07	02:15:27.859		0.83004			4
2025.01.07	02:15:28.208	0.83002	0.83003			6
2025.01.07	02:15:28.565		0.83004			4
2025.01.07	02:15:29.087		0.83003			4
2025.01.07	02:15:30.083	0.83001				2
2025.01.07	02:15:34.620	0.83000				2
2025.01.07	02:15:39.473	0.83001				2
2025.01.07	02:15:40.569	0.83000	0.83002			6
2025.01.07	02:15:41.558	0.82999				2
2025.01.07	02:15:45.254		0.83001			4
2025.01.07	02:15:53.148	0.82998				2
2025.01.07	02:15:57.140	0.82997				2
2025.01.07	02:15:58.398		0.82999			4
2025.01.07	02:15:59.493	0.82998				2
2025.01.07	02:15:59.802	0.82997				2
2025.01.07	02:16:00.130	0.82997				2
2025.01.07	02:16:00.923	0.82998				2
2025.01.07	02:16:02.514	0.82997				2
2025.01.07	02:16:06.825	0.82998	0.83001			6
2025.01.07	02:16:08.351	0.82999	0.83002			6
2025.01.07	02:16:33.777		0.83000			4
2025.01.07	02:16:46.418	0.82998				2
2025.01.07	02:16:47.130	0.82999	0.83001			6
2025.01.07	02:16:47.492	0.82998				2
2025.01.07	02:16:55.946	0.82999				2
2025.01.07	02:16:56.610	0.82998				2
2025.01.07	02:16:58.950	0.82999				2
2025.01.07	02:16:59.847	0.82998				2
2025.01.07	02:17:00.153	0.82998				2
2025.01.07	02:17:01.961	0.82999				2
2025.01.07	02:17:05.238	0.82998	0.83000			6
2025.01.07	02:17:07.376	0.82997	0.82998			6
2025.01.07	02:17:07.680	0.82995				2
2025.01.07	02:17:09.792		0.82999			4
2025.01.07	02:17:10.108		0.82998			4
2025.01.07	02:17:11.464	0.82996				2
2025.01.07	02:17:16.061	0.82998	0.83000			6
2025.01.07	02:17:18.411	0.82999				2
2025.01.07	02:17:19.316		0.83002			4
2025.01.07	02:17:20.541		0.83003			4
2025.01.07	02:17:20.854		0.83002			4
2025.01.07	02:17:21.253		0.83003			4
2025.01.07	02:17:23.637		0.83002			4
2025.01.07	02:17:24.117	0.82998				2
2025.01.07	02:17:24.492	0.83000				2
2025.01.07	02:17:25.062	0.82999				2
2025.01.07	02:17:25.521	0.82998	0.83001			6
2025.01.07	02:17:25.842		0.83000			4
2025.01.07	02:17:26.388		0.83001			4
2025.01.07	02:17:29.218		0.83000			4
2025.01.07	02:17:32.006		0.83002			4
2025.01.07	02:17:32.604		0.83000			4
2025.01.07	02:17:34.726	0.82999	0.83002			6
2025.01.07	02:17:42.607		0.83001			4
2025.01.07	02:17:43.763		0.83000			4
2025.01.07	02:17:44.065	0.82996	0.82999			6
2025.01.07	02:17:44.729		0.83000			4
2025.01.07	02:17:45.091	0.82997	0.83001			6
2025.01.07	02:17:45.397	0.82996				2
2025.01.07	02:17:45.701	0.82998				2
2025.01.07	02:17:46.017		0.83000			4
2025.01.07	02:17:47.159	0.82997				2
2025.01.07	02:17:48.351		0.82999			4
2025.01.07	02:17:49.419	0.82998	0.83000			6
2025.01.07	02:17:58.303		0.82999			4
2025.01.07	02:18:00.579	0.82998				2
2025.01.07	02:18:01.200	0.82997	0.82998			6
2025.01.07	02:18:01.645	0.82996	0.82997			6
2025.01.07	02:18:02.506		0.82998			4
2025.01.07	02:18:04.512	0.82995	0.82997			6
2025.01.07	02:18:06.407		0.82998			4
2025.01.07	02:18:10.900		0.82996			4
2025.01.07	02:18:11.204	0.82991	0.82993			6
2025.01.07	02:18:11.861		0.82992			4
2025.01.07	02:18:12.163	0.82990				2
2025.01.07	02:18:12.805	0.82991	0.82994			6
2025.01.07	02:18:13.167		0.82993			4
2025.01.07	02:18:14.235		0.82994			4
2025.01.07	02:18:20.323		0.82995			4
2025.01.07	02:18:21.053		0.82994			4
2025.01.07	02:18:23.842		0.82995			4
2025.01.07	02:18:28.720		0.82994			4
2025.01.07	02:18:31.016		0.82993			4
2025.01.07	02:18:31.364	0.82992				2
2025.01.07	02:18:32.328		0.82995			4
2025.01.07	02:18:37.382		0.82994			4
2025.01.07	02:18:43.311		0.82995			4
2025.01.07	02:18:43.625		0.82994			4
2025.01.07	02:18:43.948		0.82995			4
2025.01.07	02:18:50.665		0.82994			4
2025.01.07	02:18:55.697		0.82995			4
2025.01.07	02:19:03.817	0.82992				2
2025.01.07	02:19:06.100		0.82994			4
2025.01.07	02:19:17.629		0.82993			4
2025.01.07	02:19:17.980		0.82994			4
2025.01.07	02:19:25.764		0.82995			4
2025.01.07	02:19:36.641		0.82994			4
2025.01.07	02:19:37.357	0.82993	0.82995			6
2025.01.07	02:19:41.356	0.82992				2
2025.01.07	02:19:59.060	0.82994				2
2025.01.07	02:20:00.361	0.82994				2
2025.01.07	02:20:04.794	0.82993				2
2025.01.07	02:20:05.370	0.82990	0.82992			6
2025.01.07	02:20:06.319	0.82991	0.82994			6
2025.01.07	02:20:06.646		0.82993			4
2025.01.07	02:20:10.874		0.82992			4
2025.01.07	02:20:13.988		0.82993			4
2025.01.07	02:20:17.543		0.82992			4
2025.01.07	02:20:22.516	0.82990				2
2025.01.07	02:20:26.561		0.82991			4
2025.01.07	02:20:31.764		0.82992			4
2025.01.07	02:20:32.287		0.82991			4
2025.01.07	02:20:35.619	0.82989				2
2025.01.07	02:20:36.108		0.82990			4
2025.01.07	02:20:47.155		0.82991			4
2025.01.07	02:20:55.186		0.82990			4
2025.01.07	02:20:55.686	0.82988				2
2025.01.07	02:20:56.155		0.82991			4
2025.01.07	02:20:56.462	0.82989	0.82990			6
2025.01.07	02:20:56.797		0.82992			4
2025.01.07	02:20:57.183	0.82990				2
2025.01.07	02:21:00.030	0.82990				2
2025.01.07	02:21:02.184		0.82991			4
2025.01.07	02:21:05.386	0.82989				2
2025.01.07	02:21:12.141		0.82992			4
2025.01.07	02:21:12.852		0.82991			4
2025.01.07	02:21:15.082	0.82990	0.82992			6
2025.01.07	02:21:15.392	0.82991				2
2025.01.07	02:21:29.073		0.82993			4
2025.01.07	02:21:30.662	0.82992				2
2025.01.07	02:21:35.306	0.82990	0.82992			6
2025.01.07	02:21:37.007		0.82991			4
2025.01.07	02:21:38.082		0.82992			4
2025.01.07	02:21:42.233	0.82989	0.82991			6
2025.01.07	02:21:51.790	0.82991	0.82992			6
2025.01.07	02:21:52.433		0.82993			4
2025.01.07	02:21:52.744		0.82994			4
2025.01.07	02:21:56.101		0.82992			4
2025.01.07	02:22:00.285	0.82991				2
2025.01.07	02:22:04.642	0.82990	0.82993			6
2025.01.07	02:22:05.436		0.82992			4
2025.01.07	02:22:07.767		0.82991			4
2025.01.07	02:22:08.431		0.82992			4
2025.01.07	02:22:10.673		0.82991			4
2025.01.07	02:22:11.026		0.82992			4
2025.01.07	02:22:13.591	0.82989	0.82991			6
2025.01.07	02:22:15.271	0.82990	0.82993			6
2025.01.07	02:22:16.345	0.82991				2
2025.01.07	02:22:16.668		0.82994			4
2025.01.07	02:22:17.535	0.82992	0.82995			6
2025.01.07	02:22:20.705		0.82994			4
2025.01.07	02:22:21.024	0.82990	0.82992			6
2025.01.07	02:22:31.833	0.82992	0.82995			6
2025.01.07	02:22:34.252	0.82993	0.82994			6
2025.01.07	02:22:47.800		0.82995			4
2025.01.07	02:22:49.773		0.82994			4
2025.01.07	02:22:54.748		0.82995			4
2025.01.07	02:22:55.885		0.82994			4
2025.01.07	02:23:00.835	0.82993				2
2025.01.07	02:23:05.674	0.82995	0.82996			6
2025.01.07	02:23:14.689	0.82994	0.82995			6
2025.01.07	02:23:41.391		0.82996			4
2025.01.07	02:23:41.708		0.82995			4
2025.01.07	02:23:42.052		0.82996			4
2025.01.07	02:23:42.365		0.82995			4
2025.01.07	02:23:44.245	0.82995	0.82996			6
2025.01.07	02:24:00.384	0.82995				2
2025.01.07	02:24:05.339		0.82997			4
2025.01.07	02:24:05.643		0.82996			4
2025.01.07	02:24:06.366		0.82997			4
2025.01.07	02:24:06.701		0.82996			4
2025.01.07	02:24:07.498		0.82997			4
2025.01.07	02:24:07.797	0.82996				2
2025.01.07	02:24:08.150	0.82995				2
2025.01.07	02:24:11.161	0.82996				2
2025.01.07	02:24:17.488	0.82994	0.82996			6
2025.01.07	02:24:26.367		0.82995			4
2025.01.07	02:24:26.698	0.82992	0.82994			6
2025.01.07	02:24:27.462	0.82993	0.82995			6
2025.01.07	02:24:29.875		0.82994			4
2025.01.07	02:24:31.722		0.82995			4
2025.01.07	02:24:32.781		0.82994			4
2025.01.07	02:24:35.204	0.82992	0.82993			6
2025.01.07	02:24:48.287	0.82991	0.82992			6
2025.01.07	02:24:48.741		0.82993			4
2025.01.07	02:24:49.380		0.82992			4
2025.01.07	02:24:50.009	0.82990				2
2025.01.07	02:24:53.529	0.82991	0.82993			6
2025.01.07	02:24:55.897		0.82994			4
2025.01.07	02:24:57.153		0.82993			4
2025.01.07	02:24:58.093	0.82992	0.82994			6
2025.01.07	02:24:58.409		0.82993			4
2025.01.07	02:25:01.435	0.82992				2
2025.01.07	02:25:38.676	0.82991				2
2025.01.07	02:25:44.201		0.82994			4
2025.01.07	02:25:48.149		0.82993			4
2025.01.07	02:25:48.454		0.82994			4
2025.01.07	02:25:49.410		0.82993			4
2025.01.07	02:25:53.257		0.82994			4
2025.01.07	02:25:55.159	0.82993				2
2025.01.07	02:25:55.552	0.82994	0.82995			6
2025.01.07	02:25:57.022		0.82996			4
2025.01.07	02:25:57.333		0.82995			4
2025.01.07	02:26:00.114	0.82994				2
2025.01.07	02:26:11.462		0.82996			4
2025.01.07	02:26:28.897		0.82995			4
2025.01.07	02:26:50.576	0.82993				2
2025.01.07	02:26:51.988		0.82994			4
2025.01.07	02:26:52.331		0.82995			4
2025.01.07	02:26:55.093		0.82994			4
2025.01.07	02:27:01.275	0.82993				2
2025.01.07	02:27:20.656	0.82994	0.82995			6
2025.01.07	02:27:26.406	0.82996	0.82997			6
2025.01.07	02:27:28.722	0.82995	0.82996			6
2025.01.07	02:27:38.945	0.82997	0.82998			6
2025.01.07	02:27:41.421	0.82996	0.82997			6
2025.01.07	02:27:41.723	0.82995	0.82996			6
2025.01.07	02:28:03.496	0.82994	0.82995			6
2025.01.07	02:28:07.442	0.82995	0.82996			6
2025.01.07	02:28:08.308	0.82994	0.82995			6
2025.01.07	02:28:08.642	0.82993				2
2025.01.07	02:28:08.980	0.82994				2
2025.01.07	02:28:09.284		0.82996			4
2025.01.07	02:28:11.205	0.82993	0.82995			6
2025.01.07	02:28:12.586	0.82994				2
2025.01.07	02:28:15.305	0.82993				2
2025.01.07	02:28:15.637	0.82994				2
2025.01.07	02:28:16.634	0.82993				2
2025.01.07	02:28:33.297	0.82991	0.82993			6
2025.01.07	02:28:33.609	0.82990	0.82991			6
2025.01.07	02:28:33.947		0.82992			4
2025.01.07	02:28:34.355	0.82993	0.82994			6
2025.01.07	02:28:34.663		0.82996			4
2025.01.07	02:28:35.549		0.82995			4
2025.01.07	02:28:35.852		0.82994			4
2025.01.07	02:28:38.010		0.82995			4
2025.01.07	02:28:38.768	0.82994				2
2025.01.07	02:28:39.936		0.82996			4
2025.01.07	02:28:46.408	0.82995	0.82997			6
2025.01.07	02:28:47.762		0.82996			4
2025.01.07	02:28:48.389		0.82997			4
2025.01.07	02:28:50.122		0.82996			4
2025.01.07	02:28:50.627		0.82997			4
2025.01.07	02:28:54.206	0.82994	0.82996			6
2025.01.07	02:28:57.700		0.82995			4
2025.01.07	02:29:00.365	0.82994	0.82996			6
2025.01.07	02:29:07.856		0.82995			4
2025.01.07	02:29:13.287		0.82996			4
2025.01.07	02:29:15.888		0.82995			4
2025.01.07	02:29:17.843		0.82996			4
2025.01.07	02:29:19.546		0.82995			4
2025.01.07	02:29:20.880		0.82996			4
2025.01.07	02:29:21.718		0.82995			4
2025.01.07	02:29:29.935		0.82996			4
2025.01.07	02:29:35.439		0.82995			4
2025.01.07	02:29:42.792	0.82992	0.82993			6
2025.01.07	02:29:47.658	0.82991	0.82992			6
2025.01.07	02:29:47.969	0.82990	0.82991			6
2025.01.07	02:29:50.163	0.82991	0.82993			6
2025.01.07	02:29:50.483		0.82992			4
2025.01.07	02:29:56.070	0.82990	0.82993			6
2025.01.07	02:29:56.642		0.82991			4
2025.01.07	02:29:57.355		0.82992			4
2025.01.07	02:30:00.531	0.82990	0.82991			6
2025.01.07	02:30:00.930		0.82992			4
2025.01.07	02:30:01.272		0.82991			4
2025.01.07	02:30:03.637	0.82989				2
2025.01.07	02:30:13.860	0.82990	0.82992			6
2025.01.07	02:30:14.343		0.82993			4
2025.01.07	02:30:15.907		0.82992			4
2025.01.07	02:30:16.228		0.82993			4
2025.01.07	02:30:16.583		0.82991			4
2025.01.07	02:30:29.367	0.82989	0.82990			6
2025.01.07	02:30:31.121	0.82990	0.82991			6
2025.01.07	02:30:45.086	0.82991	0.82992			6
2025.01.07	02:30:47.104	0.82990	0.82991			6
2025.01.07	02:30:54.674	0.82991	0.82992			6
2025.01.07	02:30:58.631	0.82992	0.82993			6
2025.01.07	02:31:00.104	0.82992				2
2025.01.07	02:31:00.462	0.82991	0.82992			6
2025.01.07	02:31:05.056	0.82990	0.82991			6
2025.01.07	02:31:08.963	0.82989	0.82990			6
2025.01.07	02:31:11.848	0.82990	0.82991			6
2025.01.07	02:31:18.363	0.82989	0.82990			6
2025.01.07	02:31:44.401	0.82990	0.82991			6
2025.01.07	02:31:46.161	0.82989	0.82990			6
2025.01.07	02:31:48.121	0.82988	0.82989			6
2025.01.07	02:31:51.018	0.82989	0.82990			6
2025.01.07	02:32:00.470	0.82989				2
2025.01.07	02:32:08.058	0.82988	0.82989			6
2025.01.07	02:32:12.984	0.82990	0.82991			6
2025.01.07	02:32:16.450	0.82991	0.82992			6
2025.01.07	02:32:16.811	0.82990	0.82991			6
2025.01.07	02:32:22.186	0.82989	0.82990			6
2025.01.07	02:32:22.506	0.82990	0.82991			6
2025.01.07	02:32:30.334	0.82989	0.82990			6
2025.01.07	02:32:33.491	0.82990	0.82991			6
2025.01.07	02:32:35.707	0.82989	0.82990			6
2025.01.07	02:32:36.060	0.82990	0.82991			6
2025.01.07	02:32:37.503	0.82989	0.82990			6
2025.01.07	02:32:38.916	0.82990	0.82991			6
2025.01.07	02:32:40.090	0.82989	0.82990			6
2025.01.07	02:32:40.609	0.82990	0.82991			6
2025.01.07	02:32:46.232	0.82989	0.82990			6
2025.01.07	02:32:46.534	0.82990	0.82991			6
2025.01.07	02:33:00.621	0.82990				2
2025.01.07	02:33:05.115	0.82989	0.82990			6
2025.01.07	02:33:06.344	0.82988	0.82989			6
2025.01.07	02:33:11.768	0.82989	0.82990			6
2025.01.07	02:33:15.310	0.82988	0.82989			6
2025.01.07	02:33:28.287	0.82989	0.82990			6
2025.01.07	02:33:30.066	0.82988	0.82989			6
2025.01.07	02:33:30.466	0.82985	0.82986			6
2025.01.07	02:33:30.804	0.82984	0.82985			6
2025.01.07	02:33:36.345		0.82986			4
2025.01.07	02:33:36.895	0.82985				2
2025.01.07	02:33:37.611	0.82984	0.82985			6
2025.01.07	02:33:48.823	0.82985	0.82986			6
2025.01.07	02:33:51.031	0.82983	0.82985			6
2025.01.07	02:33:54.427	0.82982				2
2025.01.07	02:33:59.371	0.82983				2
2025.01.07	02:33:59.740	0.82982				2
2025.01.07	02:34:00.339	0.82981	0.82982			6
2025.01.07	02:34:00.644	0.82979	0.82980			6
2025.01.07	02:34:00.979	0.82978				2
2025.01.07	02:34:02.303	0.82977	0.82979			6
2025.01.07	02:34:06.680		0.82980			4
2025.01.07	02:34:06.982		0.82979			4
2025.01.07	02:34:07.300		0.82980			4
2025.01.07	02:34:07.685	0.82976	0.82977			6
2025.01.07	02:34:08.514	0.82974				2
2025.01.07	02:34:09.596	0.82975	0.82978			6
2025.01.07	02:34:10.773		0.82977			4
2025.01.07	02:34:11.912	0.82976	0.82978			6
2025.01.07	02:34:14.605	0.82977				2
2025.01.07	02:34:15.679	0.82976				2
2025.01.07	02:34:16.344	0.82977				2
2025.01.07	02:34:21.997	0.82979	0.82980			6
2025.01.07	02:34:22.616	0.82980	0.82981			6
2025.01.07	02:34:23.862	0.82983	0.82984			6
2025.01.07	02:34:25.832	0.82982	0.82983			6
2025.01.07	02:34:26.242	0.82981	0.82982			6
2025.01.07	02:34:28.444	0.82980				2
2025.01.07	02:34:29.141	0.82981				2
2025.01.07	02:34:29.980	0.82980				2
2025.01.07	02:34:30.312	0.82982	0.82983			6
2025.01.07	02:34:31.483	0.82980	0.82982			6
2025.01.07	02:34:31.809	0.82981				2
2025.01.07	02:34:33.560	0.82980	0.82981			6
2025.01.07	02:34:34.446	0.82981	0.82982			6
2025.01.07	02:34:34.960	0.82982	0.82983			6
2025.01.07	02:34:35.357	0.82981	0.82982			6
2025.01.07	02:34:35.833	0.82980	0.82981			6
2025.01.07	02:34:37.317	0.82981	0.82982			6
2025.01.07	02:34:37.764	0.82980	0.82981			6
2025.01.07	02:34:39.520	0.82981	0.82982			6
2025.01.07	02:34:40.353	0.82980	0.82981			6
2025.01.07	02:34:40.657	0.82979	0.82980			6
2025.01.07	02:34:41.413	0.82981	0.82982			6
2025.01.07	02:34:41.745	0.82980	0.82981			6
2025.01.07	02:34:42.115	0.82979	0.82980			6
2025.01.07	02:34:43.025	0.82980	0.82981			6
2025.01.07	02:34:47.010	0.82979	0.82980			6
2025.01.07	02:34:48.393	0.82978				2
2025.01.07	02:34:53.667	0.82979				2
2025.01.07	02:34:56.824	0.82978				2
2025.01.07	02:34:57.211	0.82979				2
2025.01.07	02:34:57.560	0.82978				2
2025.01.07	02:34:59.318		0.82979			4
2025.01.07	02:35:00.207	0.82978				2
2025.01.07	02:35:01.315	0.82977				2
2025.01.07	02:35:05.481	0.82978				2
2025.01.07	02:35:06.703	0.82977				2
2025.01.07	02:35:08.563	0.82978				2
2025.01.07	02:35:08.921	0.82979	0.82980			6
2025.01.07	02:35:09.246	0.82977	0.82979			6
2025.01.07	02:35:11.671	0.82978				2
2025.01.07	02:35:12.442		0.82980			4
2025.01.07	02:35:13.351	0.82979				2
2025.01.07	02:35:18.195	0.82978	0.82979			6
2025.01.07	02:35:19.436	0.82979	0.82980			6
2025.01.07	02:35:21.216	0.82978				2
2025.01.07	02:35:21.527	0.82979				2
2025.01.07	02:35:22.149	0.82978				2
2025.01.07	02:35:22.542		0.82979			4
2025.01.07	02:35:28.486	0.82977				2
2025.01.07	02:35:28.821	0.82978				2
2025.01.07	02:35:30.788	0.82977				2
2025.01.07	02:35:31.118	0.82978				2
2025.01.07	02:35:31.804	0.82977				2
2025.01.07	02:35:32.135	0.82978				2
2025.01.07	02:35:32.884	0.82977				2
2025.01.07	02:35:33.267	0.82978				2
2025.01.07	02:35:33.942	0.82977				2
2025.01.07	02:35:34.251	0.82978				2
2025.01.07	02:35:34.966	0.82977				2
2025.01.07	02:35:37.955	0.82978				2
2025.01.07	02:35:38.468	0.82977	0.82981			6
2025.01.07	02:35:41.978	0.82978				2
2025.01.07	02:35:43.039	0.82977				2
2025.01.07	02:35:43.813	0.82975	0.82978			6
2025.01.07	02:35:44.249	0.82977	0.82979			6
2025.01.07	02:35:44.566	0.82978				2
2025.01.07	02:35:48.199	0.82977				2
2025.01.07	02:35:48.822		0.82980			4
2025.01.07	02:35:49.226	0.82978				2
2025.01.07	02:35:50.066		0.82981			4
2025.01.07	02:35:50.862	0.82979				2
2025.01.07	02:35:51.763	0.82978				2
2025.01.07	02:35:52.214	0.82979				2
2025.01.07	02:35:54.579	0.82978				2
2025.01.07	02:35:57.255	0.82977	0.82980			6
2025.01.07	02:35:58.883	0.82978				2
2025.01.07	02:35:59.425	0.82976	0.82979			6
2025.01.07	02:36:00.004	0.82976	0.82978			6
2025.01.07	02:36:01.040	0.82975	0.82977			6
2025.01.07	02:36:01.348	0.82976				2
2025.01.07	02:36:01.933	0.82975				2
2025.01.07	02:36:02.835	0.82976				2
2025.01.07	02:36:03.206	0.82975				2
2025.01.07	02:36:03.537	0.82977	0.82978			6
2025.01.07	02:36:04.266	0.82975				2
2025.01.07	02:36:04.587	0.82972	0.82974			6
2025.01.07	02:36:05.184	0.82973				2
2025.01.07	02:36:05.571	0.82972				2
2025.01.07	02:36:08.726	0.82975	0.82978			6
2025.01.07	02:36:09.034	0.82976				2
2025.01.07	02:36:16.261	0.82977	0.82979			6
2025.01.07	02:36:53.369	0.82978	0.82980			6
2025.01.07	02:37:01.020	0.82978				2
2025.01.07	02:37:05.036	0.82977	0.82979			6
2025.01.07	02:37:18.288	0.82978	0.82980			6
2025.01.07	02:37:21.604	0.82977	0.82981			6
2025.01.07	02:37:21.925	0.82978	0.82980			6
2025.01.07	02:37:38.702	0.82977				2
2025.01.07	02:37:39.412	0.82978				2
2025.01.07	02:37:43.560	0.82979				2
2025.01.07	02:37:47.553	0.82978				2
2025.01.07	02:37:48.551	0.82979				2
2025.01.07	02:37:49.405	0.82977				2
2025.01.07	02:37:52.303		0.82981			4
2025.01.07	02:38:00.372	0.82977				2
2025.01.07	02:38:06.670		0.82980			4
2025.01.07	02:38:06.985	0.82978				2
2025.01.07	02:38:12.755	0.82977				2
2025.01.07	02:38:13.486	0.82978				2
2025.01.07	02:38:14.235	0.82977				2
2025.01.07	02:38:26.348	0.82978				2
2025.01.07	02:38:26.846	0.82977				2
2025.01.07	02:38:27.635	0.82978				2
2025.01.07	02:38:36.841	0.82977				2
2025.01.07	02:38:40.681		0.82981			4
2025.01.07	02:38:40.986	0.82978	0.82980			6
2025.01.07	02:38:41.428	0.82977	0.82981			6
2025.01.07	02:38:41.952	0.82978				2
2025.01.07	02:38:43.129	0.82977	0.82978			6
2025.01.07	02:38:52.452	0.82978	0.82979			6
2025.01.07	02:39:00.904	0.82978				2
2025.01.07	02:39:08.347	0.82977	0.82978			6
2025.01.07	02:39:25.005	0.82978	0.82979			6
2025.01.07	02:39:26.030	0.82977	0.82978			6
2025.01.07	02:39:28.770	0.82976	0.82977			6
2025.01.07	02:39:33.265	0.82975				2
2025.01.07	02:39:36.202	0.82976	0.82978			6
2025.01.07	02:39:36.520	0.82977				2
2025.01.07	02:39:36.824	0.82975	0.82979			6
2025.01.07	02:39:37.215	0.82976	0.82978			6
2025.01.07	02:39:37.898	0.82975				2
2025.01.07	02:39:38.218	0.82977	0.82980			6
2025.01.07	02:39:39.334		0.82979			4
2025.01.07	02:39:42.134	0.82978				2
2025.01.07	02:39:43.905	0.82977				2
2025.01.07	02:39:44.484	0.82978	0.82980			6
2025.01.07	02:39:48.282	0.82979				2
2025.01.07	02:39:48.606	0.82978				2
2025.01.07	02:39:53.343	0.82979				2
2025.01.07	02:39:53.652	0.82977				2
2025.01.07	02:39:58.881	0.82978				2
2025.01.07	02:40:00.341	0.82979	0.82981			6
2025.01.07	02:40:00.646	0.82980	0.82982			6
2025.01.07	02:40:00.979	0.82979	0.82981			6
2025.01.07	02:40:02.352	0.82978				2
2025.01.07	02:40:12.201	0.82980				2
2025.01.07	02:40:16.224	0.82979				2
2025.01.07	02:40:17.502	0.82978				2
2025.01.07	02:40:20.271		0.82980			4
2025.01.07	02:40:26.347	0.82979				2
2025.01.07	02:40:27.342	0.82978				2
2025.01.07	02:40:29.675	0.82979				2
2025.01.07	02:40:32.097	0.82980	0.82981			6
2025.01.07	02:40:36.026	0.82979	0.82980			6
2025.01.07	02:40:36.429	0.82980	0.82981			6
2025.01.07	02:40:37.051	0.82979	0.82980			6
2025.01.07	02:40:46.668	0.82978				2
2025.01.07	02:40:47.076	0.82979				2
2025.01.07	02:40:47.399	0.82978	0.82981			6
2025.01.07	02:40:49.688	0.82979				2
2025.01.07	02:40:50.234	0.82978	0.82980			6
2025.01.07	02:40:50.581		0.82981			4
2025.01.07	02:40:52.043	0.82979				2
2025.01.07	02:40:53.702		0.82980			4
2025.01.07	02:40:54.760	0.82980	0.82981			6
2025.01.07	02:40:55.163	0.82978	0.82980			6
2025.01.07	02:40:56.354	0.82977				2
2025.01.07	02:40:57.461	0.82978				2
2025.01.07	02:41:00.638	0.82978				2
2025.01.07	02:41:02.346	0.82979				2
2025.01.07	02:41:05.542	0.82978				2
2025.01.07	02:41:08.046	0.82979				2
2025.01.07	02:41:08.801	0.82978				2
2025.01.07	02:41:10.480		0.82981			4
2025.01.07	02:41:11.778		0.82980			4
2025.01.07	02:41:12.360	0.82979				2
2025.01.07	02:41:14.065	0.82978				2
2025.01.07	02:41:15.006	0.82979				2
2025.01.07	02:41:17.175	0.82980	0.82981			6
2025.01.07	02:41:19.807	0.82979	0.82980			6
2025.01.07	02:41:20.166		0.82981			4
2025.01.07	02:41:20.471	0.82980				2
2025.01.07	02:41:22.234	0.82979				2
2025.01.07	02:41:22.921	0.82978				2
2025.01.07	02:41:23.268	0.82979				2
2025.01.07	02:41:25.803		0.82980			4
2025.01.07	02:41:27.861	0.82978				2
2025.01.07	02:41:28.204	0.82977				2
2025.01.07	02:41:40.377	0.82978				2
2025.01.07	02:41:40.698	0.82977	0.82981			6
2025.01.07	02:41:43.677	0.82978				2
2025.01.07	02:41:48.424	0.82977				2
2025.01.07	02:41:50.947	0.82978	0.82980			6
2025.01.07	02:41:52.056	0.82977	0.82981			6
2025.01.07	02:41:54.803	0.82978				2
2025.01.07	02:41:55.417	0.82977				2
2025.01.07	02:41:55.768	0.82978				2
2025.01.07	02:41:56.114	0.82977				2
2025.01.07	02:42:00.322	0.82980	0.82982			6
2025.01.07	02:42:05.364	0.82979	0.82981			6
2025.01.07	02:42:05.679	0.82980	0.82983			6
2025.01.07	02:42:06.612		0.82982			4
2025.01.07	02:42:08.735	0.82981	0.82983			6
2025.01.07	02:42:15.410		0.82984			4
2025.01.07	02:42:20.463	0.82982				2
2025.01.07	02:42:24.750	0.82983	0.82985			6
2025.01.07	02:42:28.270	0.82982				2
2025.01.07	02:42:38.309		0.82986			4
2025.01.07	02:42:40.151		0.82985			4
2025.01.07	02:42:44.296	0.82983				2
2025.01.07	02:42:44.618	0.82982				2
2025.01.07	02:42:45.538		0.82986			4
2025.01.07	02:42:45.889		0.82985			4
2025.01.07	02:42:47.221		0.82986			4
2025.01.07	02:42:51.043		0.82985			4
2025.01.07	02:42:52.423		0.82986			4
2025.01.07	02:42:53.948		0.82985			4
2025.01.07	02:43:00.568	0.82982	0.82986			6
2025.01.07	02:43:04.509		0.82985			4
2025.01.07	02:43:10.057		0.82984			4
2025.01.07	02:43:10.362	0.82981	0.82983			6
2025.01.07	02:43:11.090		0.82984			4
2025.01.07	02:43:12.152	0.82980	0.82983			6
2025.01.07	02:43:15.033	0.82982	0.82984			6
2025.01.07	02:43:26.892	0.82981				2
2025.01.07	02:43:29.201	0.82980	0.82983			6
2025.01.07	02:43:32.556	0.82981	0.82984			6
2025.01.07	02:43:44.863	0.82982				2
2025.01.07	02:43:45.651		0.82983			4
2025.01.07	02:43:56.807		0.82984			4
2025.01.07	02:44:00.094	0.82982				2
2025.01.07	02:44:07.935	0.82981				2
2025.01.07	02:44:10.012	0.82982				2
2025.01.07	02:44:10.348	0.82983				2
2025.01.07	02:44:24.710	0.82982	0.82983			6
2025.01.07	02:44:25.722	0.82983	0.82984			6
2025.01.07	02:44:27.921	0.82982	0.82983			6
2025.01.07	02:44:33.651	0.82981	0.82982			6
2025.01.07	02:44:34.622	0.82982	0.82983			6
2025.01.07	02:44:40.088	0.82981				2
2025.01.07	02:44:40.417	0.82982	0.82984			6
2025.01.07	02:44:41.802		0.82983			4
2025.01.07	02:44:50.723	0.82983	0.82984			6
2025.01.07	02:44:54.192	0.82982	0.82983			6
2025.01.07	02:44:57.765	0.82981	0.82984			6
2025.01.07	02:44:58.148	0.82982	0.82983			6
2025.01.07	02:45:00.391	0.82982				2
2025.01.07	02:45:04.688	0.82981	0.82984			6
2025.01.07	02:45:05.152		0.82985			4
2025.01.07	02:45:07.999	0.82982	0.82983			6
2025.01.07	02:45:09.003	0.82981	0.82985			6
2025.01.07	02:45:09.400	0.82982				2
2025.01.07	02:45:09.737	0.82983	0.82984			6
2025.01.07	02:45:12.654	0.82982	0.82985			6
2025.01.07	02:45:12.981		0.82984			4
2025.01.07	02:45:13.957		0.82983			4
2025.01.07	02:45:17.667	0.82981	0.82982			6
2025.01.07	02:45:21.990	0.82983	0.82984			6
2025.01.07	02:45:22.293	0.82982	0.82983			6
2025.01.07	02:45:28.884	0.82983	0.82984			6
