<DATE>	<TIME>	<BID>	<ASK>	<LAST>	<VOLUME>	<FLAGS>
2025.07.01	00:03:30.860	0.85788	0.85913			6
2025.07.01	00:04:00.488	0.85787				2
2025.07.01	00:04:50.416		0.85913			4
2025.07.01	00:05:06.315	0.85787				2
2025.07.01	00:05:50.842		0.85913			4
2025.07.01	00:06:01.002	0.85787				2
2025.07.01	00:06:51.761		0.85913			4
2025.07.01	00:07:00.479	0.85786				2
2025.07.01	00:07:21.733	0.85788				2
2025.07.01	00:07:52.242		0.85913			4
2025.07.01	00:08:02.540	0.85788				2
2025.07.01	00:08:21.732	0.85787				2
2025.07.01	00:08:56.358		0.85913			4
2025.07.01	00:09:00.387	0.85798				2
2025.07.01	00:09:09.656	0.85801	0.85858			6
2025.07.01	00:09:12.076	0.85798	0.85913			6
2025.07.01	00:09:19.058	0.85799				2
2025.07.01	00:10:00.321	0.85799				2
2025.07.01	00:10:12.642	0.85801	0.85858			6
2025.07.01	00:10:39.937	0.85800	0.85857			6
2025.07.01	00:10:52.057	0.85801	0.85858			6
2025.07.01	00:10:52.663	0.85800	0.85857			6
2025.07.01	00:10:53.571	0.85797	0.85908			6
2025.07.01	00:10:55.202	0.85798	0.85913			6
2025.07.01	00:11:00.277	0.85800	0.85857			6
2025.07.01	00:11:01.197	0.85798	0.85913			6
2025.07.01	00:11:07.640	0.85800	0.85857			6
2025.07.01	00:11:08.269	0.85798	0.85913			6
2025.07.01	00:11:14.865	0.85800	0.85857			6
2025.07.01	00:11:15.485	0.85798	0.85913			6
2025.07.01	00:11:21.762	0.85800	0.85857			6
2025.07.01	00:11:22.706	0.85798	0.85913			6
2025.07.01	00:11:28.921	0.85800	0.85857			6
2025.07.01	00:11:29.527	0.85798	0.85913			6
2025.07.01	00:12:02.144	0.85798				2
2025.07.01	00:12:29.976		0.85913			4
2025.07.01	00:12:40.875	0.85796				2
2025.07.01	00:12:44.452	0.85795				2
2025.07.01	00:13:01.783	0.85795				2
2025.07.01	00:13:30.575		0.85913			4
2025.07.01	00:14:01.176	0.85795				2
2025.07.01	00:14:30.836		0.85913			4
2025.07.01	00:15:00.358	0.85795				2
2025.07.01	00:15:04.740	0.85798	0.85855			6
2025.07.01	00:15:07.181	0.85795	0.85913			6
2025.07.01	00:17:14.875	0.85798	0.85913			6
2025.07.01	00:18:01.176	0.85798				2
2025.07.01	00:18:17.378		0.85913			4
2025.07.01	00:19:00.585	0.85798				2
2025.07.01	00:19:18.281		0.85913			4
2025.07.01	00:20:01.477	0.85798				2
2025.07.01	00:20:18.881		0.85913			4
2025.07.01	00:20:54.916	0.85797				2
2025.07.01	00:21:00.411	0.85797				2
2025.07.01	00:21:19.431		0.85913			4
2025.07.01	00:21:59.843	0.85799				2
2025.07.01	00:22:00.359	0.85799				2
2025.07.01	00:22:15.137		0.85896			4
2025.07.01	00:22:15.451		0.85893			4
2025.07.01	00:22:19.503		0.85901			4
2025.07.01	00:22:22.356		0.85908			4
2025.07.01	00:22:24.835		0.85902			4
2025.07.01	00:22:27.125		0.85895			4
2025.07.01	00:22:27.577		0.85891			4
2025.07.01	00:22:29.733		0.85892			4
2025.07.01	00:22:38.075		0.85891			4
2025.07.01	00:22:59.379		0.85890			4
2025.07.01	00:23:00.408	0.85799				2
2025.07.01	00:23:22.170		0.85889			4
2025.07.01	00:23:40.993		0.85898			4
2025.07.01	00:23:43.372		0.85899			4
2025.07.01	00:23:43.914		0.85895			4
2025.07.01	00:23:58.474		0.85894			4
2025.07.01	00:24:00.359	0.85799				2
2025.07.01	00:24:02.078		0.85892			4
2025.07.01	00:24:10.145		0.85902			4
2025.07.01	00:24:14.379		0.85901			4
2025.07.01	00:24:16.362		0.85902			4
2025.07.01	00:24:20.403		0.85903			4
2025.07.01	00:24:38.902		0.85899			4
2025.07.01	00:24:45.488		0.85894			4
2025.07.01	00:25:00.310	0.85799				2
2025.07.01	00:25:12.906		0.85893			4
2025.07.01	00:25:15.641		0.85896			4
2025.07.01	00:25:16.699		0.85895			4
2025.07.01	00:25:18.637		0.85894			4
2025.07.01	00:25:20.689		0.85895			4
2025.07.01	00:25:21.001		0.85894			4
2025.07.01	00:25:21.459		0.85896			4
2025.07.01	00:25:22.466		0.85895			4
2025.07.01	00:25:27.673	0.85806	0.85880			6
2025.07.01	00:25:27.976		0.85871			4
2025.07.01	00:25:28.355		0.85856			4
2025.07.01	00:25:57.271		0.85855			4
2025.07.01	00:26:00.870	0.85806				2
2025.07.01	00:26:49.345		0.85854			4
2025.07.01	00:27:00.363	0.85806				2
2025.07.01	00:27:09.844	0.85805	0.85848			6
2025.07.01	00:27:25.565	0.85804	0.85839			6
2025.07.01	00:27:25.915		0.85841			4
2025.07.01	00:27:26.775	0.85803	0.85843			6
2025.07.01	00:27:27.473		0.85842			4
2025.07.01	00:27:28.471	0.85804	0.85840			6
2025.07.01	00:27:29.475		0.85842			4
2025.07.01	00:27:29.781		0.85839			4
2025.07.01	00:27:30.584	0.85803	0.85842			6
2025.07.01	00:27:31.659	0.85804	0.85841			6
2025.07.01	00:27:32.078		0.85840			4
2025.07.01	00:27:32.858	0.85803	0.85842			6
2025.07.01	00:27:33.198	0.85804	0.85840			6
2025.07.01	00:27:34.473	0.85803	0.85842			6
2025.07.01	00:27:35.470	0.85804				2
2025.07.01	00:27:37.474		0.85841			4
2025.07.01	00:27:38.472	0.85803				2
2025.07.01	00:27:40.145		0.85842			4
2025.07.01	00:27:41.376		0.85839			4
2025.07.01	00:27:42.475		0.85842			4
2025.07.01	00:27:42.779	0.85804				2
2025.07.01	00:27:43.475		0.85840			4
2025.07.01	00:27:43.778		0.85841			4
2025.07.01	00:27:44.430		0.85842			4
2025.07.01	00:27:44.739		0.85841			4
2025.07.01	00:27:45.786	0.85803				2
2025.07.01	00:27:46.098		0.85840			4
2025.07.01	00:27:46.406		0.85839			4
2025.07.01	00:27:47.459	0.85804	0.85842			6
2025.07.01	00:27:48.279		0.85840			4
2025.07.01	00:27:49.473	0.85803	0.85842			6
2025.07.01	00:27:51.486	0.85804	0.85840			6
2025.07.01	00:27:52.575	0.85803	0.85842			6
2025.07.01	00:27:53.475	0.85804				2
2025.07.01	00:28:00.203	0.85804				2
2025.07.01	00:28:42.835		0.85846			4
2025.07.01	00:28:55.262		0.85840			4
2025.07.01	00:28:56.298	0.85803	0.85841			6
2025.07.01	00:29:00.272	0.85803				2
2025.07.01	00:29:46.549		0.85840			4
2025.07.01	00:30:00.373	0.85803	0.85841			6
2025.07.01	00:30:02.290		0.85842			4
2025.07.01	00:30:12.393		0.85839			4
2025.07.01	00:31:01.766	0.85803				2
2025.07.01	00:31:02.378	0.85801	0.85835			6
2025.07.01	00:31:02.978		0.85836			4
2025.07.01	00:31:05.447	0.85803	0.85839			6
2025.07.01	00:31:11.306		0.85842			4
2025.07.01	00:31:27.292	0.85802				2
2025.07.01	00:31:27.603		0.85843			4
2025.07.01	00:31:27.917		0.85836			4
2025.07.01	00:31:34.915		0.85835			4
2025.07.01	00:31:43.637		0.85839			4
2025.07.01	00:31:53.648		0.85836			4
2025.07.01	00:31:54.274		0.85842			4
2025.07.01	00:31:54.581		0.85836			4
2025.07.01	00:31:55.208		0.85843			4
2025.07.01	00:31:55.517		0.85836			4
2025.07.01	00:31:55.837		0.85842			4
2025.07.01	00:31:56.140	0.85801	0.85836			6
2025.07.01	00:32:00.379	0.85801				2
2025.07.01	00:32:07.440		0.85843			4
2025.07.01	00:32:07.743		0.85844			4
2025.07.01	00:32:08.057		0.85836			4
2025.07.01	00:32:08.368		0.85843			4
2025.07.01	00:32:08.679		0.85844			4
2025.07.01	00:32:08.991		0.85836			4
2025.07.01	00:32:09.301		0.85843			4
2025.07.01	00:32:09.621		0.85836			4
2025.07.01	00:32:10.242		0.85844			4
2025.07.01	00:32:10.567		0.85836			4
2025.07.01	00:32:11.409		0.85835			4
2025.07.01	00:32:28.559		0.85838			4
2025.07.01	00:32:42.032	0.85800	0.85832			6
2025.07.01	00:32:47.138	0.85801	0.85834			6
2025.07.01	00:32:48.779	0.85802	0.85843			6
2025.07.01	00:32:49.176		0.85838			4
2025.07.01	00:32:59.354	0.85801	0.85831			6
2025.07.01	00:33:00.027	0.85801				2
2025.07.01	00:33:00.356		0.85833			4
2025.07.01	00:33:00.661		0.85840			4
2025.07.01	00:33:00.979		0.85839			4
2025.07.01	00:33:01.287		0.85836			4
2025.07.01	00:33:08.671	0.85800	0.85839			6
2025.07.01	00:33:08.981	0.85801	0.85840			6
2025.07.01	00:33:09.887		0.85836			4
2025.07.01	00:33:40.844		0.85830			4
2025.07.01	00:33:41.164		0.85831			4
2025.07.01	00:33:41.881		0.85827			4
2025.07.01	00:33:42.190	0.85800	0.85833			6
2025.07.01	00:33:42.499		0.85836			4
2025.07.01	00:33:42.801		0.85827			4
2025.07.01	00:33:43.102		0.85834			4
2025.07.01	00:33:43.743		0.85838			4
2025.07.01	00:33:44.824		0.85836			4
2025.07.01	00:33:45.139		0.85830			4
2025.07.01	00:33:45.447		0.85833			4
2025.07.01	00:33:45.760		0.85827			4
2025.07.01	00:33:46.680		0.85834			4
2025.07.01	00:33:47.332		0.85840			4
2025.07.01	00:33:47.641		0.85839			4
2025.07.01	00:33:48.045		0.85835			4
2025.07.01	00:33:51.373		0.85840			4
2025.07.01	00:33:52.036		0.85836			4
2025.07.01	00:33:58.045	0.85801	0.85840			6
2025.07.01	00:33:58.357		0.85836			4
2025.07.01	00:34:00.408	0.85801				2
2025.07.01	00:34:51.332		0.85831			4
2025.07.01	00:34:52.131		0.85835			4
2025.07.01	00:34:52.441		0.85836			4
2025.07.01	00:34:54.352	0.85793	0.85820			6
2025.07.01	00:35:00.223	0.85793				2
2025.07.01	00:35:05.484		0.85821			4
2025.07.01	00:35:13.312	0.85791	0.85820			6
2025.07.01	00:35:13.619		0.85818			4
2025.07.01	00:35:13.923		0.85819			4
2025.07.01	00:35:17.940	0.85794	0.85825			6
2025.07.01	00:35:18.919	0.85798	0.85835			6
2025.07.01	00:35:27.815		0.85832			4
2025.07.01	00:35:31.325		0.85833			4
2025.07.01	00:35:33.870		0.85831			4
2025.07.01	00:35:34.179		0.85829			4
2025.07.01	00:35:35.438		0.85831			4
2025.07.01	00:35:35.739		0.85830			4
2025.07.01	00:35:36.830		0.85832			4
2025.07.01	00:35:39.699	0.85799	0.85834			6
2025.07.01	00:35:40.023		0.85830			4
2025.07.01	00:35:40.883		0.85831			4
2025.07.01	00:35:42.551		0.85834			4
2025.07.01	00:35:42.894		0.85835			4
2025.07.01	00:35:46.498	0.85800	0.85836			6
2025.07.01	00:35:50.978		0.85835			4
2025.07.01	00:35:51.287		0.85836			4
2025.07.01	00:35:56.899		0.85837			4
2025.07.01	00:35:58.143	0.85801				2
2025.07.01	00:36:00.082	0.85801				2
2025.07.01	00:36:18.599	0.85800	0.85834			6
2025.07.01	00:36:21.439	0.85796	0.85828			6
2025.07.01	00:36:23.579		0.85822			4
2025.07.01	00:36:24.633	0.85795	0.85826			6
2025.07.01	00:36:26.022	0.85792	0.85820			6
2025.07.01	00:36:27.178	0.85794	0.85826			6
2025.07.01	00:36:27.479		0.85827			4
2025.07.01	00:36:29.516	0.85799	0.85833			6
2025.07.01	00:36:30.120	0.85801	0.85840			6
2025.07.01	00:36:37.461	0.85800	0.85837			6
2025.07.01	00:36:41.297	0.85801				2
2025.07.01	00:36:41.601		0.85838			4
2025.07.01	00:36:44.927	0.85800	0.85834			6
2025.07.01	00:36:51.915		0.85835			4
2025.07.01	00:37:00.358	0.85800				2
2025.07.01	00:37:01.366		0.85826			4
2025.07.01	00:37:01.726		0.85828			4
2025.07.01	00:37:02.217	0.85799	0.85833			6
2025.07.01	00:37:02.521	0.85800	0.85834			6
2025.07.01	00:37:04.164		0.85833			4
2025.07.01	00:37:12.985		0.85834			4
2025.07.01	00:37:14.063		0.85828			4
2025.07.01	00:37:15.066		0.85833			4
2025.07.01	00:37:15.999		0.85826			4
2025.07.01	00:37:16.313		0.85827			4
2025.07.01	00:37:17.177	0.85799	0.85833			6
2025.07.01	00:37:18.351	0.85800				2
2025.07.01	00:37:18.661	0.85799				2
2025.07.01	00:37:19.518		0.85836			4
2025.07.01	00:37:19.886		0.85834			4
2025.07.01	00:37:27.400	0.85802				2
2025.07.01	00:37:33.713		0.85828			4
2025.07.01	00:37:34.794		0.85833			4
2025.07.01	00:37:35.914		0.85829			4
2025.07.01	00:37:36.219	0.85801	0.85827			6
2025.07.01	00:37:36.990	0.85802	0.85833			6
2025.07.01	00:37:38.164	0.85801	0.85827			6
2025.07.01	00:37:38.478	0.85802	0.85828			6
2025.07.01	00:37:39.179		0.85834			4
2025.07.01	00:37:41.405		0.85829			4
2025.07.01	00:37:42.603		0.85833			4
2025.07.01	00:37:59.416		0.85829			4
2025.07.01	00:37:59.719		0.85828			4
2025.07.01	00:38:00.022	0.85802	0.85829			6
2025.07.01	00:38:00.323		0.85833			4
2025.07.01	00:38:01.441		0.85834			4
2025.07.01	00:38:02.807		0.85833			4
2025.07.01	00:38:03.120		0.85834			4
2025.07.01	00:38:05.842		0.85833			4
2025.07.01	00:38:07.886	0.85801	0.85827			6
2025.07.01	00:38:08.894	0.85802	0.85833			6
2025.07.01	00:38:10.016	0.85797	0.85829			6
2025.07.01	00:38:10.324		0.85824			4
2025.07.01	00:38:12.065		0.85825			4
2025.07.01	00:38:13.456		0.85826			4
2025.07.01	00:38:14.081		0.85829			4
2025.07.01	00:38:21.856		0.85830			4
2025.07.01	00:38:28.825		0.85829			4
2025.07.01	00:39:00.353	0.85797				2
2025.07.01	00:39:10.192	0.85798				2
2025.07.01	00:39:19.869		0.85827			4
2025.07.01	00:40:00.218	0.85798				2
2025.07.01	00:40:10.193	0.85797				2
2025.07.01	00:40:16.274		0.85826			4
2025.07.01	00:40:17.004		0.85824			4
2025.07.01	00:40:22.170		0.85827			4
2025.07.01	00:40:23.166		0.85825			4
2025.07.01	00:40:25.301		0.85826			4
2025.07.01	00:41:00.195	0.85797				2
2025.07.01	00:41:29.801		0.85826			4
2025.07.01	00:42:00.335	0.85797	0.85829			6
2025.07.01	00:42:00.657	0.85799				2
2025.07.01	00:42:00.960	0.85806	0.85844			6
2025.07.01	00:42:03.770		0.85848			4
2025.07.01	00:42:05.448		0.85847			4
2025.07.01	00:42:07.474		0.85846			4
2025.07.01	00:42:09.876		0.85845			4
2025.07.01	00:42:11.195		0.85844			4
2025.07.01	00:42:13.151		0.85843			4
2025.07.01	00:42:13.721	0.85799	0.85830			6
2025.07.01	00:42:17.070	0.85797	0.85826			6
2025.07.01	00:42:18.535		0.85827			4
2025.07.01	00:42:19.458		0.85826			4
2025.07.01	00:42:26.976		0.85825			4
2025.07.01	00:42:27.625		0.85826			4
2025.07.01	00:42:27.926		0.85825			4
2025.07.01	00:42:32.788		0.85829			4
2025.07.01	00:42:36.582		0.85825			4
2025.07.01	00:42:39.281		0.85829			4
2025.07.01	00:42:43.082		0.85826			4
2025.07.01	00:42:45.586		0.85825			4
2025.07.01	00:42:46.221		0.85829			4
2025.07.01	00:43:00.327	0.85797				2
2025.07.01	00:43:14.071	0.85799				2
2025.07.01	00:43:14.419		0.85828			4
2025.07.01	00:43:20.557		0.85829			4
2025.07.01	00:43:28.991	0.85806	0.85840			6
2025.07.01	00:43:33.061		0.85841			4
2025.07.01	00:43:35.163	0.85790	0.85837			6
2025.07.01	00:43:36.146		0.85836			4
2025.07.01	00:43:49.151		0.85837			4
2025.07.01	00:43:49.661		0.85836			4
2025.07.01	00:44:00.327	0.85790				2
2025.07.01	00:44:14.339		0.85837			4
2025.07.01	00:44:17.174		0.85836			4
2025.07.01	00:44:17.656		0.85834			4
2025.07.01	00:44:22.616		0.85835			4
2025.07.01	00:44:35.689		0.85836			4
2025.07.01	00:45:00.386	0.85790	0.85837			6
2025.07.01	00:45:00.688		0.85836			4
2025.07.01	00:45:02.266	0.85746	0.85842			6
2025.07.01	00:45:04.736	0.85790	0.85836			6
2025.07.01	00:45:10.489	0.85802	0.85824			6
2025.07.01	00:45:12.915		0.85825			4
2025.07.01	00:45:16.433		0.85823			4
2025.07.01	00:46:00.007	0.85802				2
2025.07.01	00:46:17.124		0.85823			4
2025.07.01	00:46:50.226		0.85820			4
2025.07.01	00:46:57.046	0.85799	0.85824			6
2025.07.01	00:46:57.357		0.85823			4
2025.07.01	00:46:58.044		0.85819			4
2025.07.01	00:47:01.168	0.85799				2
2025.07.01	00:47:02.051	0.85759	0.85836			6
2025.07.01	00:47:02.360		0.85834			4
2025.07.01	00:47:03.573	0.85760	0.85812			6
2025.07.01	00:47:04.482	0.85802	0.85823			6
2025.07.01	00:47:04.788		0.85822			4
2025.07.01	00:47:23.255		0.85823			4
2025.07.01	00:47:25.080	0.85809	0.85840			6
2025.07.01	00:47:26.149		0.85841			4
2025.07.01	00:47:28.877		0.85842			4
2025.07.01	00:47:33.393		0.85835			4
2025.07.01	00:48:00.251	0.85809				2
2025.07.01	00:48:03.261		0.85837			4
2025.07.01	00:48:03.573		0.85835			4
2025.07.01	00:48:08.320		0.85836			4
2025.07.01	00:48:09.129		0.85844			4
2025.07.01	00:48:54.876		0.85841			4
2025.07.01	00:48:58.255		0.85842			4
2025.07.01	00:49:01.566	0.85809				2
2025.07.01	00:49:06.876		0.85841			4
2025.07.01	00:49:26.097	0.85788				2
2025.07.01	00:49:27.132	0.85791				2
2025.07.01	00:49:36.111		0.85840			4
2025.07.01	00:49:37.181		0.85841			4
2025.07.01	00:49:48.276		0.85840			4
2025.07.01	00:49:55.104	0.85774	0.85846			6
2025.07.01	00:49:55.424	0.85777	0.85848			6
2025.07.01	00:49:57.545	0.85791	0.85842			6
2025.07.01	00:50:00.405	0.85791				2
2025.07.01	00:50:10.051		0.85838			4
2025.07.01	00:50:11.946		0.85842			4
2025.07.01	00:50:22.131	0.85790				2
2025.07.01	00:50:25.325		0.85840			4
2025.07.01	00:50:28.571		0.85839			4
2025.07.01	00:50:44.378		0.85842			4
2025.07.01	00:50:52.477	0.85791				2
2025.07.01	00:51:00.321	0.85791				2
2025.07.01	00:51:34.477	0.85792				2
2025.07.01	00:51:46.354		0.85842			4
2025.07.01	00:51:53.677	0.85787	0.85839			6
2025.07.01	00:52:00.175	0.85787				2
2025.07.01	00:52:01.177		0.85838			4
2025.07.01	00:52:09.579	0.85792	0.85842			6
2025.07.01	00:53:01.761	0.85792				2
2025.07.01	00:53:06.299	0.85809	0.85841			6
2025.07.01	00:53:06.877		0.85842			4
2025.07.01	00:53:09.577		0.85837			4
2025.07.01	00:53:14.688		0.85842			4
2025.07.01	00:53:26.976		0.85841			4
2025.07.01	00:53:36.513		0.85837			4
2025.07.01	00:53:46.937		0.85841			4
2025.07.01	00:53:51.969		0.85836			4
2025.07.01	00:53:52.916		0.85841			4
2025.07.01	00:53:55.581		0.85840			4
2025.07.01	00:53:57.980		0.85841			4
2025.07.01	00:54:00.053	0.85809				2
2025.07.01	00:54:18.810		0.85837			4
2025.07.01	00:54:22.777		0.85841			4
2025.07.01	00:54:23.683		0.85837			4
2025.07.01	00:54:27.583		0.85841			4
2025.07.01	00:54:28.480		0.85837			4
2025.07.01	00:54:32.677		0.85841			4
2025.07.01	00:54:33.579		0.85837			4
2025.07.01	00:54:37.778		0.85841			4
2025.07.01	00:54:39.878		0.85836			4
2025.07.01	00:54:42.811		0.85841			4
2025.07.01	00:54:49.778		0.85836			4
2025.07.01	00:55:00.434	0.85809				2
2025.07.01	00:55:05.076		0.85837			4
2025.07.01	00:55:06.619	0.85788				2
2025.07.01	00:55:09.581	0.85793	0.85841			6
2025.07.01	00:55:22.779	0.85787	0.85836			6
2025.07.01	00:55:24.948		0.85835			4
2025.07.01	00:55:27.132	0.85785	0.85833			6
2025.07.01	00:55:27.876		0.85832			4
2025.07.01	00:55:29.030	0.85784				2
2025.07.01	00:55:31.270		0.85831			4
2025.07.01	00:55:32.257	0.85785	0.85830			6
2025.07.01	00:55:40.010		0.85831			4
2025.07.01	00:55:42.727	0.85786				2
2025.07.01	00:55:43.965	0.85790	0.85842			6
2025.07.01	00:55:44.277	0.85788				2
2025.07.01	00:55:46.351	0.85787				2
2025.07.01	00:55:46.659	0.85785	0.85843			6
2025.07.01	00:55:47.302		0.85839			4
2025.07.01	00:55:51.293	0.85786	0.85843			6
2025.07.01	00:55:51.646	0.85787	0.85837			6
2025.07.01	00:55:52.484	0.85786	0.85843			6
2025.07.01	00:55:52.796		0.85831			4
2025.07.01	00:55:54.978	0.85787	0.85837			6
2025.07.01	00:55:55.285	0.85786	0.85843			6
2025.07.01	00:55:55.613		0.85842			4
2025.07.01	00:55:56.902	0.85785	0.85843			6
2025.07.01	00:55:58.082		0.85842			4
2025.07.01	00:56:02.033	0.85785				2
2025.07.01	00:56:08.175		0.85840			4
2025.07.01	00:56:08.844		0.85843			4
2025.07.01	00:56:09.358	0.85786	0.85840			6
2025.07.01	00:56:13.841		0.85836			4
2025.07.01	00:56:14.187	0.85785	0.85839			6
2025.07.01	00:56:16.177		0.85843			4
2025.07.01	00:56:16.577	0.85786	0.85839			6
2025.07.01	00:56:19.669		0.85828			4
2025.07.01	00:56:22.243	0.85787	0.85830			6
2025.07.01	00:56:24.950		0.85833			4
2025.07.01	00:56:25.311		0.85828			4
2025.07.01	00:56:28.744		0.85834			4
2025.07.01	00:56:29.222	0.85786	0.85839			6
2025.07.01	00:56:35.736		0.85840			4
2025.07.01	00:56:37.023	0.85788				2
2025.07.01	00:56:37.628	0.85787				2
2025.07.01	00:56:38.771	0.85788				2
2025.07.01	00:56:39.876	0.85787				2
2025.07.01	00:57:00.865	0.85786	0.85837			6
2025.07.01	00:57:07.659	0.85793	0.85806			6
2025.07.01	00:57:07.959	0.85809	0.85827			6
2025.07.01	00:57:08.265		0.85836			4
2025.07.01	00:57:08.575		0.85827			4
2025.07.01	00:57:08.936		0.85837			4
2025.07.01	00:57:33.620		0.85838			4
2025.07.01	00:57:33.925		0.85827			4
2025.07.01	00:57:34.320		0.85829			4
2025.07.01	00:57:34.621		0.85837			4
2025.07.01	00:57:36.091		0.85836			4
2025.07.01	00:57:39.262		0.85837			4
2025.07.01	00:57:49.308		0.85844			4
2025.07.01	00:57:53.999		0.85834			4
2025.07.01	00:57:54.301		0.85842			4
2025.07.01	00:57:54.817		0.85836			4
2025.07.01	00:57:55.118		0.85841			4
2025.07.01	00:57:55.421		0.85842			4
2025.07.01	00:57:56.427		0.85838			4
2025.07.01	00:57:56.812		0.85842			4
2025.07.01	00:57:57.501		0.85838			4
2025.07.01	00:57:57.977		0.85842			4
2025.07.01	00:57:58.476		0.85838			4
2025.07.01	00:57:59.065		0.85842			4
2025.07.01	00:58:00.359	0.85809				2
2025.07.01	00:58:07.955		0.85838			4
2025.07.01	00:58:08.972		0.85841			4
2025.07.01	00:58:09.901		0.85842			4
2025.07.01	00:58:11.032		0.85841			4
2025.07.01	00:58:13.801		0.85834			4
2025.07.01	00:58:14.107		0.85835			4
2025.07.01	00:58:21.878		0.85830			4
2025.07.01	00:58:50.850		0.85829			4
2025.07.01	00:58:51.763		0.85830			4
2025.07.01	00:58:54.187		0.85833			4
2025.07.01	00:58:54.904		0.85834			4
2025.07.01	00:59:00.362	0.85809				2
2025.07.01	00:59:04.896		0.85827			4
2025.07.01	00:59:05.200		0.85826			4
2025.07.01	00:59:05.986		0.85825			4
2025.07.01	00:59:06.352		0.85834			4
2025.07.01	00:59:07.588		0.85830			4
2025.07.01	00:59:08.585		0.85835			4
2025.07.01	00:59:08.911	0.85790	0.85843			6
2025.07.01	00:59:40.138	0.85789	0.85853			6
2025.07.01	00:59:43.676	0.85790	0.85840			6
2025.07.01	00:59:44.399	0.85789				2
2025.07.01	00:59:47.076		0.85841			4
2025.07.01	00:59:47.379		0.85839			4
2025.07.01	00:59:48.287		0.85845			4
2025.07.01	00:59:48.876		0.85848			4
2025.07.01	01:00:00.243	0.85822	0.85852			6
2025.07.01	01:00:02.544	0.85787	0.85877			6
2025.07.01	01:00:02.866	0.85783	0.85872			6
2025.07.01	01:00:04.989	0.85776	0.85856			6
2025.07.01	01:00:05.290	0.85818	0.85845			6
2025.07.01	01:00:05.601		0.85842			4
2025.07.01	01:00:06.380		0.85840			4
2025.07.01	01:00:07.889		0.85841			4
2025.07.01	01:00:08.570		0.85851			4
2025.07.01	01:00:09.265		0.85849			4
2025.07.01	01:00:10.019		0.85847			4
2025.07.01	01:00:10.357		0.85846			4
2025.07.01	01:00:12.738		0.85847			4
2025.07.01	01:00:13.040		0.85849			4
2025.07.01	01:00:13.383		0.85848			4
2025.07.01	01:00:13.688		0.85846			4
2025.07.01	01:00:14.118	0.85822	0.85860			6
2025.07.01	01:00:15.328	0.85819	0.85857			6
2025.07.01	01:00:18.636	0.85820	0.85860			6
2025.07.01	01:00:18.941		0.85861			4
2025.07.01	01:00:19.254		0.85867			4
2025.07.01	01:00:29.698		0.85865			4
2025.07.01	01:00:30.404		0.85867			4
2025.07.01	01:00:37.257		0.85866			4
2025.07.01	01:00:41.215		0.85867			4
2025.07.01	01:00:42.450		0.85862			4
2025.07.01	01:00:42.792		0.85866			4
2025.07.01	01:00:43.880		0.85860			4
2025.07.01	01:00:44.192		0.85856			4
2025.07.01	01:00:44.533		0.85853			4
2025.07.01	01:00:44.840	0.85815	0.85851			6
2025.07.01	01:00:45.323	0.85813	0.85849			6
2025.07.01	01:00:48.400	0.85807	0.85844			6
2025.07.01	01:00:50.990	0.85810	0.85847			6
2025.07.01	01:00:58.180	0.85816	0.85851			6
2025.07.01	01:00:59.276	0.85813	0.85849			6
2025.07.01	01:01:00.257	0.85813				2
2025.07.01	01:01:00.567		0.85846			4
2025.07.01	01:01:01.770	0.85807	0.85848			6
2025.07.01	01:01:02.080		0.85847			4
2025.07.01	01:01:03.003	0.85802	0.85841			6
2025.07.01	01:01:03.377	0.85797	0.85836			6
2025.07.01	01:01:03.693		0.85834			4
2025.07.01	01:01:04.179		0.85836			4
2025.07.01	01:01:05.445		0.85835			4
2025.07.01	01:01:07.163		0.85836			4
2025.07.01	01:01:10.336		0.85835			4
2025.07.01	01:01:10.751		0.85834			4
2025.07.01	01:01:13.101		0.85831			4
2025.07.01	01:01:14.031		0.85832			4
2025.07.01	01:01:14.933		0.85833			4
2025.07.01	01:01:15.306	0.85801	0.85823			6
2025.07.01	01:01:15.895	0.85803	0.85830			6
2025.07.01	01:01:16.664	0.85804	0.85829			6
2025.07.01	01:01:17.077	0.85803				2
2025.07.01	01:01:17.386		0.85830			4
2025.07.01	01:01:18.578		0.85829			4
2025.07.01	01:01:19.542		0.85827			4
2025.07.01	01:01:19.903		0.85826			4
2025.07.01	01:01:21.541	0.85804				2
2025.07.01	01:01:22.232	0.85806				2
2025.07.01	01:01:23.319	0.85803	0.85830			6
2025.07.01	01:01:23.636	0.85806				2
2025.07.01	01:01:23.978	0.85803				2
2025.07.01	01:01:24.730	0.85805				2
2025.07.01	01:01:26.354	0.85806	0.85829			6
2025.07.01	01:01:28.298	0.85805	0.85830			6
2025.07.01	01:01:28.749	0.85806				2
2025.07.01	01:01:29.385	0.85808				2
2025.07.01	01:01:29.732	0.85806				2
2025.07.01	01:01:31.457	0.85808				2
2025.07.01	01:01:34.884	0.85806	0.85829			6
2025.07.01	01:01:36.677	0.85809	0.85831			6
2025.07.01	01:01:37.777	0.85808				2
2025.07.01	01:01:38.398	0.85809	0.85833			6
2025.07.01	01:01:42.262		0.85831			4
2025.07.01	01:01:42.571	0.85810				2
2025.07.01	01:01:43.425	0.85811				2
2025.07.01	01:01:46.074	0.85813	0.85826			6
2025.07.01	01:01:46.391	0.85811				2
2025.07.01	01:01:46.955		0.85825			4
2025.07.01	01:01:47.307		0.85827			4
2025.07.01	01:01:47.692	0.85813	0.85830			6
2025.07.01	01:01:48.091	0.85811				2
2025.07.01	01:01:50.977	0.85818	0.85838			6
2025.07.01	01:01:51.497	0.85820				2
2025.07.01	01:01:51.842	0.85821				2
2025.07.01	01:01:52.276	0.85820				2
2025.07.01	01:01:56.078	0.85821				2
2025.07.01	01:01:56.447	0.85820				2
2025.07.01	01:01:58.372	0.85821				2
2025.07.01	01:01:59.372	0.85820	0.85839			6
2025.07.01	01:02:00.351	0.85821				2
2025.07.01	01:02:02.328	0.85819	0.85837			6
2025.07.01	01:02:03.404		0.85839			4
2025.07.01	01:02:06.538		0.85838			4
2025.07.01	01:02:11.704		0.85839			4
2025.07.01	01:02:12.351	0.85820	0.85838			6
2025.07.01	01:02:13.386	0.85815	0.85841			6
2025.07.01	01:02:16.867		0.85838			4
2025.07.01	01:02:18.223	0.85814	0.85837			6
2025.07.01	01:02:20.377		0.85836			4
2025.07.01	01:02:21.318	0.85810	0.85837			6
2025.07.01	01:02:21.976	0.85811	0.85833			6
2025.07.01	01:02:29.395	0.85812				2
2025.07.01	01:02:32.354	0.85811				2
2025.07.01	01:02:33.495	0.85812	0.85831			6
2025.07.01	01:02:36.036	0.85813				2
2025.07.01	01:02:50.355	0.85814				2
2025.07.01	01:02:58.690		0.85833			4
2025.07.01	01:03:00.357	0.85814				2
2025.07.01	01:03:00.760	0.85815				2
2025.07.01	01:03:06.579	0.85816	0.85836			6
2025.07.01	01:03:07.303	0.85815				2
2025.07.01	01:03:10.618		0.85837			4
2025.07.01	01:03:12.119	0.85817	0.85836			6
2025.07.01	01:03:16.015	0.85815	0.85835			6
2025.07.01	01:03:19.748	0.85814				2
2025.07.01	01:03:20.438		0.85831			4
2025.07.01	01:03:21.382	0.85813	0.85832			6
2025.07.01	01:03:21.750		0.85831			4
2025.07.01	01:03:22.179	0.85814				2
2025.07.01	01:03:22.584	0.85815				2
2025.07.01	01:03:27.579	0.85816				2
2025.07.01	01:03:30.215	0.85815				2
2025.07.01	01:03:35.979	0.85816				2
2025.07.01	01:03:44.352	0.85814				2
2025.07.01	01:03:45.685	0.85813	0.85829			6
2025.07.01	01:03:46.136	0.85811	0.85830			6
2025.07.01	01:03:54.878	0.85812				2
2025.07.01	01:03:55.402		0.85828			4
2025.07.01	01:04:00.577	0.85812				2
2025.07.01	01:04:03.301		0.85829			4
2025.07.01	01:04:03.952		0.85830			4
2025.07.01	01:04:04.492		0.85828			4
2025.07.01	01:04:16.718	0.85813				2
2025.07.01	01:04:20.379	0.85812				2
2025.07.01	01:04:26.351	0.85813				2
2025.07.01	01:04:32.526		0.85829			4
2025.07.01	01:04:38.351	0.85814				2
2025.07.01	01:04:40.614	0.85813				2
2025.07.01	01:04:41.867	0.85815	0.85830			6
2025.07.01	01:04:42.278	0.85814	0.85829			6
2025.07.01	01:04:43.453	0.85811	0.85826			6
2025.07.01	01:04:43.773	0.85812				2
2025.07.01	01:04:44.581		0.85827			4
2025.07.01	01:04:45.750		0.85825			4
2025.07.01	01:04:55.373		0.85826			4
2025.07.01	01:04:56.078	0.85818				2
2025.07.01	01:04:57.980	0.85817				2
2025.07.01	01:04:58.554	0.85812				2
2025.07.01	01:05:00.241	0.85812	0.85827			6
2025.07.01	01:05:01.246		0.85823			4
2025.07.01	01:05:04.748	0.85811				2
2025.07.01	01:05:06.410	0.85814				2
2025.07.01	01:05:08.519	0.85815				2
2025.07.01	01:05:11.544	0.85812	0.85829			6
2025.07.01	01:05:12.352	0.85809	0.85827			6
2025.07.01	01:05:20.376		0.85816			4
2025.07.01	01:05:21.515	0.85808				2
2025.07.01	01:05:22.354	0.85809				2
2025.07.01	01:05:34.419	0.85808				2
2025.07.01	01:05:43.584	0.85809				2
2025.07.01	01:05:56.538		0.85815			4
2025.07.01	01:05:57.776	0.85807				2
2025.07.01	01:05:58.080	0.85808				2
2025.07.01	01:05:58.389	0.85809				2
2025.07.01	01:05:58.999	0.85810				2
2025.07.01	01:06:00.049	0.85809				2
2025.07.01	01:06:00.553	0.85810				2
2025.07.01	01:06:00.870	0.85809				2
2025.07.01	01:06:02.767	0.85810				2
2025.07.01	01:06:04.868	0.85809				2
2025.07.01	01:06:05.254	0.85810				2
2025.07.01	01:06:05.960	0.85809				2
2025.07.01	01:06:07.177	0.85810				2
2025.07.01	01:06:08.711		0.85816			4
2025.07.01	01:06:10.399	0.85811				2
2025.07.01	01:06:13.614	0.85810				2
2025.07.01	01:06:14.147	0.85808				2
2025.07.01	01:06:27.605	0.85817	0.85820			6
2025.07.01	01:06:28.102		0.85819			4
2025.07.01	01:06:28.414		0.85821			4
2025.07.01	01:06:44.681	0.85818				2
2025.07.01	01:06:57.793	0.85819				2
2025.07.01	01:07:00.252	0.85819				2
2025.07.01	01:07:06.774	0.85820				2
2025.07.01	01:07:07.211	0.85819				2
2025.07.01	01:07:07.519	0.85818				2
2025.07.01	01:07:09.878	0.85819				2
2025.07.01	01:07:12.790	0.85818				2
2025.07.01	01:07:18.074	0.85819				2
2025.07.01	01:07:19.237	0.85820				2
2025.07.01	01:07:19.539	0.85819				2
2025.07.01	01:07:23.464	0.85818	0.85820			6
2025.07.01	01:07:30.202	0.85817				2
2025.07.01	01:07:31.312	0.85818				2
2025.07.01	01:07:53.524		0.85821			4
2025.07.01	01:07:58.533	0.85819				2
2025.07.01	01:08:00.403	0.85818				2
2025.07.01	01:08:00.750	0.85819				2
2025.07.01	01:08:08.173	0.85818	0.85820			6
2025.07.01	01:08:10.215		0.85821			4
2025.07.01	01:08:14.811		0.85820			4
2025.07.01	01:08:23.541		0.85821			4
2025.07.01	01:08:24.278	0.85819	0.85823			6
2025.07.01	01:08:31.406	0.85818	0.85821			6
2025.07.01	01:08:32.306	0.85819				2
2025.07.01	01:08:33.061		0.85823			4
2025.07.01	01:08:39.964	0.85820				2
2025.07.01	01:08:41.670	0.85821	0.85824			6
2025.07.01	01:08:42.356	0.85819				2
2025.07.01	01:08:44.317	0.85821				2
2025.07.01	01:08:46.178	0.85820				2
2025.07.01	01:08:48.112		0.85823			4
2025.07.01	01:08:48.451	0.85817	0.85818			6
2025.07.01	01:08:48.760		0.85819			4
2025.07.01	01:08:50.144	0.85816				2
2025.07.01	01:08:51.286	0.85817				2
2025.07.01	01:08:54.030	0.85815				2
2025.07.01	01:08:54.336	0.85814				2
2025.07.01	01:08:57.767	0.85813	0.85818			6
2025.07.01	01:09:00.365	0.85812				2
2025.07.01	01:09:00.718	0.85811	0.85827			6
2025.07.01	01:09:01.024		0.85826			4
2025.07.01	01:09:02.770	0.85809	0.85824			6
2025.07.01	01:09:03.079		0.85822			4
2025.07.01	01:09:04.778		0.85823			4
2025.07.01	01:09:06.295	0.85806	0.85817			6
2025.07.01	01:09:06.940	0.85809	0.85822			6
2025.07.01	01:09:07.248	0.85806	0.85817			6
2025.07.01	01:09:07.603		0.85818			4
2025.07.01	01:09:07.973		0.85819			4
2025.07.01	01:09:08.387	0.85810	0.85825			6
2025.07.01	01:09:08.703	0.85813				2
2025.07.01	01:09:09.005	0.85812	0.85823			6
2025.07.01	01:09:09.674	0.85809	0.85818			6
2025.07.01	01:09:09.984	0.85807				2
2025.07.01	01:09:10.300		0.85820			4
2025.07.01	01:09:10.614	0.85813	0.85824			6
2025.07.01	01:09:11.051	0.85816	0.85827			6
2025.07.01	01:09:11.760	0.85815				2
2025.07.01	01:09:15.697	0.85816	0.85826			6
2025.07.01	01:09:16.669	0.85817				2
2025.07.01	01:09:17.977	0.85818	0.85827			6
2025.07.01	01:09:25.523	0.85817	0.85826			6
2025.07.01	01:09:33.130	0.85818				2
2025.07.01	01:09:36.625	0.85817	0.85827			6
2025.07.01	01:09:37.380		0.85829			4
2025.07.01	01:09:38.209	0.85818	0.85827			6
2025.07.01	01:09:38.520	0.85815	0.85826			6
2025.07.01	01:09:39.762	0.85814	0.85823			6
2025.07.01	01:09:40.118		0.85820			4
2025.07.01	01:09:40.478		0.85822			4
2025.07.01	01:09:41.153		0.85820			4
2025.07.01	01:09:41.469	0.85813				2
2025.07.01	01:09:42.877	0.85812	0.85822			6
2025.07.01	01:09:43.180	0.85809				2
2025.07.01	01:09:44.624	0.85812	0.85824			6
2025.07.01	01:09:45.126		0.85825			4
2025.07.01	01:09:45.835		0.85824			4
2025.07.01	01:09:47.870	0.85813	0.85825			6
2025.07.01	01:09:48.276	0.85812				2
2025.07.01	01:09:50.358	0.85810	0.85823			6
2025.07.01	01:09:50.786		0.85824			4
2025.07.01	01:09:51.758	0.85813	0.85825			6
2025.07.01	01:09:52.179	0.85815				2
2025.07.01	01:09:52.626	0.85814				2
2025.07.01	01:09:58.100	0.85815				2
2025.07.01	01:10:00.470	0.85815	0.85826			6
2025.07.01	01:10:00.782	0.85816				2
2025.07.01	01:10:01.938	0.85817				2
2025.07.01	01:10:03.254	0.85816	0.85825			6
2025.07.01	01:10:04.095	0.85818				2
2025.07.01	01:10:13.478	0.85817				2
2025.07.01	01:10:19.382	0.85816	0.85826			6
2025.07.01	01:10:22.141	0.85818	0.85827			6
2025.07.01	01:10:22.444	0.85819				2
2025.07.01	01:10:26.355		0.85826			4
2025.07.01	01:10:27.276	0.85818				2
2025.07.01	01:10:28.669	0.85817				2
2025.07.01	01:10:29.126	0.85816				2
2025.07.01	01:10:30.156	0.85818				2
2025.07.01	01:10:30.927	0.85817				2
2025.07.01	01:10:31.736	0.85816				2
2025.07.01	01:10:33.167	0.85817				2
2025.07.01	01:10:39.876	0.85816				2
2025.07.01	01:10:43.477	0.85818	0.85827			6
2025.07.01	01:10:44.600	0.85817	0.85826			6
2025.07.01	01:10:45.739	0.85818				2
2025.07.01	01:10:54.122	0.85819				2
2025.07.01	01:10:55.477	0.85820				2
2025.07.01	01:10:57.807	0.85818				2
2025.07.01	01:10:58.321	0.85820				2
2025.07.01	01:10:59.636	0.85819				2
2025.07.01	01:11:00.360	0.85819				2
2025.07.01	01:11:00.980	0.85820				2
2025.07.01	01:11:02.005	0.85819				2
2025.07.01	01:11:37.664	0.85818				2
2025.07.01	01:11:37.977		0.85827			4
2025.07.01	01:11:59.090	0.85819	0.85828			6
2025.07.01	01:11:59.880	0.85818				2
2025.07.01	01:12:00.186	0.85820				2
2025.07.01	01:12:02.390		0.85830			4
2025.07.01	01:12:03.430	0.85821	0.85831			6
2025.07.01	01:12:04.467		0.85830			4
2025.07.01	01:12:06.872	0.85824	0.85832			6
2025.07.01	01:12:07.778	0.85823				2
2025.07.01	01:12:10.008	0.85821				2
2025.07.01	01:12:11.498	0.85818	0.85827			6
2025.07.01	01:12:11.851		0.85828			4
2025.07.01	01:12:15.281	0.85819	0.85827			6
2025.07.01	01:12:15.878	0.85818				2
2025.07.01	01:12:16.478	0.85819				2
2025.07.01	01:12:19.780	0.85818				2
2025.07.01	01:12:21.278	0.85817				2
2025.07.01	01:12:25.811	0.85819				2
2025.07.01	01:12:26.295	0.85818				2
2025.07.01	01:12:27.018	0.85823				2
2025.07.01	01:12:30.946		0.85828			4
2025.07.01	01:12:35.680		0.85826			4
2025.07.01	01:12:36.523	0.85822	0.85825			6
2025.07.01	01:12:59.056	0.85823	0.85826			6
2025.07.01	01:13:00.451	0.85822	0.85825			6
2025.07.01	01:13:01.722	0.85823	0.85826			6
2025.07.01	01:13:03.424	0.85819	0.85823			6
2025.07.01	01:13:05.978	0.85818				2
2025.07.01	01:13:15.528	0.85820				2
2025.07.01	01:13:23.049	0.85819	0.85822			6
2025.07.01	01:13:29.586	0.85820	0.85823			6
2025.07.01	01:13:49.052	0.85821	0.85824			6
2025.07.01	01:14:00.264	0.85821				2
2025.07.01	01:14:06.743	0.85820				2
2025.07.01	01:14:14.733	0.85819				2
2025.07.01	01:14:20.037	0.85821				2
2025.07.01	01:14:20.379	0.85822	0.85827			6
2025.07.01	01:14:20.680	0.85820	0.85825			6
2025.07.01	01:14:28.178	0.85821	0.85826			6
2025.07.01	01:14:48.876	0.85819	0.85824			6
2025.07.01	01:14:55.366	0.85820				2
2025.07.01	01:15:00.357	0.85819				2
2025.07.01	01:15:00.664	0.85818	0.85823			6
2025.07.01	01:15:25.636	0.85819	0.85824			6
2025.07.01	01:15:29.181	0.85818	0.85823			6
2025.07.01	01:15:35.679	0.85816	0.85821			6
2025.07.01	01:15:36.573	0.85817	0.85822			6
2025.07.01	01:15:40.305	0.85815	0.85820			6
2025.07.01	01:15:47.070	0.85817	0.85822			6
2025.07.01	01:15:47.392	0.85815	0.85820			6
2025.07.01	01:15:48.093	0.85816	0.85821			6
2025.07.01	01:15:50.122	0.85815	0.85820			6
2025.07.01	01:15:58.358	0.85817	0.85822			6
2025.07.01	01:15:58.975	0.85818	0.85823			6
2025.07.01	01:16:00.005	0.85818				2
2025.07.01	01:16:03.424	0.85815	0.85820			6
2025.07.01	01:16:03.899	0.85816				2
2025.07.01	01:16:04.215		0.85818			4
2025.07.01	01:16:05.684	0.85815	0.85821			6
2025.07.01	01:16:06.001	0.85816	0.85819			6
2025.07.01	01:16:06.775		0.85821			4
2025.07.01	01:16:07.237	0.85815				2
2025.07.01	01:16:20.561	0.85817				2
2025.07.01	01:16:23.745		0.85822			4
2025.07.01	01:16:24.108	0.85818				2
2025.07.01	01:16:24.578	0.85817				2
2025.07.01	01:16:25.598	0.85815				2
2025.07.01	01:16:29.759		0.85820			4
2025.07.01	01:16:30.375	0.85814				2
2025.07.01	01:16:32.929	0.85815				2
2025.07.01	01:16:44.977	0.85814				2
2025.07.01	01:16:45.406	0.85815				2
2025.07.01	01:16:47.833	0.85817	0.85825			6
2025.07.01	01:16:50.826	0.85820				2
2025.07.01	01:16:51.165	0.85821				2
2025.07.01	01:16:52.368	0.85820	0.85827			6
2025.07.01	01:16:53.161	0.85821				2
2025.07.01	01:17:00.425	0.85821				2
2025.07.01	01:17:05.978	0.85820				2
2025.07.01	01:17:08.344	0.85821				2
2025.07.01	01:17:13.814	0.85820				2
2025.07.01	01:17:15.015	0.85819				2
2025.07.01	01:17:15.382		0.85825			4
2025.07.01	01:17:19.115		0.85827			4
2025.07.01	01:17:21.277		0.85825			4
2025.07.01	01:17:21.867		0.85827			4
2025.07.01	01:17:22.180		0.85825			4
2025.07.01	01:17:22.517		0.85827			4
2025.07.01	01:17:24.049		0.85825			4
2025.07.01	01:17:24.625		0.85827			4
2025.07.01	01:17:29.903	0.85820				2
2025.07.01	01:17:31.157		0.85828			4
2025.07.01	01:17:31.683		0.85825			4
2025.07.01	01:17:32.186		0.85827			4
2025.07.01	01:17:32.516		0.85825			4
2025.07.01	01:17:33.259		0.85828			4
2025.07.01	01:17:34.693		0.85826			4
2025.07.01	01:17:35.305		0.85828			4
2025.07.01	01:17:35.765		0.85826			4
2025.07.01	01:17:36.339	0.85821	0.85827			6
2025.07.01	01:17:42.808	0.85820	0.85828			6
2025.07.01	01:17:43.153		0.85826			4
2025.07.01	01:17:47.059	0.85821	0.85828			6
2025.07.01	01:17:51.108	0.85823				2
2025.07.01	01:18:00.603	0.85823				2
2025.07.01	01:18:11.592	0.85824				2
2025.07.01	01:18:12.370	0.85820				2
2025.07.01	01:18:12.937	0.85821				2
2025.07.01	01:18:13.239	0.85823				2
2025.07.01	01:18:16.782	0.85819	0.85827			6
2025.07.01	01:18:17.601	0.85820				2
2025.07.01	01:18:18.357	0.85822	0.85828			6
2025.07.01	01:18:18.773	0.85823				2
2025.07.01	01:18:20.978	0.85819	0.85827			6
2025.07.01	01:18:39.637	0.85821				2
2025.07.01	01:18:39.942	0.85822	0.85828			6
2025.07.01	01:18:41.313	0.85821				2
2025.07.01	01:18:42.343	0.85818	0.85826			6
2025.07.01	01:18:42.655	0.85819	0.85825			6
2025.07.01	01:18:43.036	0.85820				2
2025.07.01	01:18:43.416		0.85826			4
2025.07.01	01:18:47.183	0.85817	0.85823			6
2025.07.01	01:18:52.374		0.85825			4
2025.07.01	01:18:52.678		0.85823			4
2025.07.01	01:18:55.676	0.85818	0.85824			6
2025.07.01	01:18:56.017		0.85826			4
2025.07.01	01:18:58.353	0.85819				2
2025.07.01	01:18:58.679	0.85820	0.85825			6
2025.07.01	01:18:59.217	0.85819				2
2025.07.01	01:19:00.487	0.85819	0.85823			6
2025.07.01	01:19:00.847		0.85825			4
2025.07.01	01:19:01.425		0.85823			4
2025.07.01	01:19:01.770		0.85825			4
2025.07.01	01:19:02.789	0.85821				2
2025.07.01	01:19:03.117	0.85820				2
2025.07.01	01:19:05.376	0.85821				2
2025.07.01	01:19:14.849	0.85820	0.85823			6
2025.07.01	01:19:15.158	0.85818	0.85825			6
2025.07.01	01:19:15.474		0.85823			4
2025.07.01	01:19:17.977	0.85817				2
2025.07.01	01:19:18.757		0.85825			4
2025.07.01	01:19:23.218	0.85816				2
2025.07.01	01:19:24.140	0.85818				2
2025.07.01	01:19:29.978	0.85817	0.85823			6
2025.07.01	01:19:36.230	0.85818				2
2025.07.01	01:19:39.827		0.85825			4
2025.07.01	01:19:40.529	0.85819				2
2025.07.01	01:19:43.974		0.85823			4
2025.07.01	01:19:44.293		0.85825			4
2025.07.01	01:19:51.762	0.85820	0.85826			6
2025.07.01	01:19:55.130		0.85825			4
2025.07.01	01:19:56.174	0.85821				2
2025.07.01	01:19:58.579	0.85819				2
2025.07.01	01:19:59.557		0.85826			4
2025.07.01	01:19:59.890		0.85825			4
2025.07.01	01:20:00.391	0.85819				2
2025.07.01	01:20:01.052	0.85818				2
2025.07.01	01:20:02.986	0.85819				2
2025.07.01	01:20:04.232	0.85818				2
2025.07.01	01:20:21.666		0.85822			4
2025.07.01	01:20:24.153	0.85817				2
2025.07.01	01:20:47.077		0.85823			4
2025.07.01	01:20:56.690	0.85820	0.85825			6
2025.07.01	01:20:56.999	0.85821	0.85823			6
2025.07.01	01:20:58.792		0.85825			4
2025.07.01	01:21:00.553	0.85821				2
2025.07.01	01:21:03.430	0.85820				2
2025.07.01	01:21:05.367	0.85821				2
2025.07.01	01:21:08.652	0.85818	0.85822			6
2025.07.01	01:21:10.171		0.85823			4
2025.07.01	01:21:20.431	0.85820	0.85825			6
2025.07.01	01:21:21.580	0.85819				2
2025.07.01	01:21:23.285		0.85824			4
2025.07.01	01:21:25.287		0.85822			4
2025.07.01	01:21:25.943		0.85824			4
2025.07.01	01:21:26.466		0.85825			4
2025.07.01	01:21:26.768	0.85820	0.85826			6
2025.07.01	01:21:27.103		0.85825			4
2025.07.01	01:21:35.273	0.85821				2
2025.07.01	01:21:38.508		0.85826			4
2025.07.01	01:21:40.783	0.85820	0.85825			6
2025.07.01	01:21:52.778	0.85819				2
2025.07.01	01:21:57.080	0.85821				2
2025.07.01	01:22:00.359	0.85821				2
2025.07.01	01:22:02.051	0.85822				2
2025.07.01	01:22:03.190	0.85821				2
2025.07.01	01:22:04.801	0.85820				2
2025.07.01	01:22:05.103	0.85821	0.85826			6
2025.07.01	01:22:05.432		0.85825			4
2025.07.01	01:22:22.180	0.85820				2
2025.07.01	01:22:23.877	0.85821				2
2025.07.01	01:23:00.147	0.85822				2
2025.07.01	01:23:03.224	0.85821				2
2025.07.01	01:23:06.066		0.85825			4
2025.07.01	01:23:06.541	0.85820				2
2025.07.01	01:23:06.852	0.85819				2
2025.07.01	01:23:12.423	0.85823	0.85826			6
2025.07.01	01:23:15.295		0.85825			4
2025.07.01	01:23:42.971	0.85824				2
2025.07.01	01:23:45.576	0.85823				2
2025.07.01	01:23:48.009	0.85824				2
2025.07.01	01:23:51.279	0.85823				2
2025.07.01	01:23:51.822	0.85819	0.85823			6
2025.07.01	01:23:55.912	0.85820	0.85825			6
2025.07.01	01:23:56.238		0.85826			4
2025.07.01	01:24:00.091	0.85820				2
2025.07.01	01:24:00.453		0.85825			4
2025.07.01	01:24:01.963		0.85826			4
2025.07.01	01:24:05.377		0.85825			4
2025.07.01	01:24:06.141	0.85821				2
2025.07.01	01:24:06.447	0.85820				2
2025.07.01	01:24:11.002		0.85826			4
2025.07.01	01:24:19.198		0.85825			4
2025.07.01	01:24:21.973		0.85826			4
2025.07.01	01:24:24.718		0.85825			4
2025.07.01	01:24:33.399	0.85819	0.85823			6
2025.07.01	01:24:33.856		0.85825			4
2025.07.01	01:24:34.506		0.85823			4
2025.07.01	01:24:35.977		0.85824			4
2025.07.01	01:24:44.732		0.85823			4
2025.07.01	01:25:00.584	0.85819				2
2025.07.01	01:25:30.049		0.85825			4
2025.07.01	01:25:32.402		0.85823			4
2025.07.01	01:25:32.809	0.85818				2
2025.07.01	01:26:00.094	0.85818				2
2025.07.01	01:26:00.453		0.85822			4
2025.07.01	01:26:21.523	0.85823	0.85824			6
2025.07.01	01:26:27.360		0.85828			4
2025.07.01	01:26:27.714		0.85826			4
2025.07.01	01:26:30.830		0.85827			4
2025.07.01	01:26:32.841		0.85826			4
2025.07.01	01:26:40.404	0.85826	0.85831			6
2025.07.01	01:26:40.713	0.85827	0.85832			6
2025.07.01	01:26:50.310	0.85828				2
2025.07.01	01:26:50.672		0.85833			4
2025.07.01	01:26:57.877	0.85827				2
2025.07.01	01:27:00.673	0.85827				2
2025.07.01	01:27:27.342		0.85832			4
2025.07.01	01:27:36.514	0.85825	0.85829			6
2025.07.01	01:27:36.852	0.85823	0.85828			6
2025.07.01	01:27:37.778		0.85827			4
2025.07.01	01:28:00.404	0.85823				2
2025.07.01	01:28:01.913	0.85822	0.85828			6
2025.07.01	01:28:02.219		0.85826			4
2025.07.01	01:28:16.100	0.85823	0.85828			6
2025.07.01	01:28:19.778		0.85827			4
2025.07.01	01:28:22.082	0.85822				2
2025.07.01	01:28:28.269		0.85826			4
2025.07.01	01:28:55.311	0.85823	0.85827			6
2025.07.01	01:28:55.777		0.85826			4
2025.07.01	01:28:59.378	0.85828	0.85831			6
2025.07.01	01:28:59.680		0.85830			4
2025.07.01	01:29:00.147	0.85828				2
2025.07.01	01:29:00.631	0.85827				2
2025.07.01	01:29:00.973	0.85832	0.85833			6
2025.07.01	01:29:05.929	0.85826	0.85831			6
2025.07.01	01:29:09.263	0.85828	0.85833			6
2025.07.01	01:29:12.277		0.85832			4
2025.07.01	01:29:27.469	0.85829	0.85833			6
2025.07.01	01:29:33.911	0.85828				2
2025.07.01	01:29:41.643	0.85829				2
2025.07.01	01:29:42.875	0.85828				2
2025.07.01	01:29:43.363	0.85830	0.85834			6
2025.07.01	01:29:43.672		0.85833			4
2025.07.01	01:29:44.677	0.85831	0.85834			6
2025.07.01	01:29:54.411	0.85832	0.85836			6
2025.07.01	01:29:56.678		0.85835			4
2025.07.01	01:29:57.406	0.85830	0.85834			6
2025.07.01	01:30:00.220	0.85832				2
2025.07.01	01:30:01.450	0.85831				2
2025.07.01	01:30:02.100	0.85830				2
2025.07.01	01:30:03.327		0.85833			4
2025.07.01	01:30:04.238	0.85831				2
2025.07.01	01:30:04.539	0.85833	0.85835			6
2025.07.01	01:30:04.843	0.85834	0.85836			6
2025.07.01	01:30:05.268		0.85837			4
2025.07.01	01:30:09.299	0.85836	0.85840			6
2025.07.01	01:30:10.009	0.85835	0.85838			6
2025.07.01	01:30:22.353	0.85834	0.85836			6
2025.07.01	01:30:22.659	0.85828	0.85832			6
2025.07.01	01:30:24.355	0.85833	0.85836			6
2025.07.01	01:30:24.660	0.85831	0.85835			6
2025.07.01	01:30:25.020		0.85834			4
2025.07.01	01:30:25.340	0.85830				2
2025.07.01	01:30:25.700		0.85833			4
2025.07.01	01:30:28.302	0.85831	0.85835			6
2025.07.01	01:30:28.603		0.85836			4
2025.07.01	01:30:33.371		0.85835			4
2025.07.01	01:30:34.355		0.85836			4
2025.07.01	01:30:36.218	0.85832				2
2025.07.01	01:30:36.520	0.85834				2
2025.07.01	01:30:39.799	0.85832				2
2025.07.01	01:30:40.701	0.85833				2
2025.07.01	01:30:44.275	0.85832	0.85835			6
2025.07.01	01:30:46.803	0.85833	0.85836			6
2025.07.01	01:30:48.349	0.85832	0.85835			6
2025.07.01	01:30:51.485	0.85833	0.85836			6
2025.07.01	01:30:53.587	0.85832	0.85835			6
2025.07.01	01:30:55.718	0.85833	0.85836			6
2025.07.01	01:30:56.081	0.85835	0.85838			6
2025.07.01	01:30:56.399		0.85836			4
2025.07.01	01:30:56.713	0.85833	0.85835			6
2025.07.01	01:30:58.669		0.85836			4
2025.07.01	01:31:00.645	0.85833				2
2025.07.01	01:31:02.377		0.85835			4
2025.07.01	01:31:06.714		0.85836			4
2025.07.01	01:31:11.400		0.85835			4
2025.07.01	01:31:14.676		0.85836			4
2025.07.01	01:31:20.015		0.85835			4
2025.07.01	01:31:20.710		0.85836			4
2025.07.01	01:31:25.382	0.85838	0.85839			6
2025.07.01	01:31:31.940	0.85834	0.85837			6
2025.07.01	01:31:40.308	0.85833	0.85836			6
2025.07.01	01:31:43.229	0.85835	0.85837			6
2025.07.01	01:31:45.130	0.85834				2
2025.07.01	01:31:46.589	0.85836				2
2025.07.01	01:31:48.534	0.85833	0.85835			6
2025.07.01	01:31:55.478		0.85834			4
2025.07.01	01:31:59.052	0.85832				2
2025.07.01	01:32:00.281	0.85832				2
2025.07.01	01:32:03.439	0.85833				2
2025.07.01	01:32:21.477		0.85835			4
2025.07.01	01:32:26.411		0.85834			4
2025.07.01	01:32:43.200		0.85835			4
2025.07.01	01:32:47.205		0.85834			4
2025.07.01	01:32:54.920	0.85831	0.85833			6
2025.07.01	01:32:55.230		0.85832			4
2025.07.01	01:33:00.268	0.85831				2
2025.07.01	01:33:04.960		0.85834			4
2025.07.01	01:33:05.668		0.85832			4
2025.07.01	01:33:21.624		0.85833			4
2025.07.01	01:33:21.948		0.85834			4
2025.07.01	01:33:23.378		0.85833			4
2025.07.01	01:33:23.896		0.85834			4
2025.07.01	01:33:25.601		0.85832			4
2025.07.01	01:33:26.232		0.85834			4
2025.07.01	01:33:30.185		0.85833			4
2025.07.01	01:33:38.078		0.85834			4
2025.07.01	01:33:54.141		0.85833			4
2025.07.01	01:33:55.774		0.85834			4
2025.07.01	01:33:56.084		0.85832			4
2025.07.01	01:33:56.402		0.85834			4
2025.07.01	01:33:56.833		0.85833			4
2025.07.01	01:33:57.579		0.85834			4
2025.07.01	01:34:01.139	0.85831				2
2025.07.01	01:34:03.158		0.85832			4
2025.07.01	01:34:04.285		0.85833			4
2025.07.01	01:34:05.471		0.85832			4
2025.07.01	01:34:07.145		0.85834			4
2025.07.01	01:34:08.663		0.85832			4
2025.07.01	01:34:10.177	0.85830				2
2025.07.01	01:34:11.914	0.85831				2
2025.07.01	01:34:14.928		0.85833			4
2025.07.01	01:34:17.107		0.85832			4
2025.07.01	01:34:23.850	0.85830	0.85831			6
2025.07.01	01:34:50.716	0.85829				2
2025.07.01	01:34:54.113	0.85828				2
2025.07.01	01:35:00.604	0.85828				2
2025.07.01	01:35:04.211	0.85826	0.85830			6
2025.07.01	01:35:04.691	0.85828	0.85829			6
2025.07.01	01:35:06.000	0.85826	0.85828			6
2025.07.01	01:35:14.727		0.85827			4
2025.07.01	01:35:15.208		0.85828			4
2025.07.01	01:35:15.814		0.85827			4
2025.07.01	01:35:22.219		0.85828			4
2025.07.01	01:35:22.916	0.85828	0.85831			6
2025.07.01	01:35:23.966		0.85832			4
2025.07.01	01:35:26.368		0.85830			4
2025.07.01	01:35:29.374	0.85826	0.85829			6
2025.07.01	01:35:31.515	0.85829	0.85832			6
2025.07.01	01:35:32.128		0.85831			4
2025.07.01	01:35:32.436		0.85830			4
2025.07.01	01:35:32.774	0.85826	0.85828			6
2025.07.01	01:35:37.144		0.85829			4
2025.07.01	01:35:38.428	0.85829	0.85833			6
2025.07.01	01:35:50.376		0.85832			4
2025.07.01	01:35:55.187		0.85834			4
2025.07.01	01:36:00.107	0.85829				2
2025.07.01	01:36:07.471		0.85833			4
2025.07.01	01:36:10.651	0.85830	0.85835			6
2025.07.01	01:36:13.734	0.85829	0.85833			6
2025.07.01	01:36:39.421		0.85834			4
2025.07.01	01:36:45.400	0.85828	0.85833			6
2025.07.01	01:36:52.533	0.85829	0.85834			6
2025.07.01	01:36:55.249		0.85835			4
2025.07.01	01:36:56.126		0.85833			4
2025.07.01	01:37:00.464	0.85829				2
2025.07.01	01:37:16.110	0.85828				2
2025.07.01	01:37:41.918	0.85830	0.85835			6
2025.07.01	01:37:42.268	0.85829	0.85834			6
2025.07.01	01:37:42.706		0.85833			4
2025.07.01	01:38:01.574	0.85829				2
2025.07.01	01:38:12.432	0.85831	0.85834			6
2025.07.01	01:38:49.553		0.85833			4
2025.07.01	01:38:54.038		0.85834			4
2025.07.01	01:38:55.081		0.85833			4
2025.07.01	01:38:55.602	0.85829	0.85831			6
2025.07.01	01:38:55.919	0.85831	0.85833			6
2025.07.01	01:39:00.694	0.85830				2
2025.07.01	01:39:11.980		0.85832			4
2025.07.01	01:39:14.726	0.85831				2
2025.07.01	01:39:15.877		0.85833			4
2025.07.01	01:39:19.745		0.85832			4
2025.07.01	01:39:21.887		0.85833			4
2025.07.01	01:39:24.065		0.85832			4
2025.07.01	01:39:25.185		0.85833			4
2025.07.01	01:39:34.648		0.85832			4
2025.07.01	01:39:36.968		0.85834			4
2025.07.01	01:39:37.295		0.85833			4
2025.07.01	01:39:39.878	0.85833	0.85835			6
2025.07.01	01:39:41.492		0.85834			4
2025.07.01	01:39:42.977	0.85832	0.85833			6
2025.07.01	01:39:43.278	0.85831				2
2025.07.01	01:39:59.225		0.85834			4
2025.07.01	01:39:59.536	0.85833				2
2025.07.01	01:40:00.165	0.85833				2
2025.07.01	01:40:03.404	0.85830				2
2025.07.01	01:40:05.092		0.85833			4
2025.07.01	01:40:06.154		0.85834			4
2025.07.01	01:40:08.276		0.85833			4
2025.07.01	01:40:09.824		0.85834			4
2025.07.01	01:40:46.240	0.85832	0.85835			6
2025.07.01	01:40:54.600	0.85833	0.85836			6
2025.07.01	01:40:59.014		0.85837			4
2025.07.01	01:41:00.711	0.85832				2
2025.07.01	01:41:02.513		0.85836			4
2025.07.01	01:41:04.073		0.85837			4
2025.07.01	01:41:22.902		0.85836			4
2025.07.01	01:41:36.950		0.85837			4
2025.07.01	01:42:00.406	0.85832				2
2025.07.01	01:42:04.734	0.85830	0.85834			6
2025.07.01	01:42:05.040	0.85828	0.85833			6
2025.07.01	01:42:05.355		0.85832			4
2025.07.01	01:42:11.334		0.85833			4
2025.07.01	01:42:21.181	0.85829				2
2025.07.01	01:42:22.351	0.85828	0.85831			6
2025.07.01	01:42:31.837	0.85829				2
2025.07.01	01:42:34.178	0.85830				2
2025.07.01	01:42:42.820	0.85832	0.85836			6
2025.07.01	01:42:50.378	0.85830	0.85833			6
2025.07.01	01:43:02.378	0.85830				2
2025.07.01	01:43:31.478	0.85829				2
2025.07.01	01:43:33.437		0.85831			4
2025.07.01	01:43:33.827		0.85832			4
2025.07.01	01:43:42.713	0.85828	0.85830			6
2025.07.01	01:43:48.470		0.85831			4
2025.07.01	01:43:50.587		0.85832			4
2025.07.01	01:43:51.562	0.85829				2
2025.07.01	01:43:56.783	0.85830	0.85833			6
2025.07.01	01:44:00.363	0.85830				2
2025.07.01	01:44:20.077	0.85829				2
2025.07.01	01:44:39.576	0.85830				2
2025.07.01	01:45:00.809	0.85830	0.85833			6
2025.07.01	01:45:11.378	0.85829				2
2025.07.01	01:45:14.378	0.85830				2
2025.07.01	01:45:27.597	0.85824	0.85827			6
2025.07.01	01:45:30.558	0.85823				2
2025.07.01	01:45:31.830		0.85825			4
2025.07.01	01:45:35.008		0.85827			4
2025.07.01	01:45:37.141	0.85824				2
2025.07.01	01:45:58.653	0.85825				2
2025.07.01	01:46:01.208	0.85825				2
2025.07.01	01:46:06.213		0.85826			4
2025.07.01	01:46:12.418	0.85826	0.85827			6
2025.07.01	01:46:18.578	0.85825				2
2025.07.01	01:46:34.211	0.85826				2
2025.07.01	01:46:46.564	0.85825				2
2025.07.01	01:46:56.377	0.85824				2
2025.07.01	01:47:00.404	0.85824				2
2025.07.01	01:47:09.882	0.85825				2
2025.07.01	01:47:15.877		0.85827			4
2025.07.01	01:48:01.579	0.85825				2
2025.07.01	01:48:08.377	0.85824				2
2025.07.01	01:48:13.398		0.85829			4
2025.07.01	01:48:13.777		0.85828			4
2025.07.01	01:48:14.117	0.85825				2
2025.07.01	01:48:18.579		0.85829			4
2025.07.01	01:48:23.675		0.85827			4
2025.07.01	01:48:40.677		0.85826			4
2025.07.01	01:48:58.387	0.85828	0.85829			6
2025.07.01	01:48:58.751	0.85829	0.85830			6
2025.07.01	01:48:59.078	0.85828	0.85829			6
2025.07.01	01:49:00.323	0.85828				2
2025.07.01	01:49:01.536	0.85829	0.85830			6
2025.07.01	01:49:02.435	0.85828	0.85829			6
2025.07.01	01:50:00.058	0.85828				2
2025.07.01	01:50:02.453		0.85829			4
2025.07.01	01:50:13.739	0.85830	0.85831			6
2025.07.01	01:50:14.039	0.85831	0.85832			6
2025.07.01	01:50:15.372	0.85828	0.85830			6
2025.07.01	01:50:20.640	0.85830	0.85832			6
2025.07.01	01:50:29.110		0.85831			4
2025.07.01	01:50:51.347	0.85831	0.85833			6
2025.07.01	01:50:57.089		0.85832			4
2025.07.01	01:50:58.712		0.85833			4
2025.07.01	01:50:59.019	0.85830	0.85831			6
2025.07.01	01:51:00.323	0.85830				2
2025.07.01	01:51:01.409	0.85831	0.85832			6
2025.07.01	01:51:01.779	0.85830	0.85831			6
2025.07.01	01:51:11.351		0.85833			4
2025.07.01	01:51:12.378		0.85831			4
2025.07.01	01:51:21.344	0.85829				2
2025.07.01	01:51:27.058	0.85832	0.85833			6
2025.07.01	01:51:31.472	0.85831	0.85834			6
2025.07.01	01:51:53.534		0.85835			4
2025.07.01	01:52:00.526	0.85831				2
2025.07.01	01:52:01.420	0.85830	0.85833			6
2025.07.01	01:52:13.263	0.85829	0.85834			6
2025.07.01	01:52:25.602	0.85830				2
2025.07.01	01:52:38.378	0.85829				2
2025.07.01	01:52:48.234	0.85828	0.85831			6
2025.07.01	01:52:48.543	0.85827	0.85830			6
2025.07.01	01:52:48.893	0.85826				2
2025.07.01	01:53:01.514	0.85826				2
2025.07.01	01:53:03.432	0.85827				2
2025.07.01	01:53:18.350	0.85825	0.85829			6
2025.07.01	01:53:26.293		0.85828			4
2025.07.01	01:53:27.855	0.85824				2
2025.07.01	01:53:28.177	0.85825				2
2025.07.01	01:53:33.087	0.85824				2
2025.07.01	01:53:40.709	0.85825				2
2025.07.01	01:53:42.946	0.85824				2
2025.07.01	01:53:51.400	0.85822	0.85825			6
2025.07.01	01:53:51.715	0.85823	0.85826			6
2025.07.01	01:54:00.079	0.85823				2
2025.07.01	01:54:02.205		0.85827			4
2025.07.01	01:54:03.895		0.85826			4
2025.07.01	01:54:05.706	0.85822				2
2025.07.01	01:54:18.151	0.85823	0.85825			6
2025.07.01	01:54:18.460	0.85821				2
2025.07.01	01:54:19.098	0.85820				2
2025.07.01	01:54:19.399	0.85821				2
2025.07.01	01:54:20.890	0.85820	0.85824			6
2025.07.01	01:54:24.637	0.85821				2
2025.07.01	01:54:25.177	0.85820				2
2025.07.01	01:54:29.184	0.85821	0.85826			6
2025.07.01	01:54:30.334		0.85825			4
2025.07.01	01:54:44.069	0.85822	0.85826			6
2025.07.01	01:54:44.708		0.85827			4
2025.07.01	01:54:51.666	0.85823				2
2025.07.01	01:55:00.577	0.85823				2
2025.07.01	01:55:03.837		0.85826			4
2025.07.01	01:55:21.500		0.85827			4
2025.07.01	01:55:21.831		0.85826			4
2025.07.01	01:55:22.140		0.85827			4
2025.07.01	01:55:27.876	0.85824				2
2025.07.01	01:55:30.868	0.85823				2
2025.07.01	01:55:48.338		0.85826			4
2025.07.01	01:55:48.763		0.85827			4
2025.07.01	01:55:49.219		0.85826			4
2025.07.01	01:55:49.532		0.85827			4
2025.07.01	01:55:50.677		0.85826			4
2025.07.01	01:55:53.607	0.85824				2
2025.07.01	01:55:54.208		0.85827			4
2025.07.01	01:55:54.878	0.85823				2
2025.07.01	01:55:55.413		0.85826			4
2025.07.01	01:55:56.128		0.85827			4
2025.07.01	01:56:00.510	0.85823	0.85826			6
2025.07.01	01:56:03.860	0.85824				2
2025.07.01	01:57:03.799	0.85824	0.85826			6
2025.07.01	01:57:14.248	0.85826	0.85827			6
2025.07.01	01:57:14.897	0.85824	0.85826			6
2025.07.01	01:57:32.240		0.85827			4
2025.07.01	01:57:49.414	0.85823				2
2025.07.01	01:57:50.426	0.85826	0.85828			6
2025.07.01	01:58:00.467	0.85827				2
2025.07.01	01:58:00.780	0.85828	0.85829			6
2025.07.01	01:58:05.570	0.85829	0.85830			6
2025.07.01	01:58:06.799	0.85827	0.85828			6
2025.07.01	01:58:18.626	0.85828	0.85829			6
2025.07.01	01:58:23.730	0.85827	0.85828			6
2025.07.01	01:58:53.691	0.85828	0.85829			6
2025.07.01	01:59:00.321	0.85828				2
2025.07.01	01:59:03.430	0.85827	0.85828			6
2025.07.01	01:59:40.169	0.85824	0.85827			6
2025.07.01	01:59:50.758		0.85828			4
2025.07.01	01:59:55.197	0.85826				2
2025.07.01	02:00:00.493	0.85826				2
2025.07.01	02:00:04.176	0.85827				2
2025.07.01	02:00:05.391	0.85826				2
2025.07.01	02:00:06.108	0.85825	0.85827			6
2025.07.01	02:00:06.420	0.85827	0.85828			6
2025.07.01	02:00:06.733	0.85825				2
2025.07.01	02:00:07.473	0.85826				2
2025.07.01	02:00:07.793	0.85824				2
2025.07.01	02:00:18.635	0.85821	0.85826			6
2025.07.01	02:00:19.730	0.85822	0.85827			6
2025.07.01	02:00:33.849	0.85823				2
2025.07.01	02:00:43.294		0.85828			4
2025.07.01	02:00:46.193	0.85824				2
2025.07.01	02:00:53.523	0.85825				2
2025.07.01	02:00:58.888	0.85824				2
2025.07.01	02:00:59.828	0.85827				2
2025.07.01	02:01:00.140	0.85827				2
2025.07.01	02:01:01.189	0.85826				2
2025.07.01	02:01:03.184	0.85824				2
2025.07.01	02:01:18.901	0.85825				2
2025.07.01	02:01:31.696		0.85829			4
2025.07.01	02:01:32.211	0.85826	0.85828			6
2025.07.01	02:01:35.610	0.85827	0.85829			6
2025.07.01	02:01:37.882	0.85828				2
2025.07.01	02:01:45.962	0.85827	0.85828			6
2025.07.01	02:02:01.602	0.85827				2
2025.07.01	02:02:12.994	0.85826				2
2025.07.01	02:02:13.302	0.85825				2
2025.07.01	02:02:21.759		0.85827			4
2025.07.01	02:02:30.772	0.85826				2
2025.07.01	02:02:33.317	0.85825				2
2025.07.01	02:02:34.621		0.85828			4
2025.07.01	02:02:48.324	0.85826				2
2025.07.01	02:02:51.401	0.85827				2
2025.07.01	02:02:59.249	0.85826				2
2025.07.01	02:03:00.394	0.85826				2
2025.07.01	02:03:00.816	0.85827				2
2025.07.01	02:03:01.136	0.85826				2
2025.07.01	02:03:05.703	0.85825				2
2025.07.01	02:03:09.700	0.85826				2
2025.07.01	02:03:10.762	0.85825				2
2025.07.01	02:03:11.080	0.85827				2
2025.07.01	02:03:12.449	0.85825				2
2025.07.01	02:03:13.398	0.85827				2
2025.07.01	02:03:36.227		0.85828			4
2025.07.01	02:03:56.115	0.85828	0.85829			6
2025.07.01	02:03:58.397	0.85827	0.85828			6
2025.07.01	02:03:58.713	0.85826				2
2025.07.01	02:04:00.441	0.85826				2
2025.07.01	02:04:27.452	0.85827				2
2025.07.01	02:04:29.883	0.85828	0.85829			6
2025.07.01	02:05:00.073	0.85828				2
2025.07.01	02:05:00.480	0.85829	0.85830			6
2025.07.01	02:05:03.428	0.85828	0.85829			6
2025.07.01	02:05:08.697	0.85829	0.85830			6
2025.07.01	02:05:12.365	0.85828	0.85829			6
2025.07.01	02:05:17.262	0.85827	0.85828			6
2025.07.01	02:05:33.805	0.85828	0.85829			6
2025.07.01	02:06:00.068	0.85828				2
2025.07.01	02:06:03.427	0.85827	0.85828			6
2025.07.01	02:06:05.126	0.85826	0.85827			6
2025.07.01	02:06:06.758	0.85825				2
2025.07.01	02:06:07.467	0.85826				2
2025.07.01	02:06:13.513	0.85828	0.85829			6
2025.07.01	02:06:15.498	0.85827	0.85828			6
2025.07.01	02:06:30.404	0.85826	0.85827			6
2025.07.01	02:06:32.876	0.85828	0.85829			6
2025.07.01	02:06:46.348	0.85827	0.85828			6
2025.07.01	02:07:02.128	0.85829	0.85830			6
2025.07.01	02:07:09.637	0.85828	0.85829			6
2025.07.01	02:07:33.517	0.85826	0.85827			6
2025.07.01	02:07:34.396	0.85827	0.85828			6
2025.07.01	02:07:34.748	0.85825	0.85827			6
2025.07.01	02:07:35.217	0.85826				2
2025.07.01	02:07:39.092	0.85827	0.85828			6
2025.07.01	02:07:55.012	0.85828	0.85829			6
2025.07.01	02:08:03.430	0.85828				2
2025.07.01	02:08:08.418	0.85827	0.85828			6
2025.07.01	02:08:11.589	0.85828	0.85829			6
2025.07.01	02:09:00.386	0.85828				2
2025.07.01	02:09:03.389	0.85827	0.85828			6
2025.07.01	02:09:18.341	0.85828	0.85830			6
2025.07.01	02:09:37.764	0.85830	0.85831			6
2025.07.01	02:09:55.490	0.85829	0.85830			6
2025.07.01	02:10:00.485	0.85829				2
2025.07.01	02:10:27.855	0.85828				2
2025.07.01	02:10:50.072	0.85829				2
2025.07.01	02:10:54.587	0.85828				2
2025.07.01	02:10:58.603		0.85830			4
2025.07.01	02:11:00.694	0.85828				2
2025.07.01	02:11:12.852	0.85829				2
2025.07.01	02:11:18.642		0.85832			4
2025.07.01	02:11:22.413	0.85828	0.85831			6
2025.07.01	02:11:56.200		0.85830			4
2025.07.01	02:12:00.623	0.85828				2
2025.07.01	02:12:38.006	0.85829	0.85832			6
2025.07.01	02:12:38.309	0.85830				2
2025.07.01	02:12:55.132	0.85829				2
2025.07.01	02:12:55.767		0.85831			4
2025.07.01	02:12:56.346	0.85828				2
2025.07.01	02:12:56.978	0.85829				2
2025.07.01	02:13:01.051	0.85829				2
2025.07.01	02:13:34.408	0.85827	0.85830			6
2025.07.01	02:13:34.759	0.85828				2
2025.07.01	02:13:45.041	0.85830	0.85832			6
2025.07.01	02:14:00.405	0.85830	0.85831			6
2025.07.01	02:14:03.461	0.85829				2
2025.07.01	02:14:13.195		0.85832			4
2025.07.01	02:14:14.225		0.85831			4
2025.07.01	02:14:23.610		0.85830			4
2025.07.01	02:14:30.109	0.85827	0.85829			6
2025.07.01	02:14:48.664	0.85826				2
2025.07.01	02:14:49.477	0.85825	0.85828			6
2025.07.01	02:14:49.780	0.85824				2
2025.07.01	02:14:50.197		0.85827			4
2025.07.01	02:14:51.960	0.85823				2
2025.07.01	02:14:56.194	0.85824	0.85829			6
2025.07.01	02:14:56.643		0.85827			4
2025.07.01	02:14:57.465	0.85823	0.85826			6
2025.07.01	02:14:57.975		0.85827			4
2025.07.01	02:15:01.528	0.85824	0.85828			6
2025.07.01	02:15:02.404	0.85823				2
2025.07.01	02:15:03.496		0.85827			4
2025.07.01	02:15:05.423	0.85824	0.85828			6
2025.07.01	02:15:13.389	0.85825	0.85829			6
2025.07.01	02:15:41.450	0.85826				2
2025.07.01	02:16:00.189	0.85826				2
2025.07.01	02:16:05.179	0.85825	0.85830			6
2025.07.01	02:16:05.484	0.85827				2
2025.07.01	02:16:14.913	0.85826	0.85829			6
2025.07.01	02:16:16.446	0.85825				2
2025.07.01	02:16:31.801	0.85826	0.85830			6
2025.07.01	02:16:39.075	0.85825	0.85829			6
2025.07.01	02:16:39.425	0.85826				2
2025.07.01	02:16:59.830	0.85827				2
2025.07.01	02:17:00.638	0.85827				2
2025.07.01	02:17:10.624	0.85825				2
2025.07.01	02:17:11.692		0.85828			4
2025.07.01	02:17:19.090	0.85827				2
2025.07.01	02:17:30.163	0.85824	0.85827			6
2025.07.01	02:17:33.689		0.85826			4
2025.07.01	02:17:34.067		0.85827			4
2025.07.01	02:17:43.774	0.85828	0.85829			6
2025.07.01	02:17:44.080		0.85830			4
2025.07.01	02:17:44.416		0.85829			4
2025.07.01	02:17:53.343	0.85827				2
2025.07.01	02:17:56.616	0.85823	0.85828			6
2025.07.01	02:17:57.430	0.85824				2
2025.07.01	02:17:58.040		0.85827			4
2025.07.01	02:17:58.400	0.85825				2
2025.07.01	02:18:02.378	0.85825				2
2025.07.01	02:18:03.990	0.85824				2
2025.07.01	02:18:07.524	0.85825				2
2025.07.01	02:18:41.523		0.85828			4
2025.07.01	02:18:43.037		0.85827			4
2025.07.01	02:18:43.367		0.85828			4
2025.07.01	02:18:44.108		0.85827			4
2025.07.01	02:18:44.762		0.85828			4
2025.07.01	02:18:45.082		0.85827			4
2025.07.01	02:18:46.405		0.85828			4
2025.07.01	02:18:49.603	0.85826				2
2025.07.01	02:18:50.205	0.85825				2
2025.07.01	02:19:00.053	0.85825				2
2025.07.01	02:19:01.296		0.85827			4
2025.07.01	02:19:04.163		0.85828			4
2025.07.01	02:19:04.637		0.85827			4
2025.07.01	02:19:04.969		0.85828			4
2025.07.01	02:19:07.258		0.85827			4
2025.07.01	02:19:07.724		0.85828			4
2025.07.01	02:19:18.282	0.85826	0.85829			6
2025.07.01	02:19:20.020		0.85830			4
2025.07.01	02:19:20.402		0.85829			4
2025.07.01	02:19:21.132		0.85830			4
2025.07.01	02:19:22.289		0.85829			4
2025.07.01	02:19:22.624		0.85830			4
2025.07.01	02:19:22.958		0.85829			4
2025.07.01	02:19:33.721	0.85827	0.85830			6
2025.07.01	02:19:36.940	0.85829	0.85831			6
2025.07.01	02:19:41.373	0.85828				2
2025.07.01	02:19:45.575		0.85832			4
2025.07.01	02:19:46.740		0.85831			4
2025.07.01	02:19:47.067		0.85832			4
2025.07.01	02:19:52.628	0.85829	0.85833			6
2025.07.01	02:19:53.962		0.85832			4
2025.07.01	02:19:54.337		0.85833			4
2025.07.01	02:19:54.704		0.85832			4
2025.07.01	02:19:55.617		0.85833			4
2025.07.01	02:19:56.057		0.85832			4
2025.07.01	02:19:56.401		0.85833			4
2025.07.01	02:19:57.040		0.85832			4
2025.07.01	02:19:59.543		0.85833			4
2025.07.01	02:20:00.303	0.85829				2
2025.07.01	02:20:00.654		0.85832			4
2025.07.01	02:20:07.768		0.85831			4
2025.07.01	02:20:10.808	0.85828	0.85830			6
2025.07.01	02:20:11.121	0.85827				2
2025.07.01	02:20:20.277	0.85826	0.85829			6
2025.07.01	02:20:22.876		0.85828			4
2025.07.01	02:20:23.659	0.85827	0.85829			6
2025.07.01	02:20:33.063		0.85830			4
2025.07.01	02:20:38.987		0.85829			4
2025.07.01	02:20:40.183	0.85826	0.85830			6
2025.07.01	02:20:40.625		0.85829			4
2025.07.01	02:20:41.687		0.85830			4
2025.07.01	02:20:49.178	0.85827				2
2025.07.01	02:20:53.317		0.85831			4
2025.07.01	02:21:00.394	0.85827				2
2025.07.01	02:21:04.081	0.85829	0.85832			6
2025.07.01	02:21:14.025	0.85827	0.85830			6
2025.07.01	02:21:15.158		0.85829			4
2025.07.01	02:21:22.019	0.85826				2
2025.07.01	02:21:32.248	0.85825				2
2025.07.01	02:21:37.999	0.85827	0.85831			6
2025.07.01	02:21:43.668	0.85826				2
2025.07.01	02:21:45.404	0.85828				2
2025.07.01	02:22:00.412	0.85828				2
2025.07.01	02:22:03.429	0.85827				2
2025.07.01	02:22:39.277		0.85831			4
2025.07.01	02:22:54.161		0.85830			4
2025.07.01	02:22:59.994		0.85832			4
2025.07.01	02:23:00.299	0.85827	0.85831			6
2025.07.01	02:23:00.637		0.85830			4
2025.07.01	02:23:10.040	0.85829	0.85833			6
2025.07.01	02:23:10.397	0.85828				2
2025.07.01	02:23:15.890		0.85832			4
2025.07.01	02:23:16.195		0.85831			4
2025.07.01	02:23:16.510	0.85827				2
2025.07.01	02:23:32.605	0.85826				2
2025.07.01	02:23:54.807		0.85830			4
2025.07.01	02:24:00.785	0.85826				2
2025.07.01	02:24:05.892		0.85831			4
2025.07.01	02:24:07.191		0.85830			4
2025.07.01	02:24:20.894		0.85829			4
2025.07.01	02:24:27.599	0.85825				2
2025.07.01	02:24:58.396	0.85826				2
2025.07.01	02:25:00.477	0.85826				2
2025.07.01	02:25:02.376	0.85825	0.85828			6
2025.07.01	02:25:05.962		0.85829			4
2025.07.01	02:25:16.185		0.85828			4
2025.07.01	02:25:17.929		0.85829			4
2025.07.01	02:25:18.361		0.85828			4
2025.07.01	02:25:38.169	0.85829	0.85831			6
2025.07.01	02:25:38.558	0.85828				2
2025.07.01	02:25:40.365	0.85827				2
2025.07.01	02:25:40.671		0.85830			4
2025.07.01	02:25:49.691	0.85828	0.85831			6
2025.07.01	02:25:53.049	0.85825	0.85829			6
2025.07.01	02:25:53.414	0.85826	0.85830			6
2025.07.01	02:25:53.721	0.85825				2
2025.07.01	02:25:56.251		0.85828			4
2025.07.01	02:26:00.359	0.85825				2
2025.07.01	02:26:02.303	0.85826	0.85830			6
2025.07.01	02:26:02.679	0.85824	0.85829			6
2025.07.01	02:26:10.056	0.85825				2
2025.07.01	02:26:11.760	0.85826				2
2025.07.01	02:26:32.248	0.85825				2
2025.07.01	02:26:39.443	0.85827	0.85830			6
2025.07.01	02:26:41.495	0.85828	0.85831			6
2025.07.01	02:26:41.810	0.85827				2
2025.07.01	02:27:00.265	0.85827				2
2025.07.01	02:27:18.743	0.85828				2
2025.07.01	02:27:31.306		0.85832			4
2025.07.01	02:27:31.846		0.85831			4
2025.07.01	02:27:32.958		0.85832			4
2025.07.01	02:27:33.362		0.85831			4
2025.07.01	02:28:00.282	0.85828				2
2025.07.01	02:28:01.762	0.85827				2
2025.07.01	02:28:23.767	0.85828				2
2025.07.01	02:28:34.589		0.85831			4
2025.07.01	02:28:42.225	0.85827				2
2025.07.01	02:28:52.370	0.85826				2
2025.07.01	02:28:52.938	0.85827				2
2025.07.01	02:29:00.194	0.85827				2
2025.07.01	02:29:02.961		0.85832			4
2025.07.01	02:29:03.281	0.85828	0.85833			6
2025.07.01	02:29:13.261		0.85832			4
2025.07.01	02:29:14.762	0.85829	0.85834			6
2025.07.01	02:29:15.326	0.85828	0.85833			6
2025.07.01	02:29:37.402		0.85832			4
2025.07.01	02:29:51.814	0.85830	0.85833			6
2025.07.01	02:30:02.332	0.85830				2
2025.07.01	02:30:03.093	0.85829	0.85832			6
2025.07.01	02:30:11.865		0.85831			4
2025.07.01	02:30:16.304	0.85830	0.85832			6
2025.07.01	02:30:18.010		0.85833			4
2025.07.01	02:30:22.041	0.85831				2
2025.07.01	02:30:35.502		0.85832			4
2025.07.01	02:30:36.496	0.85830	0.85833			6
2025.07.01	02:30:37.126		0.85832			4
2025.07.01	02:30:37.589	0.85829	0.85833			6
2025.07.01	02:30:42.912		0.85831			4
2025.07.01	02:30:43.356		0.85830			4
2025.07.01	02:31:01.874	0.85828				2
2025.07.01	02:31:18.416	0.85827	0.85828			6
2025.07.01	02:31:20.232		0.85829			4
2025.07.01	02:31:28.844	0.85826	0.85828			6
2025.07.01	02:31:29.508	0.85825				2
2025.07.01	02:31:44.577		0.85829			4
2025.07.01	02:31:44.879		0.85827			4
2025.07.01	02:31:45.720	0.85824				2
2025.07.01	02:31:47.378	0.85825				2
2025.07.01	02:31:49.794	0.85826	0.85828			6
2025.07.01	02:31:50.104	0.85825				2
2025.07.01	02:31:50.427	0.85826				2
2025.07.01	02:31:52.964		0.85827			4
2025.07.01	02:32:07.019	0.85826				2
2025.07.01	02:32:11.475	0.85825				2
2025.07.01	02:32:30.345	0.85827	0.85830			6
2025.07.01	02:32:30.668	0.85825	0.85826			6
2025.07.01	02:32:31.359	0.85824				2
2025.07.01	02:32:39.626	0.85826	0.85828			6
2025.07.01	02:32:40.351	0.85825				2
2025.07.01	02:33:00.277	0.85825				2
2025.07.01	02:33:09.716	0.85824	0.85826			6
2025.07.01	02:33:11.842		0.85827			4
2025.07.01	02:33:12.147		0.85828			4
2025.07.01	02:33:12.579		0.85829			4
2025.07.01	02:33:20.448	0.85826				2
2025.07.01	02:33:20.766	0.85825				2
2025.07.01	02:33:25.017	0.85824	0.85827			6
2025.07.01	02:33:34.737	0.85825				2
2025.07.01	02:33:45.207	0.85824				2
2025.07.01	02:33:50.513	0.85825	0.85829			6
2025.07.01	02:33:59.077	0.85826				2
2025.07.01	02:34:00.388	0.85826				2
2025.07.01	02:34:12.842	0.85827	0.85830			6
2025.07.01	02:34:13.683	0.85826				2
2025.07.01	02:34:42.323	0.85825				2
2025.07.01	02:34:43.357		0.85829			4
2025.07.01	02:34:53.516	0.85826				2
2025.07.01	02:35:01.414	0.85826				2
2025.07.01	02:35:28.130	0.85825				2
2025.07.01	02:35:34.411	0.85826				2
2025.07.01	02:35:36.798		0.85830			4
2025.07.01	02:35:39.055	0.85825	0.85827			6
2025.07.01	02:35:39.361		0.85829			4
2025.07.01	02:35:41.462	0.85826				2
2025.07.01	02:36:00.144	0.85826				2
2025.07.01	02:36:04.658	0.85825	0.85827			6
2025.07.01	02:36:14.321	0.85826	0.85829			6
2025.07.01	02:36:14.648	0.85823	0.85824			6
2025.07.01	02:36:15.021	0.85822	0.85823			6
2025.07.01	02:36:15.407	0.85821	0.85822			6
2025.07.01	02:36:30.139	0.85818	0.85820			6
2025.07.01	02:36:30.460	0.85819	0.85823			6
2025.07.01	02:36:30.779		0.85822			4
2025.07.01	02:36:31.198	0.85820				2
2025.07.01	02:36:32.286		0.85823			4
2025.07.01	02:36:39.589	0.85821	0.85824			6
2025.07.01	02:36:43.601	0.85820	0.85823			6
2025.07.01	02:36:44.587	0.85821	0.85824			6
2025.07.01	02:37:01.643	0.85821				2
2025.07.01	02:37:21.403	0.85822				2
2025.07.01	02:37:30.356	0.85821	0.85825			6
2025.07.01	02:37:30.662		0.85826			4
2025.07.01	02:37:31.587	0.85822	0.85825			6
2025.07.01	02:37:34.105		0.85824			4
2025.07.01	02:37:34.778		0.85825			4
2025.07.01	02:37:35.302	0.85823	0.85826			6
2025.07.01	02:38:00.460	0.85823				2
2025.07.01	02:38:00.877	0.85822	0.85825			6
2025.07.01	02:38:22.935	0.85823				2
2025.07.01	02:38:28.592		0.85826			4
2025.07.01	02:38:32.378	0.85824				2
2025.07.01	02:38:48.519	0.85823				2
2025.07.01	02:38:52.423	0.85824	0.85827			6
2025.07.01	02:39:00.420	0.85824				2
2025.07.01	02:39:08.010	0.85823	0.85826			6
2025.07.01	02:39:18.636	0.85824	0.85827			6
2025.07.01	02:39:26.146		0.85826			4
2025.07.01	02:39:26.503		0.85827			4
2025.07.01	02:39:40.405	0.85823	0.85826			6
2025.07.01	02:39:50.962		0.85825			4
2025.07.01	02:40:01.101	0.85823				2
2025.07.01	02:40:35.905	0.85824				2
2025.07.01	02:40:49.254	0.85823	0.85827			6
2025.07.01	02:40:53.287		0.85826			4
2025.07.01	02:40:54.421	0.85822	0.85825			6
2025.07.01	02:40:56.286	0.85823				2
2025.07.01	02:40:59.223		0.85824			4
2025.07.01	02:41:00.576	0.85822				2
2025.07.01	02:41:01.387		0.85823			4
2025.07.01	02:41:01.692		0.85824			4
2025.07.01	02:41:02.608		0.85823			4
2025.07.01	02:41:04.147		0.85824			4
2025.07.01	02:41:04.911		0.85823			4
2025.07.01	02:41:05.356		0.85824			4
2025.07.01	02:41:05.659		0.85823			4
2025.07.01	02:41:06.096	0.85823	0.85824			6
2025.07.01	02:41:08.281	0.85822				2
2025.07.01	02:41:15.156	0.85823	0.85826			6
2025.07.01	02:41:15.771		0.85825			4
2025.07.01	02:41:16.097	0.85821	0.85824			6
2025.07.01	02:41:16.421	0.85820	0.85822			6
2025.07.01	02:41:16.730		0.85823			4
2025.07.01	02:41:19.552	0.85819	0.85822			6
2025.07.01	02:42:00.113	0.85819				2
2025.07.01	02:42:16.073		0.85823			4
2025.07.01	02:42:17.290		0.85822			4
2025.07.01	02:42:17.612		0.85823			4
2025.07.01	02:42:51.761		0.85822			4
2025.07.01	02:43:00.202	0.85819				2
2025.07.01	02:43:31.228		0.85821			4
2025.07.01	02:43:37.031	0.85818				2
2025.07.01	02:43:47.596	0.85819				2
2025.07.01	02:44:00.405	0.85819				2
2025.07.01	02:44:09.628	0.85818				2
2025.07.01	02:44:10.291	0.85819				2
2025.07.01	02:44:15.319		0.85822			4
2025.07.01	02:44:17.828	0.85818				2
2025.07.01	02:44:30.404		0.85821			4
2025.07.01	02:44:57.960		0.85822			4
2025.07.01	02:44:58.298	0.85819				2
2025.07.01	02:45:00.368	0.85818				2
2025.07.01	02:45:01.721	0.85819	0.85820			6
2025.07.01	02:45:11.332	0.85817	0.85819			6
2025.07.01	02:45:17.120	0.85816				2
2025.07.01	02:45:17.813	0.85817				2
2025.07.01	02:45:18.995	0.85816				2
2025.07.01	02:45:19.310	0.85819	0.85823			6
2025.07.01	02:45:29.317		0.85822			4
2025.07.01	02:45:32.170		0.85820			4
2025.07.01	02:45:32.951	0.85818				2
2025.07.01	02:45:40.070	0.85819	0.85822			6
2025.07.01	02:45:40.375		0.85820			4
2025.07.01	02:45:44.308	0.85815	0.85818			6
2025.07.01	02:46:03.993	0.85815				2
2025.07.01	02:46:05.460	0.85814	0.85816			6
2025.07.01	02:46:15.308		0.85817			4
2025.07.01	02:46:15.799		0.85816			4
2025.07.01	02:46:24.615		0.85818			4
2025.07.01	02:46:26.679		0.85817			4
2025.07.01	02:46:27.659	0.85815	0.85818			6
2025.07.01	02:46:52.289	0.85816	0.85819			6
2025.07.01	02:47:00.508	0.85816				2
2025.07.01	02:47:01.468		0.85821			4
2025.07.01	02:47:04.645	0.85817				2
2025.07.01	02:47:06.276	0.85816				2
2025.07.01	02:47:07.716	0.85817				2
2025.07.01	02:47:14.146		0.85822			4
2025.07.01	02:47:14.463	0.85818				2
2025.07.01	02:47:15.983		0.85823			4
2025.07.01	02:47:20.011		0.85822			4
2025.07.01	02:47:25.065	0.85817				2
2025.07.01	02:47:28.227	0.85818	0.85823			6
2025.07.01	02:47:35.969	0.85816	0.85818			6
2025.07.01	02:47:36.282		0.85819			4
2025.07.01	02:47:51.970		0.85820			4
2025.07.01	02:47:52.283		0.85819			4
2025.07.01	02:47:57.379		0.85820			4
2025.07.01	02:48:00.438	0.85817	0.85821			6
2025.07.01	02:48:00.987		0.85820			4
2025.07.01	02:48:07.478		0.85821			4
2025.07.01	02:48:12.281	0.85818				2
2025.07.01	02:48:15.073		0.85820			4
2025.07.01	02:49:00.973	0.85818				2
2025.07.01	02:49:15.238	0.85819	0.85822			6
2025.07.01	02:49:15.541		0.85821			4
2025.07.01	02:49:15.853		0.85822			4
2025.07.01	02:49:16.172		0.85821			4
2025.07.01	02:49:32.979		0.85822			4
2025.07.01	02:49:37.333		0.85821			4
2025.07.01	02:49:40.386		0.85822			4
2025.07.01	02:49:44.376		0.85823			4
2025.07.01	02:49:46.095	0.85820				2
2025.07.01	02:49:50.913	0.85819				2
2025.07.01	02:49:51.256		0.85822			4
2025.07.01	02:50:00.276	0.85819	0.85823			6
2025.07.01	02:50:01.522		0.85822			4
2025.07.01	02:50:02.825		0.85821			4
2025.07.01	02:50:03.321	0.85818				2
2025.07.01	02:50:04.603	0.85819				2
2025.07.01	02:50:04.967	0.85820	0.85822			6
2025.07.01	02:50:06.060	0.85821				2
2025.07.01	02:50:06.667		0.85823			4
2025.07.01	02:50:07.162		0.85822			4
2025.07.01	02:50:07.793		0.85823			4
2025.07.01	02:50:09.326	0.85820				2
2025.07.01	02:50:09.641		0.85822			4
2025.07.01	02:50:11.835	0.85821	0.85823			6
2025.07.01	02:50:12.234		0.85822			4
2025.07.01	02:50:14.478	0.85822	0.85823			6
2025.07.01	02:50:15.158	0.85820	0.85822			6
2025.07.01	02:50:15.466	0.85821	0.85823			6
2025.07.01	02:50:16.575	0.85822	0.85824			6
2025.07.01	02:50:17.458	0.85821	0.85823			6
2025.07.01	02:50:17.918		0.85824			4
2025.07.01	02:50:18.219		0.85823			4
2025.07.01	02:50:19.057	0.85822				2
2025.07.01	02:50:19.943		0.85824			4
2025.07.01	02:50:20.252		0.85823			4
2025.07.01	02:50:21.044		0.85824			4
2025.07.01	02:50:25.038	0.85820	0.85823			6
2025.07.01	02:50:28.774	0.85821				2
2025.07.01	02:50:31.455	0.85820	0.85822			6
2025.07.01	02:50:39.794	0.85819	0.85821			6
2025.07.01	02:50:43.364	0.85822	0.85824			6
2025.07.01	02:51:00.481	0.85821	0.85823			6
2025.07.01	02:51:03.197		0.85824			4
2025.07.01	02:51:03.507		0.85823			4
2025.07.01	02:51:06.011		0.85824			4
2025.07.01	02:51:06.362		0.85823			4
2025.07.01	02:51:07.931		0.85824			4
2025.07.01	02:51:08.459	0.85822				2
2025.07.01	02:51:12.110	0.85821	0.85823			6
2025.07.01	02:51:12.488	0.85822	0.85824			6
2025.07.01	02:51:12.857		0.85823			4
2025.07.01	02:51:13.833	0.85821				2
2025.07.01	02:51:14.157		0.85824			4
2025.07.01	02:51:14.547	0.85822	0.85823			6
2025.07.01	02:51:16.407	0.85821	0.85824			6
2025.07.01	02:51:17.480	0.85822				2
2025.07.01	02:51:17.908		0.85823			4
2025.07.01	02:51:18.341	0.85821				2
2025.07.01	02:51:18.738	0.85820				2
2025.07.01	02:51:19.214	0.85821				2
2025.07.01	02:51:21.526	0.85820	0.85822			6
2025.07.01	02:51:21.837		0.85821			4
2025.07.01	02:51:22.463	0.85819				2
2025.07.01	02:51:22.948	0.85821	0.85822			6
2025.07.01	02:51:23.281		0.85823			4
2025.07.01	02:51:23.596		0.85822			4
2025.07.01	02:51:25.569	0.85820				2
2025.07.01	02:51:28.690	0.85821				2
2025.07.01	02:51:35.257	0.85820				2
2025.07.01	02:51:35.981	0.85821				2
2025.07.01	02:51:36.421	0.85820				2
2025.07.01	02:51:36.745	0.85821				2
2025.07.01	02:51:37.210	0.85820				2
2025.07.01	02:51:37.604	0.85821				2
2025.07.01	02:51:37.910	0.85820				2
2025.07.01	02:51:41.194	0.85819	0.85821			6
2025.07.01	02:51:41.592	0.85820	0.85822			6
2025.07.01	02:51:42.207	0.85821				2
2025.07.01	02:51:49.458	0.85820				2
2025.07.01	02:51:59.235	0.85825	0.85827			6
2025.07.01	02:52:00.317	0.85825				2
2025.07.01	02:52:00.667		0.85826			4
2025.07.01	02:52:03.429		0.85827			4
2025.07.01	02:52:06.196		0.85826			4
2025.07.01	02:52:08.444	0.85826	0.85827			6
2025.07.01	02:52:13.198	0.85825				2
2025.07.01	02:52:20.623	0.85826	0.85828			6
2025.07.01	02:52:22.176	0.85825				2
2025.07.01	02:52:24.426		0.85827			4
2025.07.01	02:52:25.475	0.85826	0.85828			6
2025.07.01	02:52:35.035		0.85827			4
2025.07.01	02:52:35.615		0.85828			4
2025.07.01	02:52:37.311		0.85827			4
2025.07.01	02:52:37.616		0.85828			4
2025.07.01	02:52:38.557	0.85825				2
2025.07.01	02:52:38.894		0.85827			4
2025.07.01	02:52:39.376	0.85826				2
2025.07.01	02:52:40.374		0.85829			4
2025.07.01	02:52:40.679	0.85827	0.85830			6
2025.07.01	02:52:42.408		0.85829			4
2025.07.01	02:52:51.441	0.85829	0.85830			6
2025.07.01	02:52:53.135	0.85827				2
2025.07.01	02:52:54.881		0.85829			4
2025.07.01	02:52:58.500	0.85828				2
2025.07.01	02:53:00.380	0.85828				2
2025.07.01	02:53:11.158	0.85829	0.85830			6
2025.07.01	02:53:22.889	0.85827	0.85829			6
2025.07.01	02:53:25.073	0.85826				2
2025.07.01	02:53:32.943		0.85828			4
2025.07.01	02:53:35.491	0.85827	0.85829			6
2025.07.01	02:53:36.830	0.85825	0.85828			6
2025.07.01	02:53:41.266		0.85827			4
2025.07.01	02:53:44.467	0.85826				2
2025.07.01	02:53:46.250	0.85825				2
2025.07.01	02:53:49.798	0.85826	0.85828			6
2025.07.01	02:53:50.116	0.85827	0.85829			6
2025.07.01	02:53:50.419		0.85828			4
2025.07.01	02:53:50.811	0.85826				2
2025.07.01	02:54:01.784	0.85826				2
2025.07.01	02:54:14.397		0.85827			4
2025.07.01	02:54:15.705	0.85829	0.85830			6
2025.07.01	02:54:16.661	0.85827	0.85828			6
2025.07.01	02:54:17.030		0.85829			4
2025.07.01	02:54:20.198		0.85828			4
2025.07.01	02:54:21.377	0.85828	0.85829			6
2025.07.01	02:54:23.370		0.85830			4
2025.07.01	02:54:26.043	0.85829				2
2025.07.01	02:54:35.289	0.85827				2
2025.07.01	02:54:41.404	0.85828				2
2025.07.01	02:54:44.123	0.85827				2
2025.07.01	02:54:44.428	0.85828				2
2025.07.01	02:54:45.151	0.85827				2
2025.07.01	02:54:47.366		0.85829			4
2025.07.01	02:54:53.061		0.85830			4
2025.07.01	02:54:53.598		0.85829			4
2025.07.01	02:54:53.940		0.85830			4
2025.07.01	02:54:54.744		0.85829			4
2025.07.01	02:55:00.615	0.85827	0.85830			6
2025.07.01	02:55:07.620		0.85829			4
2025.07.01	02:55:10.368		0.85830			4
2025.07.01	02:55:19.683		0.85829			4
2025.07.01	02:55:33.333	0.85826				2
2025.07.01	02:56:00.428	0.85826				2
2025.07.01	02:56:12.205	0.85825	0.85828			6
2025.07.01	02:56:13.524	0.85826	0.85827			6
2025.07.01	02:56:13.841	0.85827	0.85829			6
2025.07.01	02:56:14.411	0.85826				2
2025.07.01	02:56:15.120	0.85829	0.85830			6
2025.07.01	02:56:17.042		0.85831			4
2025.07.01	02:56:18.937		0.85830			4
2025.07.01	02:56:21.291		0.85831			4
2025.07.01	02:56:21.936		0.85830			4
2025.07.01	02:56:22.239	0.85826	0.85829			6
2025.07.01	02:56:22.543	0.85828				2
2025.07.01	02:56:22.859		0.85831			4
2025.07.01	02:56:23.179	0.85829	0.85830			6
2025.07.01	02:56:25.344	0.85828	0.85829			6
2025.07.01	02:56:26.240	0.85829	0.85831			6
2025.07.01	02:56:39.150	0.85830				2
2025.07.01	02:56:48.926	0.85827	0.85829			6
2025.07.01	02:56:51.058		0.85830			4
2025.07.01	02:56:56.886		0.85829			4
2025.07.01	02:57:00.340	0.85827				2
2025.07.01	02:57:03.138		0.85830			4
2025.07.01	02:57:04.222	0.85828				2
2025.07.01	02:57:04.571	0.85830	0.85831			6
2025.07.01	02:57:05.291	0.85828				2
2025.07.01	02:57:05.599	0.85829				2
2025.07.01	02:57:06.247	0.85832	0.85834			6
2025.07.01	02:57:06.563	0.85833				2
2025.07.01	02:57:06.878	0.85834	0.85835			6
2025.07.01	02:57:10.502	0.85833	0.85834			6
2025.07.01	02:57:13.251	0.85832				2
2025.07.01	02:57:13.561		0.85833			4
2025.07.01	02:57:14.531	0.85831				2
2025.07.01	02:57:18.415		0.85832			4
2025.07.01	02:57:22.066		0.85833			4
2025.07.01	02:57:25.704		0.85832			4
2025.07.01	02:57:32.080	0.85830	0.85831			6
2025.07.01	02:57:56.791	0.85831	0.85832			6
2025.07.01	02:57:58.142	0.85832	0.85834			6
2025.07.01	02:57:58.460		0.85835			4
2025.07.01	02:57:58.874	0.85835	0.85837			6
2025.07.01	02:58:00.051	0.85835				2
2025.07.01	02:58:00.418		0.85838			4
2025.07.01	02:58:00.721	0.85839	0.85840			6
2025.07.01	02:58:01.029	0.85840	0.85841			6
2025.07.01	02:58:02.051	0.85841	0.85842			6
2025.07.01	02:58:06.489	0.85840				2
2025.07.01	02:58:06.814	0.85841				2
2025.07.01	02:58:09.003	0.85840				2
2025.07.01	02:58:09.400	0.85841	0.85843			6
2025.07.01	02:58:11.230	0.85840				2
2025.07.01	02:58:17.378	0.85841				2
2025.07.01	02:58:24.681	0.85842				2
2025.07.01	02:58:25.883	0.85843	0.85844			6
2025.07.01	02:58:26.275	0.85841				2
2025.07.01	02:58:26.903		0.85845			4
2025.07.01	02:58:27.223	0.85842	0.85844			6
2025.07.01	02:58:27.549		0.85843			4
2025.07.01	02:58:29.413	0.85841				2
2025.07.01	02:58:32.209		0.85842			4
2025.07.01	02:58:32.582	0.85837	0.85839			6
2025.07.01	02:58:34.113	0.85836	0.85837			6
2025.07.01	02:58:34.423	0.85832	0.85834			6
2025.07.01	02:58:34.784	0.85833				2
2025.07.01	02:58:37.595	0.85834	0.85836			6
2025.07.01	02:58:37.937	0.85833				2
2025.07.01	02:58:48.880	0.85834	0.85835			6
2025.07.01	02:58:54.366		0.85836			4
2025.07.01	02:59:02.637	0.85834				2
2025.07.01	02:59:06.341	0.85835	0.85838			6
2025.07.01	02:59:07.250	0.85834	0.85837			6
2025.07.01	02:59:08.662	0.85835				2
2025.07.01	02:59:24.406	0.85837	0.85838			6
2025.07.01	02:59:25.379		0.85840			4
2025.07.01	02:59:25.681	0.85839	0.85841			6
2025.07.01	02:59:27.158	0.85838				2
2025.07.01	02:59:28.488	0.85839	0.85842			6
2025.07.01	02:59:33.646	0.85838	0.85841			6
2025.07.01	02:59:34.144	0.85836	0.85838			6
2025.07.01	02:59:44.916	0.85838	0.85839			6
2025.07.01	02:59:45.267	0.85837	0.85838			6
2025.07.01	02:59:57.296	0.85838	0.85839			6
2025.07.01	03:00:00.347	0.85835	0.85837			6
2025.07.01	03:00:01.073	0.85834				2
2025.07.01	03:00:01.380		0.85835			4
2025.07.01	03:00:01.681		0.85836			4
2025.07.01	03:00:03.500	0.85835	0.85837			6
2025.07.01	03:00:03.801	0.85832	0.85834			6
2025.07.01	03:00:04.429	0.85831	0.85833			6
2025.07.01	03:00:04.793		0.85834			4
2025.07.01	03:00:05.236		0.85833			4
2025.07.01	03:00:05.539	0.85832	0.85834			6
2025.07.01	03:00:07.836		0.85833			4
2025.07.01	03:00:14.450	0.85833	0.85835			6
2025.07.01	03:00:21.788	0.85834	0.85836			6
2025.07.01	03:00:23.401		0.85835			4
2025.07.01	03:00:24.627	0.85833				2
2025.07.01	03:00:24.930	0.85834				2
2025.07.01	03:00:25.267	0.85833				2
2025.07.01	03:00:27.827	0.85834				2
2025.07.01	03:00:32.053		0.85836			4
2025.07.01	03:00:32.723		0.85835			4
2025.07.01	03:00:34.162		0.85836			4
2025.07.01	03:00:35.615	0.85835				2
2025.07.01	03:00:36.960	0.85834				2
2025.07.01	03:00:38.235	0.85836	0.85839			6
2025.07.01	03:00:38.540	0.85835	0.85838			6
2025.07.01	03:00:39.160	0.85837				2
2025.07.01	03:00:39.783	0.85838	0.85839			6
2025.07.01	03:00:40.083	0.85837	0.85838			6
2025.07.01	03:00:40.389	0.85834	0.85835			6
2025.07.01	03:00:40.700	0.85833	0.85834			6
2025.07.01	03:00:41.004	0.85834	0.85835			6
2025.07.01	03:00:41.320	0.85833	0.85834			6
2025.07.01	03:00:41.658	0.85834	0.85835			6
2025.07.01	03:00:41.961	0.85835	0.85836			6
2025.07.01	03:00:43.570	0.85832	0.85833			6
2025.07.01	03:00:45.086	0.85833	0.85834			6
2025.07.01	03:00:46.224	0.85831	0.85832			6
2025.07.01	03:00:46.561	0.85832	0.85833			6
2025.07.01	03:00:48.871		0.85834			4
2025.07.01	03:00:49.183	0.85834	0.85835			6
2025.07.01	03:00:49.934	0.85833	0.85834			6
2025.07.01	03:00:50.938	0.85834	0.85835			6
2025.07.01	03:00:51.912	0.85833	0.85834			6
2025.07.01	03:00:52.255	0.85834	0.85835			6
2025.07.01	03:00:54.857	0.85833	0.85834			6
2025.07.01	03:00:55.553	0.85832	0.85833			6
2025.07.01	03:00:56.868	0.85833	0.85834			6
2025.07.01	03:00:57.407	0.85832	0.85833			6
2025.07.01	03:01:00.240	0.85833	0.85834			6
2025.07.01	03:01:02.501	0.85831	0.85832			6
2025.07.01	03:01:06.903	0.85832	0.85833			6
2025.07.01	03:01:07.220	0.85834	0.85835			6
2025.07.01	03:01:10.750	0.85832	0.85833			6
2025.07.01	03:01:11.056	0.85831	0.85832			6
2025.07.01	03:01:18.737		0.85834			4
2025.07.01	03:01:19.466	0.85832				2
2025.07.01	03:01:20.548	0.85833				2
2025.07.01	03:01:20.954		0.85835			4
2025.07.01	03:01:21.266	0.85834				2
2025.07.01	03:01:22.230	0.85833	0.85834			6
2025.07.01	03:01:23.842	0.85832				2
2025.07.01	03:01:25.290	0.85833				2
2025.07.01	03:01:27.025		0.85835			4
2025.07.01	03:01:27.408		0.85834			4
2025.07.01	03:01:27.738	0.85832	0.85835			6
2025.07.01	03:01:28.055		0.85834			4
2025.07.01	03:01:28.435	0.85833	0.85835			6
2025.07.01	03:01:29.730		0.85834			4
2025.07.01	03:01:30.365		0.85835			4
2025.07.01	03:01:30.781	0.85834				2
2025.07.01	03:01:35.280	0.85832				2
2025.07.01	03:01:38.599	0.85833				2
2025.07.01	03:01:40.129	0.85832				2
2025.07.01	03:01:41.113	0.85833				2
2025.07.01	03:01:48.630	0.85834				2
2025.07.01	03:01:53.346	0.85832				2
2025.07.01	03:01:57.222	0.85833				2
2025.07.01	03:01:59.407		0.85834			4
2025.07.01	03:02:00.013	0.85833				2
2025.07.01	03:02:02.483	0.85831				2
2025.07.01	03:02:04.303	0.85832				2
2025.07.01	03:02:04.656	0.85831	0.85833			6
2025.07.01	03:02:04.960	0.85832				2
2025.07.01	03:02:05.263	0.85831	0.85834			6
2025.07.01	03:02:05.613		0.85833			4
2025.07.01	03:02:05.918		0.85832			4
2025.07.01	03:02:06.239		0.85833			4
2025.07.01	03:02:06.975	0.85830				2
2025.07.01	03:02:07.278		0.85832			4
2025.07.01	03:02:08.456	0.85829	0.85830			6
2025.07.01	03:02:08.793	0.85827				2
2025.07.01	03:02:09.099		0.85829			4
2025.07.01	03:02:10.083	0.85826				2
2025.07.01	03:02:10.391	0.85823	0.85825			6
2025.07.01	03:02:10.699	0.85821	0.85824			6
2025.07.01	03:02:11.002	0.85823				2
2025.07.01	03:02:12.217		0.85825			4
2025.07.01	03:02:13.203	0.85824	0.85826			6
2025.07.01	03:02:15.926	0.85828	0.85830			6
2025.07.01	03:02:16.260		0.85829			4
2025.07.01	03:02:17.453	0.85826	0.85828			6
2025.07.01	03:02:17.782	0.85825				2
2025.07.01	03:02:19.854	0.85826	0.85829			6
2025.07.01	03:02:20.158		0.85827			4
2025.07.01	03:02:20.462	0.85825	0.85828			6
2025.07.01	03:02:21.552		0.85827			4
2025.07.01	03:02:21.856	0.85826				2
2025.07.01	03:02:22.699	0.85825				2
2025.07.01	03:02:23.004	0.85824				2
2025.07.01	03:02:25.031	0.85823	0.85825			6
2025.07.01	03:02:25.342	0.85824				2
2025.07.01	03:02:26.221	0.85823				2
2025.07.01	03:02:26.541	0.85825	0.85826			6
2025.07.01	03:02:26.861	0.85826	0.85827			6
2025.07.01	03:02:28.617	0.85823	0.85825			6
2025.07.01	03:02:29.433	0.85822				2
2025.07.01	03:02:29.765	0.85824				2
2025.07.01	03:02:32.422	0.85823	0.85824			6
2025.07.01	03:02:38.111	0.85822				2
2025.07.01	03:02:42.226		0.85823			4
2025.07.01	03:02:43.068	0.85824	0.85826			6
2025.07.01	03:02:43.379	0.85821	0.85823			6
2025.07.01	03:02:43.726		0.85824			4
2025.07.01	03:02:44.802		0.85823			4
2025.07.01	03:02:45.120		0.85824			4
2025.07.01	03:02:45.496		0.85823			4
2025.07.01	03:02:49.321	0.85825	0.85826			6
2025.07.01	03:02:54.345		0.85827			4
2025.07.01	03:02:54.672		0.85826			4
2025.07.01	03:02:55.315	0.85830	0.85831			6
2025.07.01	03:02:56.133	0.85829	0.85830			6
2025.07.01	03:02:56.780	0.85827	0.85829			6
2025.07.01	03:02:57.401		0.85828			4
2025.07.01	03:02:58.370	0.85825	0.85827			6
2025.07.01	03:02:58.845		0.85828			4
2025.07.01	03:02:59.383		0.85827			4
2025.07.01	03:03:00.353	0.85826	0.85828			6
2025.07.01	03:03:00.660	0.85824	0.85826			6
2025.07.01	03:03:01.404	0.85826	0.85827			6
2025.07.01	03:03:03.860	0.85825				2
2025.07.01	03:03:04.860		0.85826			4
2025.07.01	03:03:05.851		0.85827			4
2025.07.01	03:03:07.140	0.85826				2
2025.07.01	03:03:15.876		0.85828			4
2025.07.01	03:03:16.832	0.85827				2
2025.07.01	03:03:17.393	0.85828	0.85829			6
2025.07.01	03:03:17.895	0.85829	0.85830			6
2025.07.01	03:03:19.001	0.85828	0.85829			6
2025.07.01	03:03:19.302	0.85829	0.85830			6
2025.07.01	03:03:19.723	0.85828	0.85829			6
2025.07.01	03:03:20.349	0.85829	0.85830			6
2025.07.01	03:03:20.748	0.85828				2
2025.07.01	03:03:21.064	0.85826	0.85828			6
2025.07.01	03:03:21.372		0.85827			4
2025.07.01	03:03:21.680		0.85828			4
2025.07.01	03:03:23.000	0.85827				2
2025.07.01	03:03:24.024	0.85828	0.85829			6
2025.07.01	03:03:26.972	0.85827	0.85828			6
2025.07.01	03:03:27.277	0.85826	0.85827			6
2025.07.01	03:03:27.579	0.85827	0.85828			6
2025.07.01	03:03:27.880	0.85826				2
2025.07.01	03:03:28.581	0.85825				2
2025.07.01	03:03:29.340	0.85826				2
2025.07.01	03:03:30.316		0.85827			4
2025.07.01	03:03:31.095	0.85825				2
2025.07.01	03:03:31.491	0.85826				2
2025.07.01	03:03:31.876	0.85825				2
2025.07.01	03:03:32.476	0.85826				2
2025.07.01	03:03:34.982		0.85828			4
2025.07.01	03:03:35.294	0.85825				2
2025.07.01	03:03:36.003		0.85827			4
2025.07.01	03:03:36.366	0.85826				2
2025.07.01	03:03:37.039	0.85825				2
2025.07.01	03:03:39.474	0.85824				2
2025.07.01	03:03:43.663	0.85826	0.85829			6
2025.07.01	03:03:43.982		0.85828			4
2025.07.01	03:03:45.199	0.85827				2
2025.07.01	03:03:45.572	0.85826				2
2025.07.01	03:03:48.161	0.85827				2
2025.07.01	03:03:54.236	0.85826				2
2025.07.01	03:03:54.733	0.85827				2
2025.07.01	03:04:00.594	0.85827				2
2025.07.01	03:04:01.782	0.85828	0.85830			6
2025.07.01	03:04:03.272	0.85829				2
2025.07.01	03:04:03.777	0.85827	0.85828			6
2025.07.01	03:04:04.174		0.85829			4
2025.07.01	03:04:05.767	0.85828				2
2025.07.01	03:04:06.625	0.85827	0.85828			6
2025.07.01	03:04:07.002	0.85828	0.85829			6
2025.07.01	03:04:08.444	0.85827				2
2025.07.01	03:04:10.390	0.85826				2
2025.07.01	03:04:11.322	0.85827				2
2025.07.01	03:04:12.415	0.85826				2
2025.07.01	03:04:13.395	0.85829	0.85830			6
2025.07.01	03:04:14.412	0.85828	0.85829			6
2025.07.01	03:04:15.146	0.85829	0.85830			6
2025.07.01	03:04:15.773	0.85828	0.85829			6
2025.07.01	03:04:17.522	0.85827				2
2025.07.01	03:04:18.612	0.85828				2
2025.07.01	03:04:19.009	0.85829	0.85830			6
2025.07.01	03:04:24.216	0.85830	0.85831			6
2025.07.01	03:04:25.056	0.85831	0.85832			6
2025.07.01	03:04:25.361	0.85830	0.85831			6
2025.07.01	03:04:27.091	0.85829				2
2025.07.01	03:04:29.725	0.85830				2
2025.07.01	03:04:30.126	0.85829				2
2025.07.01	03:04:31.025	0.85830				2
2025.07.01	03:04:31.502	0.85829				2
2025.07.01	03:04:34.512		0.85832			4
2025.07.01	03:04:35.361		0.85831			4
2025.07.01	03:04:36.002	0.85830				2
2025.07.01	03:04:37.086	0.85829				2
2025.07.01	03:04:39.200		0.85832			4
2025.07.01	03:04:39.955	0.85832	0.85833			6
2025.07.01	03:04:40.267	0.85830	0.85832			6
2025.07.01	03:04:41.877	0.85829	0.85831			6
2025.07.01	03:04:43.179		0.85832			4
2025.07.01	03:04:43.503	0.85832	0.85833			6
2025.07.01	03:04:43.857	0.85831	0.85834			6
2025.07.01	03:04:44.681		0.85833			4
2025.07.01	03:04:45.189	0.85832				2
2025.07.01	03:04:45.852	0.85831				2
2025.07.01	03:04:46.200	0.85832				2
2025.07.01	03:04:46.521	0.85831				2
2025.07.01	03:04:47.334	0.85832	0.85834			6
2025.07.01	03:04:47.640	0.85830	0.85833			6
2025.07.01	03:04:48.618	0.85832	0.85834			6
2025.07.01	03:04:49.257	0.85833				2
2025.07.01	03:04:49.559	0.85831	0.85832			6
2025.07.01	03:04:50.166	0.85832	0.85833			6
2025.07.01	03:04:51.075	0.85830				2
2025.07.01	03:04:59.541	0.85832	0.85834			6
2025.07.01	03:04:59.935	0.85831				2
2025.07.01	03:05:00.241	0.85831				2
2025.07.01	03:05:00.607	0.85830	0.85832			6
2025.07.01	03:05:00.924	0.85831	0.85833			6
2025.07.01	03:05:06.473	0.85830				2
2025.07.01	03:05:07.834	0.85831				2
2025.07.01	03:05:08.602	0.85832				2
2025.07.01	03:05:08.945	0.85831				2
2025.07.01	03:05:09.443	0.85832	0.85834			6
2025.07.01	03:05:09.759		0.85835			4
2025.07.01	03:05:11.833		0.85834			4
2025.07.01	03:05:12.939		0.85835			4
2025.07.01	03:05:16.036	0.85833				2
2025.07.01	03:05:16.423	0.85832				2
2025.07.01	03:05:17.029	0.85833				2
2025.07.01	03:05:21.358	0.85832	0.85834			6
2025.07.01	03:05:23.962		0.85835			4
2025.07.01	03:05:27.030	0.85833				2
2025.07.01	03:05:27.354	0.85834				2
2025.07.01	03:05:30.142		0.85836			4
2025.07.01	03:05:31.174	0.85835				2
2025.07.01	03:05:31.972	0.85836	0.85837			6
2025.07.01	03:05:32.359	0.85837	0.85838			6
2025.07.01	03:05:34.641	0.85835	0.85836			6
2025.07.01	03:05:35.723	0.85834				2
2025.07.01	03:05:36.112	0.85835				2
2025.07.01	03:05:37.982	0.85834				2
2025.07.01	03:05:40.318	0.85835				2
2025.07.01	03:05:40.674	0.85834	0.85835			6
2025.07.01	03:05:41.580	0.85835	0.85836			6
2025.07.01	03:05:45.046	0.85834	0.85835			6
2025.07.01	03:05:45.864	0.85835	0.85836			6
2025.07.01	03:05:49.462	0.85834				2
2025.07.01	03:05:49.914	0.85835				2
2025.07.01	03:05:50.745	0.85834				2
2025.07.01	03:05:55.920	0.85835				2
2025.07.01	03:05:59.147	0.85836	0.85837			6
2025.07.01	03:06:00.501	0.85836				2
2025.07.01	03:06:01.374	0.85834	0.85836			6
2025.07.01	03:06:05.268	0.85835				2
2025.07.01	03:06:06.068	0.85834				2
2025.07.01	03:06:06.384	0.85836	0.85837			6
2025.07.01	03:06:07.993	0.85835	0.85836			6
2025.07.01	03:06:15.544	0.85834	0.85835			6
2025.07.01	03:06:15.849	0.85833	0.85834			6
2025.07.01	03:06:18.742	0.85832				2
2025.07.01	03:06:19.274	0.85835	0.85836			6
2025.07.01	03:06:19.903	0.85834				2
2025.07.01	03:06:20.940	0.85833	0.85834			6
2025.07.01	03:06:23.335		0.85836			4
2025.07.01	03:06:23.649	0.85834				2
2025.07.01	03:06:23.976	0.85833				2
2025.07.01	03:06:26.407	0.85832	0.85833			6
2025.07.01	03:06:31.448	0.85831	0.85832			6
2025.07.01	03:06:32.020	0.85832	0.85833			6
2025.07.01	03:06:32.830	0.85831	0.85832			6
2025.07.01	03:06:44.913	0.85836	0.85837			6
2025.07.01	03:06:45.221	0.85837	0.85838			6
2025.07.01	03:06:45.574	0.85836	0.85837			6
2025.07.01	03:06:46.171	0.85837	0.85838			6
2025.07.01	03:06:46.732	0.85836	0.85837			6
2025.07.01	03:06:47.426	0.85837	0.85838			6
2025.07.01	03:06:52.598	0.85836	0.85837			6
2025.07.01	03:06:53.362	0.85835	0.85836			6
2025.07.01	03:06:56.706	0.85834	0.85835			6
2025.07.01	03:06:57.019	0.85832	0.85834			6
2025.07.01	03:06:58.126		0.85835			4
2025.07.01	03:06:59.366		0.85834			4
2025.07.01	03:07:00.471	0.85832				2
2025.07.01	03:07:01.972	0.85833				2
2025.07.01	03:07:02.373	0.85832				2
2025.07.01	03:07:04.633	0.85834	0.85836			6
2025.07.01	03:07:04.967	0.85833	0.85835			6
2025.07.01	03:07:05.270	0.85832				2
2025.07.01	03:07:05.579	0.85833				2
2025.07.01	03:07:07.234	0.85831	0.85834			6
2025.07.01	03:07:07.542	0.85832				2
2025.07.01	03:07:07.913		0.85835			4
2025.07.01	03:07:08.288	0.85833				2
2025.07.01	03:07:08.673		0.85834			4
2025.07.01	03:07:10.373		0.85835			4
2025.07.01	03:07:10.745	0.85832	0.85834			6
2025.07.01	03:07:12.173		0.85833			4
2025.07.01	03:07:14.124	0.85830	0.85832			6
2025.07.01	03:07:19.210	0.85831	0.85833			6
2025.07.01	03:07:19.522		0.85834			4
2025.07.01	03:07:20.406	0.85829	0.85832			6
2025.07.01	03:07:20.721	0.85828				2
2025.07.01	03:07:22.388		0.85831			4
2025.07.01	03:07:22.786	0.85829				2
2025.07.01	03:07:23.272	0.85828				2
2025.07.01	03:07:24.874	0.85829				2
2025.07.01	03:07:25.413	0.85828				2
2025.07.01	03:07:33.479	0.85830				2
2025.07.01	03:07:33.781	0.85829				2
2025.07.01	03:07:34.097	0.85830				2
2025.07.01	03:07:35.159	0.85831	0.85833			6
2025.07.01	03:07:37.041	0.85832	0.85834			6
2025.07.01	03:07:38.061	0.85831	0.85832			6
2025.07.01	03:07:38.796		0.85833			4
2025.07.01	03:07:40.123	0.85829	0.85831			6
2025.07.01	03:07:40.441	0.85831	0.85832			6
2025.07.01	03:07:41.617	0.85829	0.85831			6
2025.07.01	03:07:41.919	0.85830	0.85832			6
2025.07.01	03:07:45.673	0.85829				2
2025.07.01	03:07:46.275	0.85830	0.85831			6
2025.07.01	03:07:47.586	0.85832	0.85833			6
2025.07.01	03:07:48.153	0.85831	0.85832			6
2025.07.01	03:07:48.526	0.85832	0.85833			6
2025.07.01	03:07:48.952	0.85831				2
2025.07.01	03:07:49.540	0.85829	0.85831			6
2025.07.01	03:07:51.110	0.85830				2
2025.07.01	03:07:52.159	0.85831	0.85832			6
2025.07.01	03:07:52.465	0.85830	0.85831			6
2025.07.01	03:07:54.078		0.85833			4
2025.07.01	03:07:54.587		0.85832			4
2025.07.01	03:07:57.940	0.85831	0.85835			6
2025.07.01	03:07:58.873		0.85834			4
2025.07.01	03:07:59.180		0.85835			4
2025.07.01	03:07:59.800		0.85833			4
2025.07.01	03:08:00.103	0.85830	0.85831			6
2025.07.01	03:08:00.424	0.85831	0.85832			6
2025.07.01	03:08:01.243	0.85830	0.85831			6
2025.07.01	03:08:04.679		0.85832			4
2025.07.01	03:08:05.623	0.85831				2
2025.07.01	03:08:05.976	0.85830				2
2025.07.01	03:08:06.436	0.85831				2
2025.07.01	03:08:08.137	0.85830				2
2025.07.01	03:08:12.010	0.85831				2
2025.07.01	03:08:15.235	0.85829	0.85831			6
2025.07.01	03:08:16.356		0.85830			4
2025.07.01	03:08:17.923	0.85830	0.85831			6
2025.07.01	03:08:19.326		0.85832			4
2025.07.01	03:08:20.191		0.85831			4
2025.07.01	03:08:20.526	0.85829				2
2025.07.01	03:08:21.174	0.85830	0.85832			6
2025.07.01	03:08:21.481	0.85831				2
2025.07.01	03:08:21.815	0.85830	0.85831			6
2025.07.01	03:08:23.229	0.85831	0.85832			6
2025.07.01	03:08:23.849	0.85830				2
2025.07.01	03:08:25.020	0.85831	0.85833			6
2025.07.01	03:08:25.383	0.85830				2
2025.07.01	03:08:28.114	0.85831	0.85835			6
2025.07.01	03:08:28.438	0.85832				2
2025.07.01	03:08:28.879	0.85831	0.85834			6
2025.07.01	03:08:29.236	0.85832				2
2025.07.01	03:08:29.951	0.85833				2
2025.07.01	03:08:30.818		0.85835			4
2025.07.01	03:08:31.129	0.85832				2
2025.07.01	03:08:32.471	0.85833	0.85834			6
2025.07.01	03:08:34.346	0.85834	0.85835			6
2025.07.01	03:08:37.149	0.85831	0.85834			6
2025.07.01	03:08:37.458	0.85832				2
2025.07.01	03:08:38.338	0.85831				2
2025.07.01	03:08:38.660		0.85833			4
2025.07.01	03:08:38.995		0.85834			4
2025.07.01	03:08:41.717	0.85832				2
2025.07.01	03:08:42.324	0.85833				2
2025.07.01	03:08:43.137	0.85834	0.85835			6
2025.07.01	03:08:43.986	0.85833	0.85834			6
2025.07.01	03:08:49.783	0.85834	0.85836			6
2025.07.01	03:08:51.372		0.85835			4
2025.07.01	03:08:51.672	0.85833				2
2025.07.01	03:08:54.958	0.85834				2
2025.07.01	03:08:55.465	0.85833	0.85834			6
2025.07.01	03:08:55.863	0.85835	0.85836			6
2025.07.01	03:08:56.199	0.85834	0.85835			6
2025.07.01	03:08:58.399	0.85833	0.85834			6
2025.07.01	03:09:00.096	0.85834	0.85835			6
2025.07.01	03:09:00.711	0.85835	0.85836			6
2025.07.01	03:09:09.958	0.85834	0.85835			6
2025.07.01	03:09:10.261	0.85833				2
2025.07.01	03:09:10.564	0.85834				2
2025.07.01	03:09:12.321	0.85833				2
2025.07.01	03:09:14.665	0.85834				2
2025.07.01	03:09:14.995	0.85833				2
2025.07.01	03:09:15.726	0.85834				2
2025.07.01	03:09:18.603	0.85833				2
2025.07.01	03:09:18.932	0.85834				2
2025.07.01	03:09:19.307	0.85833				2
2025.07.01	03:09:21.805		0.85834			4
2025.07.01	03:09:35.838		0.85835			4
2025.07.01	03:09:42.941	0.85836	0.85837			6
