<DATE>	<TIME>	<BID>	<ASK>	<LAST>	<VOLUME>	<FLAGS>
2025.03.07	00:00:00.240	0.83647	0.83816			6
2025.03.07	00:00:00.738	0.83668	0.83769			6
2025.03.07	00:00:01.146	0.83628	0.83832			6
2025.03.07	00:01:00.240	0.83628				2
2025.03.07	00:01:01.149		0.83832			4
2025.03.07	00:01:30.305	0.83614	0.83818			6
2025.03.07	00:02:00.266	0.83614				2
2025.03.07	00:02:02.990	0.83612	0.83816			6
2025.03.07	00:02:51.122	0.83624	0.83828			6
2025.03.07	00:03:00.201	0.83624				2
2025.03.07	00:03:02.019	0.83644	0.83781			6
2025.03.07	00:03:06.256	0.83645	0.83780			6
2025.03.07	00:03:12.310	0.83602	0.83826			6
2025.03.07	00:03:22.534	0.83662	0.83812			6
2025.03.07	00:03:23.157	0.83660	0.83809			6
2025.03.07	00:03:25.579	0.83662	0.83811			6
2025.03.07	00:03:27.091	0.83663	0.83813			6
2025.03.07	00:03:31.026	0.83662	0.83812			6
2025.03.07	00:03:36.172	0.83660	0.83809			6
2025.03.07	00:03:41.620	0.83670	0.83833			6
2025.03.07	00:03:53.423	0.83669	0.83832			6
2025.03.07	00:03:59.777	0.83671	0.83834			6
2025.03.07	00:04:00.082	0.83671				2
2025.03.07	00:04:01.595	0.83672	0.83836			6
2025.03.07	00:04:01.899	0.83671	0.83834			6
2025.03.07	00:04:05.278	0.83672	0.83836			6
2025.03.07	00:04:05.581	0.83671	0.83834			6
2025.03.07	00:04:06.790	0.83672	0.83836			6
2025.03.07	00:04:07.094	0.83671	0.83834			6
2025.03.07	00:04:10.422	0.83672	0.83836			6
2025.03.07	00:04:10.725	0.83671	0.83834			6
2025.03.07	00:04:12.239	0.83672	0.83836			6
2025.03.07	00:04:12.540	0.83671	0.83834			6
2025.03.07	00:04:13.146	0.83670				2
2025.03.07	00:04:20.714	0.83672	0.83836			6
2025.03.07	00:04:27.073	0.83669	0.83832			6
2025.03.07	00:04:30.706	0.83681	0.83837			6
2025.03.07	00:04:31.008	0.83682	0.83839			6
2025.03.07	00:04:34.944	0.83622	0.83838			6
2025.03.07	00:05:00.602	0.83622				2
2025.03.07	00:05:06.078	0.83642				2
2025.03.07	00:05:08.068	0.83648				2
2025.03.07	00:05:09.065	0.83652				2
2025.03.07	00:05:10.050	0.83674				2
2025.03.07	00:05:10.416	0.83673				2
2025.03.07	00:05:11.408	0.83672				2
2025.03.07	00:05:12.356	0.83671				2
2025.03.07	00:05:16.358	0.83672				2
2025.03.07	00:05:18.361	0.83673				2
2025.03.07	00:05:20.366	0.83674				2
2025.03.07	00:05:21.897	0.83673				2
2025.03.07	00:05:25.772	0.83672				2
2025.03.07	00:05:27.355	0.83674				2
2025.03.07	00:05:30.483	0.83675				2
2025.03.07	00:05:30.924	0.83676				2
2025.03.07	00:05:31.553	0.83675				2
2025.03.07	00:05:32.369	0.83654				2
2025.03.07	00:05:35.147	0.83656	0.83841			6
2025.03.07	00:05:37.265	0.83655				2
2025.03.07	00:05:40.000	0.83673				2
2025.03.07	00:05:40.541	0.83671				2
2025.03.07	00:05:42.355	0.83670				2
2025.03.07	00:05:45.584	0.83671				2
2025.03.07	00:05:47.670	0.83670				2
2025.03.07	00:05:52.362	0.83672				2
2025.03.07	00:05:55.194	0.83673				2
2025.03.07	00:05:57.144	0.83674				2
2025.03.07	00:06:00.317	0.83673				2
2025.03.07	00:06:02.465	0.83671				2
2025.03.07	00:06:05.060	0.83655	0.83832			6
2025.03.07	00:06:05.365	0.83649				2
2025.03.07	00:06:05.779	0.83653	0.83826			6
2025.03.07	00:06:06.083	0.83650	0.83832			6
2025.03.07	00:06:06.402	0.83649	0.83831			6
2025.03.07	00:06:07.552	0.83650	0.83832			6
2025.03.07	00:06:08.466	0.83651				2
2025.03.07	00:06:08.967	0.83650				2
2025.03.07	00:06:09.285	0.83647	0.83837			6
2025.03.07	00:06:09.991	0.83646	0.83836			6
2025.03.07	00:06:10.977	0.83650	0.83831			6
2025.03.07	00:06:11.424	0.83646	0.83833			6
2025.03.07	00:06:11.725	0.83650	0.83830			6
2025.03.07	00:06:12.051	0.83645	0.83836			6
2025.03.07	00:06:12.372	0.83646	0.83835			6
2025.03.07	00:06:14.348	0.83650	0.83830			6
2025.03.07	00:06:14.704	0.83653	0.83826			6
2025.03.07	00:06:15.011	0.83650	0.83830			6
2025.03.07	00:06:15.313	0.83646	0.83835			6
2025.03.07	00:06:15.630	0.83648				2
2025.03.07	00:06:16.370	0.83651	0.83833			6
2025.03.07	00:06:17.347		0.83826			4
2025.03.07	00:06:17.849	0.83648	0.83833			6
2025.03.07	00:06:18.152	0.83653	0.83828			6
2025.03.07	00:06:18.465	0.83648	0.83833			6
2025.03.07	00:06:19.718	0.83653	0.83827			6
2025.03.07	00:06:20.028		0.83828			4
2025.03.07	00:06:20.346	0.83654				2
2025.03.07	00:06:20.979	0.83655				2
2025.03.07	00:06:21.585	0.83649	0.83832			6
2025.03.07	00:06:23.346	0.83655	0.83827			6
2025.03.07	00:06:23.780		0.83828			4
2025.03.07	00:06:24.088	0.83654	0.83827			6
2025.03.07	00:06:24.392		0.83828			4
2025.03.07	00:06:24.710	0.83649	0.83832			6
2025.03.07	00:06:25.348	0.83653	0.83827			6
2025.03.07	00:06:25.652	0.83649	0.83832			6
2025.03.07	00:06:49.349	0.83657	0.83839			6
2025.03.07	00:06:50.231	0.83659	0.83803			6
2025.03.07	00:06:50.571	0.83650	0.83804			6
2025.03.07	00:06:51.838	0.83653	0.83803			6
2025.03.07	00:06:53.780	0.83658				2
2025.03.07	00:06:57.576	0.83663	0.83804			6
2025.03.07	00:07:00.293	0.83662	0.83802			6
2025.03.07	00:07:01.350	0.83660				2
2025.03.07	00:07:03.570		0.83800			4
2025.03.07	00:07:06.849	0.83659	0.83795			6
2025.03.07	00:07:10.425		0.83785			4
2025.03.07	00:07:13.574	0.83660	0.83786			6
2025.03.07	00:07:20.906	0.83659	0.83785			6
2025.03.07	00:07:21.411	0.83658				2
2025.03.07	00:07:30.359		0.83784			4
2025.03.07	00:07:31.533		0.83781			4
2025.03.07	00:07:35.912	0.83659				2
2025.03.07	00:07:36.356	0.83658				2
2025.03.07	00:08:19.417	0.83658				2
2025.03.07	00:08:19.919	0.83659	0.83782			6
2025.03.07	00:08:20.223	0.83657	0.83781			6
2025.03.07	00:08:22.353	0.83658	0.83780			6
2025.03.07	00:08:28.231	0.83665	0.83794			6
2025.03.07	00:08:29.271		0.83793			4
2025.03.07	00:08:29.771		0.83789			4
2025.03.07	00:08:31.605		0.83788			4
2025.03.07	00:08:32.355	0.83666	0.83787			6
2025.03.07	00:08:38.359	0.83673	0.83785			6
2025.03.07	00:08:40.235	0.83675	0.83786			6
2025.03.07	00:08:41.042	0.83674	0.83785			6
2025.03.07	00:08:44.360	0.83660	0.83790			6
2025.03.07	00:08:49.911	0.83661	0.83791			6
2025.03.07	00:08:51.603	0.83660	0.83790			6
2025.03.07	00:08:52.356	0.83663	0.83789			6
2025.03.07	00:08:54.352	0.83675	0.83785			6
2025.03.07	00:08:54.894	0.83674	0.83784			6
2025.03.07	00:08:59.093		0.83785			4
2025.03.07	00:09:02.027	0.83675	0.83786			6
2025.03.07	00:09:07.096		0.83785			4
2025.03.07	00:09:07.510	0.83674	0.83784			6
2025.03.07	00:09:10.205	0.83673	0.83783			6
2025.03.07	00:09:14.905	0.83675	0.83785			6
2025.03.07	00:09:20.043	0.83674	0.83784			6
2025.03.07	00:09:20.652		0.83785			4
2025.03.07	00:09:21.655		0.83784			4
2025.03.07	00:09:22.361	0.83675	0.83783			6
2025.03.07	00:09:22.900	0.83683	0.83791			6
2025.03.07	00:09:24.353	0.83682	0.83795			6
2025.03.07	00:09:27.493	0.83680	0.83793			6
2025.03.07	00:09:29.960	0.83679	0.83792			6
2025.03.07	00:09:32.363		0.83791			4
2025.03.07	00:09:32.762	0.83681	0.83793			6
2025.03.07	00:09:34.362	0.83682	0.83791			6
2025.03.07	00:09:38.179	0.83681	0.83790			6
2025.03.07	00:09:38.789		0.83782			4
2025.03.07	00:09:39.439	0.83682	0.83790			6
2025.03.07	00:09:44.400	0.83681	0.83789			6
2025.03.07	00:09:48.089		0.83790			4
2025.03.07	00:09:49.651	0.83683				2
2025.03.07	00:09:54.836		0.83783			4
2025.03.07	00:09:55.559	0.83681				2
2025.03.07	00:09:55.895	0.83669				2
2025.03.07	00:09:56.804	0.83661				2
2025.03.07	00:09:58.355	0.83658				2
2025.03.07	00:10:00.348	0.83657	0.83764			6
2025.03.07	00:10:02.843		0.83763			4
2025.03.07	00:10:04.585	0.83687	0.83783			6
2025.03.07	00:10:04.892	0.83681				2
2025.03.07	00:10:05.805	0.83684	0.83777			6
2025.03.07	00:10:06.107	0.83678	0.83783			6
2025.03.07	00:10:12.240	0.83692	0.83781			6
2025.03.07	00:10:14.688	0.83694	0.83780			6
2025.03.07	00:10:15.596	0.83692	0.83779			6
2025.03.07	00:10:16.203	0.83693	0.83782			6
2025.03.07	00:10:16.504	0.83692	0.83779			6
2025.03.07	00:10:16.808	0.83693	0.83782			6
2025.03.07	00:10:17.111	0.83692	0.83779			6
2025.03.07	00:10:18.926	0.83693	0.83782			6
2025.03.07	00:10:25.887	0.83700	0.83786			6
2025.03.07	00:10:26.189		0.83785			4
2025.03.07	00:10:28.310	0.83702	0.83786			6
2025.03.07	00:10:30.429		0.83785			4
2025.03.07	00:10:31.639	0.83706				2
2025.03.07	00:10:34.665	0.83708	0.83786			6
2025.03.07	00:10:35.269		0.83785			4
2025.03.07	00:10:38.600	0.83709	0.83787			6
2025.03.07	00:10:38.903		0.83786			4
2025.03.07	00:10:40.114	0.83711				2
2025.03.07	00:10:46.167	0.83713				2
2025.03.07	00:10:47.982	0.83715				2
2025.03.07	00:11:00.103	0.83715				2
2025.03.07	00:11:05.562	0.83721	0.83787			6
2025.03.07	00:11:18.910	0.83673	0.83784			6
2025.03.07	00:11:19.757	0.83685	0.83783			6
2025.03.07	00:11:20.657	0.83721	0.83786			6
2025.03.07	00:11:21.289	0.83685	0.83783			6
2025.03.07	00:11:27.137	0.83721	0.83786			6
2025.03.07	00:11:27.759	0.83685	0.83783			6
2025.03.07	00:11:33.515	0.83721	0.83786			6
2025.03.07	00:11:34.128	0.83685	0.83783			6
2025.03.07	00:11:38.780	0.83663				2
2025.03.07	00:11:39.912	0.83715	0.83787			6
2025.03.07	00:11:40.552	0.83663	0.83783			6
2025.03.07	00:11:41.107	0.83664				2
2025.03.07	00:11:42.140	0.83663				2
2025.03.07	00:11:42.445	0.83661				2
2025.03.07	00:11:42.752	0.83662				2
2025.03.07	00:11:44.333	0.83663				2
2025.03.07	00:11:45.528	0.83661				2
2025.03.07	00:11:46.339	0.83715	0.83787			6
2025.03.07	00:11:46.969	0.83661	0.83783			6
2025.03.07	00:11:48.332	0.83662				2
2025.03.07	00:11:48.835	0.83672				2
2025.03.07	00:11:49.147	0.83670				2
2025.03.07	00:11:50.135	0.83657				2
2025.03.07	00:11:51.089	0.83670				2
2025.03.07	00:11:51.405	0.83673				2
2025.03.07	00:11:51.713	0.83670				2
2025.03.07	00:11:56.553	0.83666				2
2025.03.07	00:11:56.932	0.83663				2
2025.03.07	00:12:01.131	0.83664				2
2025.03.07	00:12:06.584	0.83666				2
2025.03.07	00:12:34.737	0.83664				2
2025.03.07	00:12:46.590	0.83663				2
2025.03.07	00:12:47.410	0.83664	0.83783			6
2025.03.07	00:12:49.440	0.83666				2
2025.03.07	00:13:00.535	0.83666				2
2025.03.07	00:13:01.637	0.83665				2
2025.03.07	00:13:02.597	0.83666				2
2025.03.07	00:13:02.933	0.83664				2
2025.03.07	00:13:04.134	0.83666				2
2025.03.07	00:13:11.818	0.83697				2
2025.03.07	00:13:12.231	0.83668				2
2025.03.07	00:13:13.342	0.83669				2
2025.03.07	00:13:15.088	0.83668				2
2025.03.07	00:13:15.405	0.83665				2
2025.03.07	00:13:16.154	0.83667				2
2025.03.07	00:13:16.465	0.83676				2
2025.03.07	00:13:16.767	0.83675				2
2025.03.07	00:13:18.342	0.83661				2
2025.03.07	00:13:18.784	0.83670				2
2025.03.07	00:13:19.085	0.83659				2
2025.03.07	00:13:21.232	0.83661				2
2025.03.07	00:13:22.339	0.83664				2
2025.03.07	00:13:22.649	0.83671				2
2025.03.07	00:13:27.533	0.83669				2
2025.03.07	00:13:48.531		0.83783			4
2025.03.07	00:13:57.662	0.83668				2
2025.03.07	00:14:00.923	0.83668				2
2025.03.07	00:14:38.937	0.83667				2
2025.03.07	00:14:49.845	0.83664	0.83783			6
2025.03.07	00:14:50.342	0.83662				2
2025.03.07	00:14:50.936	0.83667				2
2025.03.07	00:14:54.841	0.83671				2
2025.03.07	00:14:58.017	0.83685				2
2025.03.07	00:14:59.331	0.83677				2
2025.03.07	00:14:59.937	0.83675				2
2025.03.07	00:15:00.578	0.83676				2
2025.03.07	00:15:00.886	0.83677				2
2025.03.07	00:15:02.031	0.83679				2
2025.03.07	00:15:02.632	0.83681				2
2025.03.07	00:15:03.158	0.83677				2
2025.03.07	00:15:05.236	0.83676				2
2025.03.07	00:15:05.550	0.83684				2
2025.03.07	00:15:06.344	0.83679				2
2025.03.07	00:15:06.652	0.83682				2
2025.03.07	00:15:07.604	0.83681				2
2025.03.07	00:15:07.907	0.83680				2
2025.03.07	00:15:09.348	0.83681				2
2025.03.07	00:15:10.071	0.83683				2
2025.03.07	00:15:10.388	0.83681				2
2025.03.07	00:15:18.842	0.83682				2
2025.03.07	00:15:43.034	0.83683				2
2025.03.07	00:15:43.345	0.83680				2
2025.03.07	00:15:45.070	0.83676				2
2025.03.07	00:15:50.350		0.83783			4
2025.03.07	00:15:53.933	0.83677				2
2025.03.07	00:15:54.297	0.83676				2
2025.03.07	00:16:00.277	0.83676				2
2025.03.07	00:16:15.684	0.83682				2
2025.03.07	00:16:18.616	0.83678				2
2025.03.07	00:16:20.332	0.83679				2
2025.03.07	00:16:21.350	0.83677				2
2025.03.07	00:16:21.669	0.83676				2
2025.03.07	00:16:22.133	0.83675				2
2025.03.07	00:16:22.469	0.83686				2
2025.03.07	00:16:22.785	0.83678				2
2025.03.07	00:16:23.331	0.83687				2
2025.03.07	00:16:24.351	0.83684				2
2025.03.07	00:16:26.357	0.83680				2
2025.03.07	00:16:26.666	0.83674				2
2025.03.07	00:16:27.232	0.83681				2
2025.03.07	00:16:27.949	0.83684				2
2025.03.07	00:16:29.333	0.83682				2
2025.03.07	00:16:30.074	0.83683				2
2025.03.07	00:16:35.344	0.83686				2
2025.03.07	00:16:59.513	0.83693	0.83783			6
2025.03.07	00:17:10.681	0.83693				2
2025.03.07	00:17:13.565	0.83692				2
2025.03.07	00:17:15.718	0.83690				2
2025.03.07	00:17:18.004	0.83689				2
2025.03.07	00:17:21.776	0.83691				2
2025.03.07	00:17:22.381	0.83689				2
2025.03.07	00:17:25.734	0.83688				2
2025.03.07	00:17:28.131	0.83689				2
2025.03.07	00:17:42.359	0.83692				2
2025.03.07	00:17:50.363	0.83691				2
2025.03.07	00:17:50.825	0.83683				2
2025.03.07	00:17:51.232	0.83688				2
2025.03.07	00:17:52.735	0.83687				2
2025.03.07	00:18:00.363	0.83687	0.83783			6
2025.03.07	00:18:05.683	0.83683				2
2025.03.07	00:18:09.607	0.83684				2
2025.03.07	00:18:10.971	0.83685				2
2025.03.07	00:18:13.133	0.83686				2
2025.03.07	00:18:15.096	0.83684				2
2025.03.07	00:18:35.931	0.83694				2
2025.03.07	00:18:39.092	0.83682				2
2025.03.07	00:18:43.091	0.83693				2
2025.03.07	00:18:44.361	0.83685				2
2025.03.07	00:18:49.893	0.83681				2
2025.03.07	00:18:50.331	0.83683				2
2025.03.07	00:18:55.785	0.83684				2
2025.03.07	00:18:56.089	0.83681				2
2025.03.07	00:18:58.109	0.83684				2
2025.03.07	00:18:58.425	0.83682				2
2025.03.07	00:18:58.735	0.83680				2
2025.03.07	00:19:00.329	0.83680				2
2025.03.07	00:19:01.360		0.83783			4
2025.03.07	00:19:48.861	0.83686				2
2025.03.07	00:20:00.324	0.83686				2
2025.03.07	00:20:05.487		0.83783			4
2025.03.07	00:21:08.380	0.83686	0.83783			6
2025.03.07	00:21:13.131		0.83806			4
2025.03.07	00:21:24.233		0.83805			4
2025.03.07	00:21:43.114	0.83698	0.83809			6
2025.03.07	00:21:44.468	0.83707				2
2025.03.07	00:21:45.370	0.83706	0.83810			6
2025.03.07	00:21:51.180	0.83693				2
2025.03.07	00:21:51.993	0.83701	0.83790			6
2025.03.07	00:22:00.237	0.83701				2
2025.03.07	00:22:20.587	0.83690				2
2025.03.07	00:22:33.055	0.83698				2
2025.03.07	00:22:52.388		0.83790			4
2025.03.07	00:23:00.323	0.83698				2
2025.03.07	00:23:06.641	0.83700				2
2025.03.07	00:23:45.556		0.83788			4
2025.03.07	00:23:50.032		0.83789			4
2025.03.07	00:24:00.967	0.83700				2
2025.03.07	00:24:01.650	0.83664	0.83773			6
2025.03.07	00:24:01.968	0.83658	0.83768			6
2025.03.07	00:24:02.672		0.83770			4
2025.03.07	00:24:03.231		0.83771			4
2025.03.07	00:24:03.896		0.83770			4
2025.03.07	00:24:06.839		0.83767			4
2025.03.07	00:24:07.431		0.83759			4
2025.03.07	00:24:07.745		0.83758			4
2025.03.07	00:24:08.127		0.83757			4
2025.03.07	00:24:09.297		0.83758			4
2025.03.07	00:24:10.322		0.83759			4
2025.03.07	00:24:11.379		0.83757			4
2025.03.07	00:24:12.831		0.83756			4
2025.03.07	00:24:13.260		0.83755			4
2025.03.07	00:24:17.030		0.83754			4
2025.03.07	00:24:17.932		0.83760			4
2025.03.07	00:24:18.244		0.83753			4
2025.03.07	00:24:18.550		0.83755			4
2025.03.07	00:24:19.135		0.83752			4
2025.03.07	00:24:21.654		0.83753			4
2025.03.07	00:24:22.795		0.83759			4
2025.03.07	00:24:23.104		0.83750			4
2025.03.07	00:24:23.425		0.83754			4
2025.03.07	00:24:23.746		0.83762			4
2025.03.07	00:24:33.971		0.83761			4
2025.03.07	00:24:40.595		0.83759			4
2025.03.07	00:24:41.381		0.83758			4
2025.03.07	00:24:54.938	0.83661	0.83762			6
2025.03.07	00:24:56.394	0.83662				2
2025.03.07	00:24:57.949	0.83661	0.83763			6
2025.03.07	00:25:00.308	0.83661				2
2025.03.07	00:25:15.665		0.83766			4
2025.03.07	00:25:26.032	0.83664				2
2025.03.07	00:25:48.426		0.83767			4
2025.03.07	00:26:02.381	0.83664				2
2025.03.07	00:26:15.978	0.83665	0.83765			6
2025.03.07	00:26:21.839	0.83674				2
2025.03.07	00:26:24.232	0.83670				2
2025.03.07	00:26:35.710	0.83669	0.83766			6
2025.03.07	00:26:45.940	0.83670				2
2025.03.07	00:26:54.718	0.83671	0.83765			6
2025.03.07	00:26:59.093	0.83668				2
2025.03.07	00:27:03.505	0.83667	0.83766			6
2025.03.07	00:27:04.811	0.83668	0.83764			6
2025.03.07	00:27:27.296	0.83669				2
2025.03.07	00:27:34.828	0.83668	0.83765			6
2025.03.07	00:27:54.350	0.83664				2
2025.03.07	00:28:02.383	0.83664				2
2025.03.07	00:28:15.018	0.83665				2
2025.03.07	00:28:15.832		0.83764			4
2025.03.07	00:28:21.535		0.83765			4
2025.03.07	00:28:24.820	0.83666	0.83764			6
2025.03.07	00:28:27.207	0.83665	0.83765			6
2025.03.07	00:28:34.437	0.83667	0.83763			6
2025.03.07	00:28:39.049	0.83668	0.83762			6
2025.03.07	00:28:40.301	0.83666	0.83763			6
2025.03.07	00:28:54.353	0.83667				2
2025.03.07	00:28:59.032	0.83666				2
2025.03.07	00:29:00.331	0.83666				2
2025.03.07	00:29:12.682	0.83667				2
2025.03.07	00:29:29.340		0.83762			4
2025.03.07	00:29:37.733	0.83666				2
2025.03.07	00:29:39.203	0.83665	0.83764			6
2025.03.07	00:29:43.973	0.83664	0.83765			6
2025.03.07	00:29:48.831		0.83764			4
2025.03.07	00:30:00.306	0.83680	0.83759			6
2025.03.07	00:30:15.236		0.83758			4
2025.03.07	00:30:21.207		0.83760			4
2025.03.07	00:30:24.282		0.83759			4
2025.03.07	00:30:40.087		0.83760			4
2025.03.07	00:30:41.336		0.83761			4
2025.03.07	00:30:52.732		0.83760			4
2025.03.07	00:31:02.032	0.83680				2
2025.03.07	00:31:13.438		0.83759			4
2025.03.07	00:31:14.932		0.83760			4
2025.03.07	00:31:41.633		0.83761			4
2025.03.07	00:31:48.911		0.83764			4
2025.03.07	00:31:49.762	0.83689				2
2025.03.07	00:31:50.633		0.83765			4
2025.03.07	00:31:54.633		0.83766			4
2025.03.07	00:31:55.551		0.83769			4
2025.03.07	00:31:57.833		0.83768			4
2025.03.07	00:31:58.850		0.83766			4
2025.03.07	00:31:59.568		0.83765			4
2025.03.07	00:32:00.319	0.83689				2
2025.03.07	00:32:02.516		0.83768			4
2025.03.07	00:32:02.931		0.83769			4
2025.03.07	00:32:03.553		0.83770			4
2025.03.07	00:32:05.932		0.83769			4
2025.03.07	00:32:08.331		0.83770			4
2025.03.07	00:32:19.573		0.83771			4
2025.03.07	00:32:26.981		0.83769			4
2025.03.07	00:32:34.135		0.83770			4
2025.03.07	00:32:51.124		0.83767			4
2025.03.07	00:32:57.507		0.83766			4
2025.03.07	00:32:58.155		0.83765			4
2025.03.07	00:33:00.532	0.83689				2
2025.03.07	00:33:20.995		0.83763			4
2025.03.07	00:33:33.793		0.83765			4
2025.03.07	00:33:35.550		0.83766			4
2025.03.07	00:34:00.328	0.83689				2
2025.03.07	00:34:18.902		0.83764			4
2025.03.07	00:34:35.783		0.83766			4
2025.03.07	00:34:47.931		0.83767			4
2025.03.07	00:34:49.480		0.83768			4
2025.03.07	00:34:52.435		0.83767			4
2025.03.07	00:34:57.232		0.83768			4
2025.03.07	00:34:59.032		0.83767			4
2025.03.07	00:34:59.575		0.83768			4
2025.03.07	00:35:00.969	0.83689				2
2025.03.07	00:35:06.833		0.83769			4
2025.03.07	00:35:22.059		0.83774			4
2025.03.07	00:35:22.453	0.83687				2
2025.03.07	00:35:29.510	0.83696	0.83776			6
2025.03.07	00:35:41.197		0.83777			4
2025.03.07	00:35:41.790		0.83778			4
2025.03.07	00:35:49.137		0.83776			4
2025.03.07	00:35:50.447		0.83775			4
2025.03.07	00:35:58.441		0.83776			4
2025.03.07	00:36:02.033	0.83696	0.83784			6
2025.03.07	00:36:02.353		0.83783			4
2025.03.07	00:36:03.688		0.83787			4
2025.03.07	00:36:04.140		0.83784			4
2025.03.07	00:36:05.242		0.83785			4
2025.03.07	00:36:10.665	0.83694				2
2025.03.07	00:36:16.208		0.83784			4
2025.03.07	00:36:19.820		0.83785			4
2025.03.07	00:36:21.831		0.83786			4
2025.03.07	00:36:26.216		0.83784			4
2025.03.07	00:36:29.822		0.83786			4
2025.03.07	00:36:34.491		0.83781			4
2025.03.07	00:36:38.094		0.83778			4
2025.03.07	00:36:40.133		0.83777			4
2025.03.07	00:36:43.090		0.83776			4
2025.03.07	00:36:46.679		0.83778			4
2025.03.07	00:36:46.987		0.83775			4
2025.03.07	00:37:01.844	0.83694	0.83774			6
2025.03.07	00:37:04.133		0.83775			4
2025.03.07	00:37:07.131		0.83774			4
2025.03.07	00:37:09.044		0.83775			4
2025.03.07	00:37:11.167		0.83781			4
2025.03.07	00:37:14.574		0.83782			4
2025.03.07	00:37:31.955		0.83783			4
2025.03.07	00:37:36.532		0.83784			4
2025.03.07	00:37:38.333		0.83785			4
2025.03.07	00:37:44.335		0.83784			4
2025.03.07	00:37:46.185		0.83785			4
2025.03.07	00:37:46.731		0.83786			4
2025.03.07	00:37:49.472		0.83788			4
2025.03.07	00:37:50.944		0.83789			4
2025.03.07	00:37:51.989		0.83790			4
2025.03.07	00:37:54.472		0.83791			4
2025.03.07	00:37:56.335		0.83792			4
2025.03.07	00:38:00.634	0.83694				2
2025.03.07	00:39:05.380	0.83694	0.83792			6
2025.03.07	00:40:00.169	0.83694				2
2025.03.07	00:40:06.184		0.83792			4
2025.03.07	00:40:22.369		0.83793			4
2025.03.07	00:40:23.121		0.83792			4
2025.03.07	00:41:01.559	0.83698				2
2025.03.07	00:41:28.147		0.83792			4
2025.03.07	00:42:01.490	0.83698				2
2025.03.07	00:42:29.626		0.83792			4
2025.03.07	00:42:57.185		0.83791			4
2025.03.07	00:42:58.192		0.83792			4
2025.03.07	00:43:01.555	0.83701				2
2025.03.07	00:43:23.043		0.83793			4
2025.03.07	00:43:35.054		0.83792			4
2025.03.07	00:43:38.061		0.83793			4
2025.03.07	00:43:52.053		0.83797			4
2025.03.07	00:43:52.687		0.83792			4
2025.03.07	00:43:58.648		0.83797			4
2025.03.07	00:44:00.368	0.83701				2
2025.03.07	00:44:14.636		0.83792			4
2025.03.07	00:44:20.409		0.83797			4
2025.03.07	00:44:23.527		0.83798			4
2025.03.07	00:44:25.562		0.83800			4
2025.03.07	00:44:36.210		0.83799			4
2025.03.07	00:44:36.622		0.83792			4
2025.03.07	00:44:42.178		0.83800			4
2025.03.07	00:44:58.069		0.83792			4
2025.03.07	00:45:02.034	0.83740	0.83800			6
2025.03.07	00:45:04.153	0.83701				2
2025.03.07	00:45:09.185	0.83713	0.83788			6
2025.03.07	00:45:16.689		0.83784			4
2025.03.07	00:45:18.765		0.83780			4
2025.03.07	00:45:25.019		0.83785			4
2025.03.07	00:45:25.406		0.83784			4
2025.03.07	00:45:26.425		0.83783			4
2025.03.07	00:45:28.325	0.83714				2
2025.03.07	00:45:34.433	0.83713				2
2025.03.07	00:45:36.234		0.83784			4
2025.03.07	00:45:41.642		0.83780			4
2025.03.07	00:45:47.162		0.83784			4
2025.03.07	00:45:59.782		0.83776			4
2025.03.07	00:46:00.537	0.83713	0.83784			6
2025.03.07	00:46:02.414		0.83780			4
2025.03.07	00:46:08.099		0.83784			4
2025.03.07	00:46:08.892	0.83725	0.83787			6
2025.03.07	00:46:10.362		0.83788			4
2025.03.07	00:46:25.095		0.83782			4
2025.03.07	00:46:30.232		0.83788			4
2025.03.07	00:46:46.903	0.83727	0.83789			6
2025.03.07	00:46:47.221		0.83782			4
2025.03.07	00:46:49.608	0.83725				2
2025.03.07	00:46:52.687		0.83789			4
2025.03.07	00:47:00.338	0.83725				2
2025.03.07	00:47:01.555	0.83726				2
2025.03.07	00:47:02.040	0.83754	0.83790			6
2025.03.07	00:47:02.962	0.83753	0.83789			6
2025.03.07	00:47:04.175	0.83726				2
2025.03.07	00:47:08.058		0.83782			4
2025.03.07	00:47:13.876		0.83789			4
2025.03.07	00:47:29.635	0.83718				2
2025.03.07	00:47:30.482		0.83782			4
2025.03.07	00:47:31.131	0.83719				2
2025.03.07	00:47:35.947		0.83789			4
2025.03.07	00:47:44.907	0.83718				2
2025.03.07	00:47:48.339	0.83719				2
2025.03.07	00:47:51.928		0.83782			4
2025.03.07	00:47:57.010		0.83789			4
2025.03.07	00:48:00.991	0.83719				2
2025.03.07	00:48:12.497		0.83782			4
2025.03.07	00:48:13.669	0.83720				2
2025.03.07	00:48:17.731		0.83789			4
2025.03.07	00:48:24.938	0.83723				2
2025.03.07	00:48:33.844		0.83782			4
2025.03.07	00:48:39.573		0.83789			4
2025.03.07	00:48:55.349		0.83782			4
2025.03.07	00:49:00.456	0.83723	0.83789			6
2025.03.07	00:49:15.537		0.83782			4
2025.03.07	00:49:18.296	0.83722				2
2025.03.07	00:49:20.870		0.83789			4
2025.03.07	00:49:36.663		0.83782			4
2025.03.07	00:49:41.823		0.83789			4
2025.03.07	00:49:51.547	0.83691				2
2025.03.07	00:49:57.432		0.83782			4
2025.03.07	00:50:02.380	0.83691				2
2025.03.07	00:50:02.964		0.83789			4
2025.03.07	00:50:14.637	0.83686				2
2025.03.07	00:50:19.685		0.83782			4
2025.03.07	00:50:25.281		0.83789			4
2025.03.07	00:50:29.640	0.83722				2
2025.03.07	00:50:41.717		0.83782			4
2025.03.07	00:50:46.780		0.83789			4
2025.03.07	00:51:00.321	0.83722				2
2025.03.07	00:51:03.669		0.83782			4
2025.03.07	00:51:09.281		0.83789			4
2025.03.07	00:51:24.370		0.83782			4
2025.03.07	00:51:29.521		0.83789			4
2025.03.07	00:51:45.868		0.83782			4
2025.03.07	00:51:50.964		0.83789			4
2025.03.07	00:52:01.378	0.83719	0.83791			6
2025.03.07	00:52:36.589		0.83790			4
2025.03.07	00:52:37.055	0.83720				2
2025.03.07	00:53:00.472	0.83720				2
2025.03.07	00:53:03.110		0.83789			4
2025.03.07	00:53:13.841	0.83719	0.83790			6
2025.03.07	00:53:19.482	0.83720				2
2025.03.07	00:53:22.951	0.83718	0.83794			6
2025.03.07	00:53:23.332	0.83720				2
2025.03.07	00:53:24.037	0.83719	0.83796			6
2025.03.07	00:53:27.954	0.83723	0.83792			6
2025.03.07	00:53:36.623	0.83721	0.83791			6
2025.03.07	00:53:36.952	0.83719	0.83790			6
2025.03.07	00:53:39.588		0.83789			4
2025.03.07	00:53:51.233		0.83790			4
2025.03.07	00:53:56.607	0.83718				2
2025.03.07	00:54:02.160	0.83718				2
2025.03.07	00:54:31.264	0.83738	0.83803			6
2025.03.07	00:54:32.585	0.83736	0.83804			6
2025.03.07	00:54:32.888	0.83717	0.83796			6
2025.03.07	00:54:48.819		0.83797			4
2025.03.07	00:54:56.522	0.83719	0.83795			6
2025.03.07	00:54:58.776		0.83794			4
2025.03.07	00:55:01.427	0.83719				2
2025.03.07	00:55:11.563	0.83720	0.83793			6
2025.03.07	00:55:24.601	0.83716	0.83794			6
2025.03.07	00:55:26.613		0.83791			4
2025.03.07	00:55:36.460		0.83792			4
2025.03.07	00:55:56.469		0.83793			4
2025.03.07	00:56:00.386	0.83716				2
2025.03.07	00:56:47.242	0.83720	0.83797			6
2025.03.07	00:56:48.703	0.83721				2
2025.03.07	00:56:50.934		0.83796			4
2025.03.07	00:57:03.476	0.83721				2
2025.03.07	00:57:08.037		0.83797			4
2025.03.07	00:57:08.582	0.83720				2
2025.03.07	00:57:30.227	0.83716				2
2025.03.07	00:57:31.235	0.83717	0.83796			6
2025.03.07	00:57:31.571	0.83716				2
2025.03.07	00:57:57.236	0.83728				2
2025.03.07	00:57:57.855	0.83730				2
2025.03.07	00:58:00.051	0.83730				2
2025.03.07	00:58:03.241	0.83725				2
2025.03.07	00:58:07.812	0.83713				2
2025.03.07	00:58:34.135		0.83796			4
2025.03.07	00:58:37.074	0.83725				2
2025.03.07	00:58:38.678	0.83713				2
2025.03.07	00:59:00.521	0.83713				2
2025.03.07	00:59:02.189	0.83714				2
2025.03.07	00:59:05.744	0.83727				2
2025.03.07	00:59:19.291		0.83797			4
2025.03.07	00:59:24.531	0.83713				2
2025.03.07	00:59:26.932	0.83717				2
2025.03.07	00:59:27.780	0.83729				2
2025.03.07	00:59:30.270	0.83728				2
2025.03.07	00:59:31.393	0.83729	0.83795			6
2025.03.07	00:59:34.131	0.83718				2
2025.03.07	00:59:38.971	0.83721				2
2025.03.07	00:59:46.404	0.83722	0.83794			6
2025.03.07	00:59:48.998	0.83725				2
2025.03.07	00:59:50.052	0.83722				2
2025.03.07	00:59:50.934	0.83721				2
2025.03.07	00:59:54.556	0.83724				2
2025.03.07	00:59:58.131	0.83720				2
2025.03.07	01:00:00.305	0.83744	0.83809			6
2025.03.07	01:00:00.606	0.83703	0.83783			6
2025.03.07	01:00:00.965	0.83704	0.83780			6
2025.03.07	01:00:01.287	0.83708	0.83777			6
2025.03.07	01:00:01.649	0.83709	0.83776			6
2025.03.07	01:00:01.966	0.83704	0.83774			6
2025.03.07	01:00:02.288	0.83729	0.83775			6
2025.03.07	01:00:02.604	0.83727	0.83773			6
2025.03.07	01:00:02.905	0.83729	0.83774			6
2025.03.07	01:00:04.115	0.83727	0.83773			6
2025.03.07	01:00:04.419	0.83730	0.83775			6
2025.03.07	01:00:04.721	0.83722	0.83771			6
2025.03.07	01:00:05.383	0.83723				2
2025.03.07	01:00:05.854		0.83774			4
2025.03.07	01:00:06.391	0.83721	0.83776			6
2025.03.07	01:00:08.387	0.83723	0.83777			6
2025.03.07	01:00:09.707	0.83727				2
2025.03.07	01:00:10.371	0.83728	0.83778			6
2025.03.07	01:00:10.743	0.83729				2
2025.03.07	01:00:11.077	0.83733				2
2025.03.07	01:00:11.480	0.83730				2
2025.03.07	01:00:12.379	0.83733				2
2025.03.07	01:00:13.109		0.83777			4
2025.03.07	01:00:13.465	0.83729				2
2025.03.07	01:00:14.305	0.83740	0.83783			6
2025.03.07	01:00:15.061		0.83782			4
2025.03.07	01:00:15.440		0.83783			4
2025.03.07	01:00:16.213	0.83742				2
2025.03.07	01:00:16.558	0.83741	0.83782			6
2025.03.07	01:00:16.953	0.83742	0.83786			6
2025.03.07	01:00:17.354		0.83788			4
2025.03.07	01:00:17.760		0.83789			4
2025.03.07	01:00:18.085		0.83790			4
2025.03.07	01:00:19.133		0.83782			4
2025.03.07	01:00:19.887	0.83736	0.83749			6
2025.03.07	01:00:20.206	0.83739	0.83750			6
2025.03.07	01:00:20.959	0.83740				2
2025.03.07	01:00:21.774	0.83737	0.83752			6
2025.03.07	01:00:22.547	0.83740				2
2025.03.07	01:00:23.336	0.83742	0.83755			6
2025.03.07	01:00:26.323	0.83739				2
2025.03.07	01:00:27.232	0.83740				2
2025.03.07	01:00:27.536	0.83739				2
2025.03.07	01:00:27.857		0.83753			4
2025.03.07	01:00:29.321	0.83740				2
2025.03.07	01:00:30.011		0.83755			4
2025.03.07	01:00:30.359	0.83739	0.83756			6
2025.03.07	01:00:30.662	0.83741	0.83759			6
2025.03.07	01:00:31.095	0.83740				2
2025.03.07	01:00:31.406	0.83743				2
2025.03.07	01:00:31.712		0.83755			4
2025.03.07	01:00:32.027		0.83756			4
2025.03.07	01:00:32.381	0.83739				2
2025.03.07	01:00:33.963	0.83740				2
2025.03.07	01:00:34.300	0.83739				2
2025.03.07	01:00:34.699	0.83738				2
2025.03.07	01:00:36.340	0.83739				2
2025.03.07	01:00:36.979	0.83737	0.83755			6
2025.03.07	01:00:38.248	0.83736	0.83754			6
2025.03.07	01:00:39.517	0.83735	0.83752			6
2025.03.07	01:00:40.307	0.83736	0.83754			6
2025.03.07	01:00:41.149	0.83729	0.83749			6
2025.03.07	01:00:41.811	0.83732	0.83751			6
2025.03.07	01:00:42.125	0.83731	0.83749			6
2025.03.07	01:00:43.033	0.83728	0.83748			6
2025.03.07	01:00:44.103		0.83749			4
2025.03.07	01:00:46.420	0.83729				2
2025.03.07	01:00:47.424	0.83735	0.83748			6
2025.03.07	01:00:47.734	0.83736				2
2025.03.07	01:00:49.384	0.83733				2
2025.03.07	01:00:53.624	0.83734				2
2025.03.07	01:00:55.483	0.83738	0.83751			6
2025.03.07	01:01:00.181	0.83738				2
2025.03.07	01:01:02.440	0.83737				2
2025.03.07	01:01:03.558	0.83747	0.83755			6
2025.03.07	01:01:04.141	0.83737	0.83751			6
2025.03.07	01:01:07.290	0.83733	0.83748			6
2025.03.07	01:01:07.652	0.83734				2
2025.03.07	01:01:09.522	0.83733				2
2025.03.07	01:01:10.362	0.83741	0.83753			6
2025.03.07	01:01:11.276	0.83738	0.83754			6
2025.03.07	01:01:13.245	0.83736	0.83749			6
2025.03.07	01:01:13.555	0.83737	0.83754			6
2025.03.07	01:01:14.113		0.83752			4
2025.03.07	01:01:14.748		0.83754			4
2025.03.07	01:01:16.133		0.83753			4
2025.03.07	01:01:16.878	0.83734	0.83748			6
2025.03.07	01:01:17.404		0.83749			4
2025.03.07	01:01:17.929	0.83735	0.83748			6
2025.03.07	01:01:18.278	0.83731	0.83749			6
2025.03.07	01:01:19.850	0.83732				2
2025.03.07	01:01:23.122		0.83748			4
2025.03.07	01:01:23.733	0.83733	0.83749			6
2025.03.07	01:01:24.121		0.83748			4
2025.03.07	01:01:25.563	0.83734				2
2025.03.07	01:01:26.659	0.83736				2
2025.03.07	01:01:28.132		0.83747			4
2025.03.07	01:01:28.546	0.83737	0.83749			6
2025.03.07	01:01:32.269	0.83736				2
2025.03.07	01:01:32.938	0.83734				2
2025.03.07	01:01:36.863	0.83736	0.83751			6
2025.03.07	01:01:38.397		0.83750			4
2025.03.07	01:01:39.990	0.83737				2
2025.03.07	01:01:41.276	0.83734	0.83748			6
2025.03.07	01:01:42.387		0.83749			4
2025.03.07	01:01:42.787	0.83737	0.83753			6
2025.03.07	01:01:43.131	0.83736	0.83749			6
2025.03.07	01:01:43.447	0.83737	0.83751			6
2025.03.07	01:01:48.400		0.83750			4
2025.03.07	01:01:50.049	0.83733	0.83749			6
2025.03.07	01:01:50.357	0.83735	0.83747			6
2025.03.07	01:01:50.980		0.83748			4
2025.03.07	01:01:51.862		0.83749			4
2025.03.07	01:01:52.382	0.83734				2
2025.03.07	01:01:52.685		0.83750			4
2025.03.07	01:01:53.468		0.83749			4
2025.03.07	01:01:55.290	0.83733	0.83747			6
2025.03.07	01:01:56.734		0.83748			4
2025.03.07	01:01:58.312		0.83749			4
2025.03.07	01:01:58.934		0.83750			4
2025.03.07	01:02:00.120	0.83733				2
2025.03.07	01:02:00.861	0.83735	0.83751			6
2025.03.07	01:02:01.169	0.83734				2
2025.03.07	01:02:02.392	0.83733	0.83749			6
2025.03.07	01:02:02.771		0.83750			4
2025.03.07	01:02:03.396	0.83736	0.83752			6
2025.03.07	01:02:04.235	0.83735				2
2025.03.07	01:02:04.548	0.83737				2
2025.03.07	01:02:05.460	0.83734	0.83751			6
2025.03.07	01:02:05.912		0.83750			4
2025.03.07	01:02:06.395		0.83749			4
2025.03.07	01:02:07.133	0.83737	0.83750			6
2025.03.07	01:02:07.445		0.83751			4
2025.03.07	01:02:10.318		0.83750			4
2025.03.07	01:02:10.847	0.83735				2
2025.03.07	01:02:11.161	0.83736				2
2025.03.07	01:02:11.525		0.83751			4
2025.03.07	01:02:11.874	0.83734	0.83748			6
2025.03.07	01:02:13.168		0.83749			4
2025.03.07	01:02:13.497		0.83750			4
2025.03.07	01:02:15.062		0.83747			4
2025.03.07	01:02:17.018		0.83746			4
2025.03.07	01:02:17.334	0.83733				2
2025.03.07	01:02:18.303		0.83745			4
2025.03.07	01:02:20.316		0.83747			4
2025.03.07	01:02:21.360	0.83734				2
2025.03.07	01:02:21.698		0.83746			4
2025.03.07	01:02:22.131		0.83747			4
2025.03.07	01:02:24.388		0.83746			4
2025.03.07	01:02:24.834		0.83747			4
2025.03.07	01:02:25.596	0.83737	0.83750			6
2025.03.07	01:02:25.906	0.83733	0.83746			6
2025.03.07	01:02:26.255		0.83747			4
2025.03.07	01:02:26.617		0.83746			4
2025.03.07	01:02:29.440	0.83734	0.83747			6
2025.03.07	01:02:30.156	0.83733				2
2025.03.07	01:02:31.731	0.83736				2
2025.03.07	01:02:32.715	0.83735				2
2025.03.07	01:02:35.808	0.83734				2
2025.03.07	01:02:36.754	0.83736				2
2025.03.07	01:02:38.332		0.83746			4
2025.03.07	01:02:39.533		0.83747			4
2025.03.07	01:02:42.558	0.83735				2
2025.03.07	01:02:45.491	0.83733	0.83745			6
2025.03.07	01:02:46.501	0.83734	0.83746			6
2025.03.07	01:02:46.811		0.83745			4
2025.03.07	01:02:47.472	0.83733	0.83746			6
2025.03.07	01:02:47.801		0.83745			4
2025.03.07	01:02:49.536		0.83746			4
2025.03.07	01:02:51.942	0.83735				2
2025.03.07	01:02:54.094	0.83733	0.83744			6
2025.03.07	01:02:55.030	0.83736				2
2025.03.07	01:02:56.461	0.83733				2
2025.03.07	01:03:00.232	0.83733				2
2025.03.07	01:03:00.955	0.83731	0.83743			6
2025.03.07	01:03:03.769	0.83730	0.83739			6
2025.03.07	01:03:04.166		0.83740			4
2025.03.07	01:03:06.396		0.83739			4
2025.03.07	01:03:06.707	0.83729				2
2025.03.07	01:03:07.310	0.83730				2
2025.03.07	01:03:11.646	0.83727	0.83738			6
2025.03.07	01:03:24.231		0.83737			4
2025.03.07	01:03:26.445		0.83736			4
2025.03.07	01:03:28.967	0.83725				2
2025.03.07	01:03:30.287	0.83726	0.83737			6
2025.03.07	01:03:31.148		0.83738			4
2025.03.07	01:03:35.631		0.83737			4
2025.03.07	01:03:36.156	0.83727	0.83738			6
2025.03.07	01:03:36.658		0.83739			4
2025.03.07	01:03:37.131	0.83728				2
2025.03.07	01:03:38.386	0.83729	0.83740			6
2025.03.07	01:03:41.333	0.83730				2
2025.03.07	01:03:46.122		0.83741			4
2025.03.07	01:03:46.452		0.83740			4
2025.03.07	01:03:48.013		0.83741			4
2025.03.07	01:03:51.926	0.83729	0.83739			6
2025.03.07	01:03:54.851		0.83740			4
2025.03.07	01:03:55.732	0.83735	0.83737			6
2025.03.07	01:03:57.250	0.83742	0.83744			6
2025.03.07	01:03:58.157	0.83738	0.83742			6
2025.03.07	01:03:58.694	0.83739				2
2025.03.07	01:03:59.033	0.83738				2
2025.03.07	01:04:01.432	0.83738	0.83745			6
2025.03.07	01:04:02.374		0.83746			4
2025.03.07	01:04:02.687		0.83745			4
2025.03.07	01:04:05.024	0.83739				2
2025.03.07	01:04:06.460	0.83738				2
2025.03.07	01:04:11.931		0.83746			4
2025.03.07	01:04:21.716	0.83741	0.83743			6
2025.03.07	01:04:23.231	0.83742				2
2025.03.07	01:04:23.837	0.83738	0.83746			6
2025.03.07	01:04:31.792	0.83737				2
2025.03.07	01:04:33.231		0.83747			4
2025.03.07	01:04:34.432	0.83738	0.83746			6
2025.03.07	01:04:40.132	0.83740	0.83749			6
2025.03.07	01:04:45.263	0.83738	0.83748			6
2025.03.07	01:04:48.928		0.83746			4
2025.03.07	01:05:02.598	0.83738				2
2025.03.07	01:05:03.604	0.83739	0.83749			6
2025.03.07	01:05:04.355	0.83740				2
2025.03.07	01:05:11.033		0.83748			4
2025.03.07	01:05:12.507		0.83749			4
2025.03.07	01:05:14.509	0.83741	0.83750			6
2025.03.07	01:05:14.877	0.83742	0.83752			6
2025.03.07	01:05:21.536	0.83740	0.83751			6
2025.03.07	01:05:21.845	0.83743	0.83752			6
2025.03.07	01:05:25.728	0.83742				2
2025.03.07	01:05:41.939	0.83741	0.83751			6
2025.03.07	01:05:42.352	0.83742				2
2025.03.07	01:05:44.225		0.83752			4
2025.03.07	01:05:47.632	0.83743				2
2025.03.07	01:05:51.492	0.83742				2
2025.03.07	01:05:53.033		0.83753			4
2025.03.07	01:05:54.831		0.83752			4
2025.03.07	01:06:00.654	0.83742				2
2025.03.07	01:06:04.591	0.83743	0.83753			6
2025.03.07	01:06:06.910	0.83744	0.83752			6
2025.03.07	01:06:07.734	0.83743				2
2025.03.07	01:06:08.374		0.83747			4
2025.03.07	01:06:10.818		0.83748			4
2025.03.07	01:06:24.373		0.83749			4
2025.03.07	01:06:25.356		0.83748			4
2025.03.07	01:06:41.491	0.83744	0.83749			6
2025.03.07	01:06:45.820	0.83743	0.83748			6
2025.03.07	01:06:50.820	0.83742	0.83747			6
2025.03.07	01:06:55.731	0.83743				2
2025.03.07	01:06:57.764		0.83748			4
2025.03.07	01:07:01.775	0.83743				2
2025.03.07	01:07:32.332	0.83746	0.83751			6
2025.03.07	01:07:32.644		0.83752			4
2025.03.07	01:07:33.057	0.83747	0.83750			6
2025.03.07	01:07:33.366	0.83748				2
2025.03.07	01:07:33.832		0.83751			4
2025.03.07	01:07:39.744	0.83747				2
2025.03.07	01:07:40.132	0.83746				2
2025.03.07	01:07:42.854		0.83750			4
2025.03.07	01:07:55.131		0.83749			4
2025.03.07	01:07:55.582	0.83745	0.83750			6
2025.03.07	01:07:56.705	0.83746	0.83751			6
2025.03.07	01:08:00.256	0.83746	0.83750			6
2025.03.07	01:08:05.510	0.83747	0.83751			6
2025.03.07	01:08:05.947	0.83746				2
2025.03.07	01:08:09.831	0.83747				2
2025.03.07	01:08:14.146		0.83749			4
2025.03.07	01:08:14.824	0.83746	0.83751			6
2025.03.07	01:08:15.740	0.83747				2
2025.03.07	01:08:25.711	0.83748				2
2025.03.07	01:08:30.352	0.83747				2
2025.03.07	01:08:34.828		0.83753			4
2025.03.07	01:08:35.138	0.83746	0.83752			6
2025.03.07	01:08:38.579		0.83753			4
2025.03.07	01:08:46.733	0.83747				2
2025.03.07	01:08:50.028	0.83748				2
2025.03.07	01:08:50.497	0.83747				2
2025.03.07	01:08:50.935	0.83748				2
2025.03.07	01:08:51.245	0.83747				2
2025.03.07	01:08:53.669	0.83748				2
2025.03.07	01:08:57.057	0.83752	0.83755			6
2025.03.07	01:08:58.357	0.83751	0.83754			6
2025.03.07	01:09:00.365	0.83751				2
2025.03.07	01:09:06.780		0.83755			4
2025.03.07	01:09:07.085		0.83757			4
2025.03.07	01:09:09.759		0.83756			4
2025.03.07	01:09:18.559	0.83752	0.83757			6
2025.03.07	01:09:19.032		0.83756			4
2025.03.07	01:09:20.063		0.83757			4
2025.03.07	01:09:20.413		0.83758			4
2025.03.07	01:09:22.304	0.83753	0.83757			6
2025.03.07	01:09:26.031		0.83758			4
2025.03.07	01:09:29.312		0.83759			4
2025.03.07	01:09:35.795		0.83757			4
2025.03.07	01:09:36.367		0.83758			4
2025.03.07	01:09:37.613		0.83757			4
2025.03.07	01:09:41.981		0.83758			4
2025.03.07	01:09:42.387		0.83757			4
2025.03.07	01:09:44.933		0.83758			4
2025.03.07	01:09:45.343		0.83757			4
2025.03.07	01:09:46.369	0.83752				2
2025.03.07	01:09:47.584	0.83753	0.83758			6
2025.03.07	01:09:47.886		0.83759			4
2025.03.07	01:09:49.739	0.83751	0.83757			6
2025.03.07	01:09:53.382	0.83750	0.83756			6
2025.03.07	01:09:56.767	0.83751	0.83757			6
2025.03.07	01:10:00.411	0.83751				2
2025.03.07	01:10:57.232		0.83757			4
2025.03.07	01:11:03.532	0.83751				2
2025.03.07	01:11:25.869	0.83750	0.83756			6
2025.03.07	01:11:36.401	0.83751	0.83757			6
2025.03.07	01:11:38.958	0.83750	0.83756			6
2025.03.07	01:11:39.524	0.83751				2
2025.03.07	01:11:40.051	0.83750				2
2025.03.07	01:11:53.172	0.83751	0.83755			6
2025.03.07	01:12:00.373	0.83751				2
2025.03.07	01:12:01.355	0.83750	0.83756			6
2025.03.07	01:12:05.608	0.83751				2
2025.03.07	01:12:12.233	0.83750				2
2025.03.07	01:12:12.701	0.83751				2
2025.03.07	01:12:14.429	0.83750				2
2025.03.07	01:12:17.827	0.83751				2
2025.03.07	01:12:20.846	0.83750				2
2025.03.07	01:12:52.726		0.83755			4
2025.03.07	01:12:53.232	0.83749				2
2025.03.07	01:12:58.347	0.83750				2
2025.03.07	01:13:00.062	0.83750				2
2025.03.07	01:13:00.850	0.83749				2
2025.03.07	01:13:04.668	0.83750				2
2025.03.07	01:13:10.011		0.83756			4
2025.03.07	01:13:21.389	0.83751				2
2025.03.07	01:13:35.631	0.83750				2
2025.03.07	01:13:45.638	0.83748	0.83754			6
2025.03.07	01:13:53.032	0.83747	0.83753			6
2025.03.07	01:14:00.833	0.83747				2
2025.03.07	01:14:21.089	0.83749				2
2025.03.07	01:14:23.089		0.83754			4
2025.03.07	01:14:23.882	0.83748	0.83753			6
2025.03.07	01:14:30.683	0.83747				2
2025.03.07	01:14:36.312	0.83750	0.83755			6
2025.03.07	01:14:38.915	0.83749				2
2025.03.07	01:14:41.200	0.83748	0.83754			6
2025.03.07	01:14:45.978	0.83749				2
2025.03.07	01:15:00.274	0.83750				2
2025.03.07	01:15:06.531		0.83755			4
2025.03.07	01:15:07.270	0.83751				2
2025.03.07	01:15:10.436	0.83750				2
2025.03.07	01:15:20.351	0.83749	0.83754			6
2025.03.07	01:15:20.666	0.83750	0.83755			6
2025.03.07	01:15:26.994	0.83751				2
2025.03.07	01:15:30.244	0.83750				2
2025.03.07	01:15:34.414	0.83749				2
2025.03.07	01:15:35.120	0.83751				2
2025.03.07	01:15:39.537	0.83749				2
2025.03.07	01:15:39.850	0.83751				2
2025.03.07	01:15:40.174	0.83750				2
2025.03.07	01:15:45.829	0.83751				2
2025.03.07	01:15:48.041	0.83750				2
2025.03.07	01:15:49.130	0.83749				2
2025.03.07	01:15:51.463	0.83750				2
2025.03.07	01:15:57.827	0.83749				2
2025.03.07	01:15:58.168	0.83750				2
2025.03.07	01:15:58.538	0.83749				2
2025.03.07	01:16:00.039	0.83749				2
2025.03.07	01:16:00.365		0.83754			4
2025.03.07	01:16:00.666	0.83750				2
2025.03.07	01:16:00.989	0.83751				2
2025.03.07	01:16:01.438	0.83750				2
2025.03.07	01:16:02.830		0.83755			4
2025.03.07	01:16:04.734	0.83751				2
2025.03.07	01:16:09.117	0.83749				2
2025.03.07	01:16:20.496		0.83754			4
2025.03.07	01:16:21.156	0.83750				2
2025.03.07	01:16:21.766	0.83752	0.83758			6
2025.03.07	01:16:22.095	0.83753				2
2025.03.07	01:16:27.854		0.83759			4
2025.03.07	01:16:31.709	0.83754				2
2025.03.07	01:16:45.382	0.83755				2
2025.03.07	01:17:00.125	0.83755				2
2025.03.07	01:17:00.734	0.83754				2
2025.03.07	01:17:02.887	0.83753	0.83758			6
2025.03.07	01:17:03.285	0.83754				2
2025.03.07	01:17:07.068	0.83753				2
2025.03.07	01:17:10.919		0.83757			4
2025.03.07	01:17:12.048		0.83758			4
2025.03.07	01:17:13.974		0.83757			4
2025.03.07	01:17:17.808		0.83758			4
2025.03.07	01:17:33.451	0.83754				2
2025.03.07	01:17:42.035	0.83755				2
2025.03.07	01:17:43.187		0.83759			4
2025.03.07	01:17:44.295		0.83758			4
2025.03.07	01:17:45.134		0.83759			4
2025.03.07	01:17:46.736		0.83758			4
2025.03.07	01:17:48.912		0.83759			4
2025.03.07	01:17:49.301		0.83758			4
2025.03.07	01:17:50.816		0.83759			4
2025.03.07	01:17:52.006		0.83758			4
2025.03.07	01:17:53.256		0.83759			4
2025.03.07	01:18:03.371	0.83755				2
2025.03.07	01:18:10.613	0.83754				2
2025.03.07	01:18:11.332	0.83756	0.83760			6
2025.03.07	01:18:11.645	0.83757	0.83761			6
2025.03.07	01:18:18.132	0.83756				2
2025.03.07	01:18:18.447	0.83757				2
2025.03.07	01:18:18.751	0.83756				2
2025.03.07	01:18:59.325		0.83760			4
2025.03.07	01:19:00.003	0.83756				2
2025.03.07	01:19:06.122	0.83757	0.83761			6
2025.03.07	01:19:06.427	0.83756				2
2025.03.07	01:19:06.749	0.83758				2
2025.03.07	01:19:07.088	0.83756				2
2025.03.07	01:19:08.888	0.83757				2
2025.03.07	01:19:09.396	0.83756				2
2025.03.07	01:19:13.831	0.83757				2
2025.03.07	01:19:15.992	0.83756				2
2025.03.07	01:19:16.372	0.83757				2
2025.03.07	01:19:19.940		0.83760			4
2025.03.07	01:19:22.099		0.83761			4
2025.03.07	01:19:22.405	0.83758	0.83763			6
2025.03.07	01:19:25.388	0.83759				2
2025.03.07	01:19:31.772	0.83758	0.83762			6
2025.03.07	01:19:34.188		0.83761			4
2025.03.07	01:19:34.507	0.83757	0.83760			6
2025.03.07	01:19:35.010	0.83756				2
2025.03.07	01:19:52.297	0.83755				2
2025.03.07	01:20:02.031	0.83755				2
2025.03.07	01:20:02.361	0.83756				2
2025.03.07	01:20:10.104	0.83757				2
2025.03.07	01:20:10.447	0.83756				2
2025.03.07	01:20:12.822	0.83757				2
2025.03.07	01:20:13.130		0.83761			4
2025.03.07	01:20:15.259	0.83756				2
2025.03.07	01:20:17.219		0.83760			4
2025.03.07	01:20:20.854		0.83761			4
2025.03.07	01:20:22.952	0.83757	0.83760			6
2025.03.07	01:20:24.673		0.83762			4
2025.03.07	01:20:24.986	0.83758				2
2025.03.07	01:20:42.938		0.83763			4
2025.03.07	01:20:47.409	0.83756	0.83761			6
2025.03.07	01:20:47.775	0.83757				2
2025.03.07	01:20:48.103	0.83756				2
2025.03.07	01:20:54.245		0.83760			4
2025.03.07	01:21:00.533	0.83756				2
2025.03.07	01:21:21.658	0.83755				2
2025.03.07	01:21:22.641	0.83756				2
2025.03.07	01:21:23.545	0.83755				2
2025.03.07	01:21:24.570	0.83756				2
2025.03.07	01:21:26.197	0.83755				2
2025.03.07	01:21:36.930		0.83759			4
2025.03.07	01:22:00.080	0.83755				2
2025.03.07	01:22:05.844	0.83756				2
2025.03.07	01:22:06.214	0.83755				2
2025.03.07	01:22:08.301		0.83760			4
2025.03.07	01:22:10.634	0.83756	0.83759			6
2025.03.07	01:22:11.136	0.83755				2
2025.03.07	01:22:32.385		0.83760			4
2025.03.07	01:22:33.624	0.83756	0.83759			6
2025.03.07	01:22:34.147	0.83755				2
2025.03.07	01:22:35.831		0.83760			4
2025.03.07	01:22:42.532	0.83756				2
2025.03.07	01:22:43.629	0.83755	0.83759			6
2025.03.07	01:22:43.945	0.83759	0.83762			6
2025.03.07	01:22:44.248	0.83758				2
2025.03.07	01:22:58.488	0.83759				2
2025.03.07	01:22:59.780	0.83758				2
2025.03.07	01:23:00.344	0.83758				2
2025.03.07	01:23:01.381	0.83759	0.83763			6
2025.03.07	01:23:08.965	0.83760				2
2025.03.07	01:23:16.264	0.83761				2
2025.03.07	01:23:16.673	0.83760				2
2025.03.07	01:23:18.183	0.83761	0.83764			6
2025.03.07	01:23:19.139	0.83760	0.83763			6
2025.03.07	01:23:29.550	0.83761				2
2025.03.07	01:23:29.862		0.83764			4
2025.03.07	01:23:30.629	0.83762				2
2025.03.07	01:23:34.259	0.83761				2
2025.03.07	01:23:39.114	0.83760				2
2025.03.07	01:23:39.669	0.83759	0.83762			6
2025.03.07	01:23:48.509		0.83763			4
2025.03.07	01:23:50.031		0.83762			4
2025.03.07	01:23:54.214		0.83763			4
2025.03.07	01:23:54.752		0.83762			4
2025.03.07	01:23:55.780	0.83760	0.83763			6
2025.03.07	01:23:56.563		0.83764			4
2025.03.07	01:23:56.891		0.83763			4
2025.03.07	01:23:57.310		0.83764			4
2025.03.07	01:23:57.843		0.83763			4
2025.03.07	01:23:58.641		0.83764			4
2025.03.07	01:23:59.693		0.83763			4
2025.03.07	01:24:00.338	0.83759	0.83764			6
2025.03.07	01:24:01.164	0.83760				2
2025.03.07	01:24:01.471	0.83759	0.83763			6
2025.03.07	01:24:13.076	0.83760	0.83764			6
2025.03.07	01:24:13.385		0.83765			4
2025.03.07	01:24:15.428		0.83764			4
2025.03.07	01:24:15.855		0.83765			4
2025.03.07	01:24:18.233		0.83764			4
2025.03.07	01:24:18.610		0.83765			4
2025.03.07	01:24:19.527		0.83764			4
2025.03.07	01:24:19.876	0.83761	0.83765			6
2025.03.07	01:24:20.685	0.83760				2
2025.03.07	01:24:21.114	0.83761				2
2025.03.07	01:24:22.637	0.83760	0.83764			6
2025.03.07	01:24:23.644	0.83761	0.83765			6
2025.03.07	01:24:23.972	0.83760	0.83764			6
2025.03.07	01:24:24.353	0.83761				2
2025.03.07	01:24:24.694		0.83765			4
2025.03.07	01:24:31.580	0.83760				2
2025.03.07	01:24:52.083	0.83761				2
2025.03.07	01:24:54.012	0.83762				2
2025.03.07	01:24:58.927	0.83760				2
2025.03.07	01:24:59.610	0.83761				2
2025.03.07	01:25:00.369	0.83761				2
2025.03.07	01:25:00.687	0.83762				2
2025.03.07	01:25:08.328	0.83761				2
2025.03.07	01:25:11.129		0.83764			4
2025.03.07	01:25:20.132		0.83765			4
2025.03.07	01:25:21.633		0.83764			4
2025.03.07	01:25:23.983	0.83760				2
2025.03.07	01:25:26.373	0.83761				2
2025.03.07	01:25:27.857	0.83760				2
2025.03.07	01:25:31.013	0.83761	0.83765			6
2025.03.07	01:25:38.815	0.83762	0.83764			6
2025.03.07	01:25:39.158	0.83761				2
2025.03.07	01:25:39.466		0.83763			4
2025.03.07	01:25:39.792		0.83764			4
2025.03.07	01:25:40.352	0.83760				2
2025.03.07	01:25:42.811		0.83763			4
2025.03.07	01:25:45.546	0.83759				2
2025.03.07	01:25:46.347	0.83761				2
2025.03.07	01:25:50.125	0.83759				2
2025.03.07	01:25:55.377	0.83758	0.83762			6
2025.03.07	01:25:55.729		0.83761			4
2025.03.07	01:26:00.504	0.83758				2
2025.03.07	01:26:16.896	0.83760	0.83763			6
2025.03.07	01:26:18.240		0.83762			4
2025.03.07	01:26:19.922		0.83763			4
2025.03.07	01:26:20.554	0.83759	0.83762			6
2025.03.07	01:26:23.954	0.83760	0.83763			6
2025.03.07	01:26:24.262		0.83762			4
2025.03.07	01:26:24.965		0.83763			4
2025.03.07	01:26:33.478		0.83762			4
2025.03.07	01:26:44.207	0.83759				2
2025.03.07	01:27:00.345	0.83759				2
2025.03.07	01:27:07.598	0.83760	0.83763			6
2025.03.07	01:27:10.154	0.83761				2
2025.03.07	01:27:10.517	0.83760				2
2025.03.07	01:27:11.167		0.83762			4
2025.03.07	01:27:12.713		0.83763			4
2025.03.07	01:27:13.359		0.83762			4
2025.03.07	01:27:14.041		0.83763			4
2025.03.07	01:27:14.423		0.83762			4
2025.03.07	01:27:16.204		0.83763			4
2025.03.07	01:27:16.558		0.83762			4
2025.03.07	01:27:18.016	0.83761	0.83763			6
2025.03.07	01:27:20.225	0.83760				2
2025.03.07	01:27:22.944		0.83762			4
2025.03.07	01:27:23.247		0.83763			4
2025.03.07	01:27:27.329		0.83762			4
2025.03.07	01:27:29.486		0.83763			4
2025.03.07	01:27:29.851		0.83762			4
2025.03.07	01:27:30.203		0.83763			4
2025.03.07	01:27:30.884		0.83762			4
2025.03.07	01:27:31.224		0.83763			4
2025.03.07	01:27:32.363		0.83762			4
2025.03.07	01:27:33.002		0.83763			4
2025.03.07	01:27:33.370		0.83762			4
2025.03.07	01:27:34.722	0.83761	0.83763			6
2025.03.07	01:27:35.110	0.83760				2
2025.03.07	01:27:37.150	0.83761				2
2025.03.07	01:27:37.913	0.83758	0.83761			6
2025.03.07	01:27:46.046	0.83757				2
2025.03.07	01:28:00.327	0.83757				2
2025.03.07	01:28:08.617		0.83760			4
2025.03.07	01:28:09.066		0.83761			4
2025.03.07	01:28:10.136		0.83760			4
2025.03.07	01:28:11.494		0.83761			4
2025.03.07	01:28:11.916		0.83760			4
2025.03.07	01:28:12.402		0.83761			4
2025.03.07	01:28:15.231		0.83760			4
2025.03.07	01:28:22.914	0.83761	0.83764			6
2025.03.07	01:28:27.756	0.83760	0.83763			6
2025.03.07	01:28:28.066	0.83758	0.83762			6
2025.03.07	01:28:29.090	0.83759				2
2025.03.07	01:28:36.411		0.83761			4
2025.03.07	01:28:36.734	0.83758				2
2025.03.07	01:28:41.047		0.83762			4
2025.03.07	01:28:41.369		0.83761			4
2025.03.07	01:29:00.314	0.83759				2
2025.03.07	01:29:00.965	0.83758				2
2025.03.07	01:29:04.676		0.83762			4
2025.03.07	01:29:04.988	0.83759				2
2025.03.07	01:29:05.950		0.83761			4
2025.03.07	01:29:08.200		0.83762			4
2025.03.07	01:29:08.512	0.83758				2
2025.03.07	01:29:08.851	0.83759				2
2025.03.07	01:29:15.245		0.83761			4
2025.03.07	01:29:23.947	0.83758				2
2025.03.07	01:29:28.806		0.83760			4
2025.03.07	01:29:29.109	0.83757	0.83761			6
2025.03.07	01:29:31.446	0.83758	0.83760			6
2025.03.07	01:29:31.816		0.83761			4
2025.03.07	01:29:40.009	0.83759				2
2025.03.07	01:29:40.713	0.83758				2
2025.03.07	01:29:42.495		0.83762			4
2025.03.07	01:29:44.005	0.83759				2
2025.03.07	01:29:46.345	0.83758	0.83761			6
2025.03.07	01:29:57.775		0.83760			4
2025.03.07	01:29:58.901		0.83761			4
2025.03.07	01:30:00.308	0.83759				2
2025.03.07	01:30:01.497		0.83762			4
2025.03.07	01:30:01.806	0.83760	0.83761			6
2025.03.07	01:30:04.239	0.83758				2
2025.03.07	01:30:04.553	0.83760				2
2025.03.07	01:30:04.949	0.83759	0.83762			6
2025.03.07	01:30:05.268	0.83762	0.83763			6
2025.03.07	01:30:07.108	0.83761	0.83762			6
2025.03.07	01:30:12.898	0.83760				2
2025.03.07	01:30:13.636		0.83761			4
2025.03.07	01:30:14.356		0.83762			4
2025.03.07	01:30:15.832	0.83762	0.83763			6
2025.03.07	01:30:21.925	0.83760	0.83762			6
2025.03.07	01:30:29.493		0.83761			4
2025.03.07	01:30:29.862		0.83762			4
2025.03.07	01:30:31.429	0.83759	0.83761			6
2025.03.07	01:30:31.732		0.83762			4
2025.03.07	01:30:32.037		0.83761			4
2025.03.07	01:30:36.474	0.83760	0.83762			6
2025.03.07	01:30:47.484	0.83761				2
2025.03.07	01:30:49.947	0.83760				2
2025.03.07	01:30:57.192	0.83759	0.83761			6
2025.03.07	01:31:00.232	0.83758	0.83759			6
2025.03.07	01:31:00.921		0.83761			4
2025.03.07	01:31:01.878		0.83760			4
2025.03.07	01:31:02.632		0.83759			4
2025.03.07	01:31:03.064		0.83761			4
2025.03.07	01:31:06.916		0.83760			4
2025.03.07	01:31:07.259		0.83759			4
2025.03.07	01:31:07.806	0.83759	0.83760			6
2025.03.07	01:31:08.109		0.83761			4
2025.03.07	01:31:08.794	0.83758	0.83760			6
2025.03.07	01:31:09.961		0.83759			4
2025.03.07	01:31:10.550		0.83760			4
2025.03.07	01:31:10.856		0.83761			4
2025.03.07	01:31:51.130		0.83760			4
2025.03.07	01:31:51.518	0.83756				2
2025.03.07	01:31:56.037		0.83761			4
2025.03.07	01:32:00.212	0.83756				2
2025.03.07	01:32:00.964	0.83759				2
2025.03.07	01:32:01.312		0.83762			4
2025.03.07	01:32:02.989		0.83761			4
2025.03.07	01:32:05.281		0.83762			4
2025.03.07	01:32:06.833		0.83761			4
2025.03.07	01:32:07.811		0.83762			4
2025.03.07	01:32:08.667		0.83761			4
2025.03.07	01:32:39.667	0.83757	0.83760			6
2025.03.07	01:32:40.353	0.83758				2
2025.03.07	01:32:41.608	0.83759				2
2025.03.07	01:32:44.190		0.83761			4
2025.03.07	01:32:47.765	0.83758	0.83760			6
2025.03.07	01:32:48.715	0.83759	0.83761			6
2025.03.07	01:32:55.128	0.83758	0.83760			6
2025.03.07	01:32:59.523	0.83759				2
2025.03.07	01:33:00.186	0.83757				2
2025.03.07	01:33:01.617	0.83759				2
2025.03.07	01:33:04.537	0.83760	0.83761			6
2025.03.07	01:33:06.907	0.83759	0.83760			6
2025.03.07	01:33:07.210		0.83761			4
2025.03.07	01:33:21.231		0.83762			4
2025.03.07	01:33:26.263		0.83761			4
2025.03.07	01:33:37.995		0.83760			4
2025.03.07	01:33:39.411		0.83761			4
2025.03.07	01:33:45.622	0.83758				2
2025.03.07	01:34:00.115	0.83759	0.83760			6
2025.03.07	01:34:00.425		0.83761			4
2025.03.07	01:34:03.405	0.83760				2
2025.03.07	01:34:21.945	0.83761	0.83762			6
2025.03.07	01:34:26.078	0.83759	0.83761			6
2025.03.07	01:34:30.471	0.83758				2
2025.03.07	01:34:34.034	0.83759	0.83762			6
2025.03.07	01:34:41.399		0.83761			4
2025.03.07	01:34:42.624	0.83758				2
2025.03.07	01:34:50.394	0.83757	0.83762			6
2025.03.07	01:34:56.506		0.83761			4
2025.03.07	01:35:00.118	0.83757				2
2025.03.07	01:35:01.678	0.83758				2
2025.03.07	01:35:02.827		0.83762			4
2025.03.07	01:35:27.234	0.83759				2
2025.03.07	01:35:29.814	0.83758				2
2025.03.07	01:35:30.966	0.83759				2
2025.03.07	01:35:38.640	0.83760				2
2025.03.07	01:35:39.168	0.83759				2
2025.03.07	01:35:40.520	0.83760				2
2025.03.07	01:35:42.573	0.83759				2
2025.03.07	01:35:47.433	0.83760				2
2025.03.07	01:35:50.867	0.83757	0.83760			6
2025.03.07	01:35:53.368		0.83761			4
2025.03.07	01:35:54.350		0.83760			4
2025.03.07	01:36:00.500	0.83757				2
2025.03.07	01:36:01.764		0.83761			4
2025.03.07	01:36:02.134		0.83760			4
2025.03.07	01:36:03.549		0.83761			4
2025.03.07	01:36:05.538	0.83760				2
2025.03.07	01:36:05.857		0.83762			4
2025.03.07	01:36:10.768		0.83761			4
2025.03.07	01:36:11.513		0.83762			4
2025.03.07	01:36:16.045	0.83756	0.83759			6
2025.03.07	01:36:16.347		0.83758			4
2025.03.07	01:36:16.853		0.83759			4
2025.03.07	01:36:17.655	0.83757	0.83758			6
2025.03.07	01:36:17.966	0.83756				2
2025.03.07	01:36:24.305		0.83759			4
2025.03.07	01:36:27.107		0.83758			4
2025.03.07	01:36:40.840	0.83755				2
2025.03.07	01:36:42.790	0.83754	0.83756			6
2025.03.07	01:36:44.333	0.83753				2
2025.03.07	01:36:46.684	0.83751	0.83754			6
2025.03.07	01:36:46.987		0.83753			4
2025.03.07	01:36:47.330	0.83750				2
2025.03.07	01:36:50.932	0.83751				2
2025.03.07	01:36:52.320	0.83750	0.83754			6
2025.03.07	01:36:53.933	0.83751				2
2025.03.07	01:36:57.030	0.83750	0.83753			6
2025.03.07	01:36:58.753		0.83752			4
2025.03.07	01:36:59.928		0.83753			4
2025.03.07	01:37:00.396	0.83752	0.83754			6
2025.03.07	01:37:02.322	0.83751				2
2025.03.07	01:37:09.723		0.83753			4
2025.03.07	01:37:16.901	0.83750				2
2025.03.07	01:37:21.749	0.83751				2
2025.03.07	01:37:22.055		0.83754			4
2025.03.07	01:37:24.232	0.83752				2
2025.03.07	01:37:28.438	0.83751				2
2025.03.07	01:37:40.528		0.83755			4
2025.03.07	01:37:40.991		0.83754			4
2025.03.07	01:37:42.364		0.83755			4
2025.03.07	01:37:42.670		0.83754			4
2025.03.07	01:38:00.485	0.83751				2
2025.03.07	01:38:02.426	0.83752				2
2025.03.07	01:38:12.861		0.83753			4
2025.03.07	01:38:13.210		0.83754			4
2025.03.07	01:38:13.643	0.83751	0.83753			6
2025.03.07	01:38:15.834	0.83750	0.83752			6
2025.03.07	01:38:18.639		0.83753			4
2025.03.07	01:38:19.570	0.83751				2
2025.03.07	01:38:20.904		0.83754			4
2025.03.07	01:38:21.707		0.83753			4
2025.03.07	01:38:23.734		0.83754			4
2025.03.07	01:38:24.767		0.83755			4
2025.03.07	01:38:28.595	0.83752	0.83753			6
2025.03.07	01:38:32.633	0.83751				2
2025.03.07	01:38:36.528		0.83755			4
2025.03.07	01:38:37.689	0.83752	0.83754			6
2025.03.07	01:38:39.401		0.83755			4
2025.03.07	01:38:40.326	0.83750	0.83753			6
2025.03.07	01:38:41.613		0.83752			4
2025.03.07	01:38:43.136	0.83749				2
2025.03.07	01:38:51.517		0.83751			4
2025.03.07	01:38:58.234	0.83748				2
2025.03.07	01:38:58.545		0.83750			4
2025.03.07	01:38:59.013	0.83747				2
2025.03.07	01:39:02.242	0.83747				2
2025.03.07	01:39:08.962		0.83751			4
2025.03.07	01:39:14.254	0.83748	0.83750			6
2025.03.07	01:39:19.118		0.83751			4
2025.03.07	01:39:19.424		0.83750			4
2025.03.07	01:39:20.386		0.83751			4
2025.03.07	01:39:24.890		0.83750			4
2025.03.07	01:39:26.557		0.83751			4
2025.03.07	01:39:27.959		0.83750			4
2025.03.07	01:39:28.552		0.83751			4
2025.03.07	01:39:47.860		0.83750			4
2025.03.07	01:39:49.021		0.83751			4
2025.03.07	01:39:50.246	0.83749	0.83752			6
2025.03.07	01:39:51.322	0.83748				2
2025.03.07	01:39:51.625		0.83751			4
2025.03.07	01:39:53.213	0.83747	0.83752			6
2025.03.07	01:39:53.672		0.83751			4
2025.03.07	01:39:54.193	0.83746	0.83750			6
2025.03.07	01:39:55.854	0.83745	0.83748			6
2025.03.07	01:39:57.027		0.83747			4
2025.03.07	01:39:59.965	0.83746	0.83748			6
2025.03.07	01:40:01.429	0.83746	0.83749			6
2025.03.07	01:40:02.900	0.83747	0.83750			6
2025.03.07	01:40:03.386		0.83749			4
2025.03.07	01:40:05.631	0.83746				2
2025.03.07	01:40:10.430	0.83747	0.83750			6
2025.03.07	01:40:11.162	0.83746	0.83748			6
2025.03.07	01:40:11.602		0.83749			4
2025.03.07	01:40:12.340	0.83745				2
2025.03.07	01:40:12.689		0.83748			4
2025.03.07	01:40:17.167	0.83746	0.83749			6
2025.03.07	01:40:17.824		0.83748			4
2025.03.07	01:40:18.403		0.83749			4
2025.03.07	01:40:22.429	0.83745	0.83747			6
2025.03.07	01:40:22.755	0.83744				2
2025.03.07	01:40:30.086	0.83745				2
2025.03.07	01:40:33.375		0.83748			4
2025.03.07	01:40:35.115		0.83747			4
2025.03.07	01:40:36.643		0.83748			4
2025.03.07	01:40:37.161		0.83747			4
2025.03.07	01:40:38.469		0.83748			4
2025.03.07	01:40:41.535		0.83747			4
2025.03.07	01:40:44.033	0.83744				2
2025.03.07	01:40:52.381	0.83737	0.83741			6
2025.03.07	01:40:52.686		0.83740			4
2025.03.07	01:40:53.821	0.83738	0.83741			6
2025.03.07	01:40:54.169	0.83737				2
2025.03.07	01:40:55.327		0.83740			4
2025.03.07	01:40:59.964		0.83739			4
2025.03.07	01:41:00.363	0.83734	0.83737			6
2025.03.07	01:41:04.707		0.83736			4
2025.03.07	01:41:05.014	0.83733				2
2025.03.07	01:41:17.941	0.83732				2
2025.03.07	01:41:19.185		0.83735			4
2025.03.07	01:41:22.683		0.83736			4
2025.03.07	01:41:28.413		0.83735			4
2025.03.07	01:41:32.936		0.83736			4
2025.03.07	01:41:36.072		0.83735			4
2025.03.07	01:41:38.199	0.83733	0.83736			6
2025.03.07	01:41:50.043		0.83737			4
2025.03.07	01:41:51.302	0.83731	0.83734			6
2025.03.07	01:41:51.610	0.83732	0.83735			6
2025.03.07	01:41:53.532	0.83731	0.83734			6
2025.03.07	01:41:55.592	0.83732	0.83735			6
2025.03.07	01:42:00.416	0.83729	0.83732			6
2025.03.07	01:42:01.512	0.83728	0.83731			6
2025.03.07	01:42:04.306	0.83725	0.83729			6
2025.03.07	01:42:04.678		0.83728			4
2025.03.07	01:42:05.102	0.83724	0.83727			6
2025.03.07	01:42:09.582	0.83725	0.83729			6
2025.03.07	01:42:10.378	0.83724	0.83727			6
2025.03.07	01:42:10.843	0.83723				2
2025.03.07	01:42:14.044		0.83726			4
2025.03.07	01:42:14.363	0.83722				2
2025.03.07	01:42:14.887	0.83723				2
2025.03.07	01:42:15.203		0.83727			4
2025.03.07	01:42:24.346		0.83726			4
2025.03.07	01:42:25.465		0.83727			4
2025.03.07	01:42:27.310	0.83724				2
2025.03.07	01:42:31.895		0.83726			4
2025.03.07	01:42:32.548		0.83727			4
2025.03.07	01:42:34.187	0.83723	0.83726			6
2025.03.07	01:42:35.002		0.83727			4
2025.03.07	01:42:38.654	0.83724				2
2025.03.07	01:42:40.789	0.83725				2
2025.03.07	01:42:42.713		0.83728			4
2025.03.07	01:42:43.358		0.83727			4
2025.03.07	01:42:45.174	0.83728	0.83731			6
2025.03.07	01:42:45.831		0.83732			4
2025.03.07	01:42:46.787	0.83731	0.83734			6
2025.03.07	01:42:48.394	0.83732	0.83733			6
2025.03.07	01:42:49.936		0.83734			4
2025.03.07	01:42:55.373	0.83731				2
2025.03.07	01:43:00.510	0.83732				2
2025.03.07	01:43:04.222		0.83735			4
2025.03.07	01:43:10.369		0.83734			4
2025.03.07	01:43:11.422		0.83735			4
2025.03.07	01:43:13.526		0.83734			4
2025.03.07	01:43:20.467		0.83735			4
2025.03.07	01:43:26.486	0.83733				2
2025.03.07	01:43:27.512	0.83734	0.83737			6
2025.03.07	01:43:29.709	0.83733				2
2025.03.07	01:43:30.052		0.83736			4
2025.03.07	01:43:33.531	0.83734				2
2025.03.07	01:43:37.186	0.83733				2
2025.03.07	01:43:39.683	0.83732	0.83735			6
2025.03.07	01:43:40.063	0.83733	0.83736			6
2025.03.07	01:43:40.633	0.83732	0.83735			6
2025.03.07	01:43:44.144		0.83736			4
2025.03.07	01:43:47.913	0.83731	0.83734			6
2025.03.07	01:43:56.239	0.83732				2
2025.03.07	01:43:56.546		0.83735			4
2025.03.07	01:44:00.232	0.83732				2
2025.03.07	01:44:12.314		0.83734			4
2025.03.07	01:44:12.640	0.83731				2
2025.03.07	01:44:22.731		0.83733			4
2025.03.07	01:44:23.477		0.83734			4
2025.03.07	01:44:25.131		0.83733			4
2025.03.07	01:44:25.701	0.83730				2
2025.03.07	01:44:28.760	0.83729	0.83732			6
2025.03.07	01:44:32.608	0.83726	0.83728			6
2025.03.07	01:44:32.913	0.83725				2
2025.03.07	01:44:34.695	0.83723	0.83726			6
2025.03.07	01:44:34.997	0.83722				2
2025.03.07	01:44:35.303	0.83724	0.83725			6
2025.03.07	01:44:36.853	0.83721	0.83723			6
2025.03.07	01:44:37.156	0.83723	0.83724			6
2025.03.07	01:44:37.909	0.83722	0.83723			6
2025.03.07	01:44:38.993	0.83721	0.83722			6
2025.03.07	01:44:43.965	0.83720	0.83721			6
2025.03.07	01:44:46.590	0.83721	0.83722			6
2025.03.07	01:44:48.685	0.83720				2
2025.03.07	01:44:59.471	0.83721	0.83724			6
2025.03.07	01:45:00.293	0.83721	0.83725			6
2025.03.07	01:45:00.608	0.83722				2
2025.03.07	01:45:02.144	0.83723				2
2025.03.07	01:45:03.206		0.83726			4
2025.03.07	01:45:06.762	0.83725	0.83727			6
2025.03.07	01:45:07.069		0.83728			4
2025.03.07	01:45:10.701		0.83729			4
2025.03.07	01:45:11.433	0.83726				2
2025.03.07	01:45:13.181	0.83725	0.83728			6
2025.03.07	01:45:13.557	0.83724				2
2025.03.07	01:45:13.911	0.83725				2
2025.03.07	01:45:17.059	0.83724	0.83727			6
2025.03.07	01:45:17.440	0.83723				2
2025.03.07	01:45:17.747	0.83721	0.83725			6
2025.03.07	01:45:33.602	0.83724				2
2025.03.07	01:45:34.020	0.83721				2
2025.03.07	01:45:35.991		0.83726			4
2025.03.07	01:45:36.367	0.83722				2
2025.03.07	01:45:37.199		0.83725			4
2025.03.07	01:45:38.264	0.83723				2
2025.03.07	01:45:38.580		0.83726			4
2025.03.07	01:45:40.216	0.83724	0.83727			6
2025.03.07	01:45:46.728	0.83726	0.83730			6
2025.03.07	01:45:47.762		0.83729			4
2025.03.07	01:45:48.739		0.83730			4
2025.03.07	01:45:49.212		0.83731			4
2025.03.07	01:45:49.679		0.83730			4
2025.03.07	01:45:51.742	0.83727	0.83731			6
2025.03.07	01:45:52.299	0.83726	0.83730			6
2025.03.07	01:45:58.113	0.83725				2
2025.03.07	01:46:00.348	0.83726				2
2025.03.07	01:46:04.215		0.83729			4
2025.03.07	01:46:05.381	0.83727	0.83730			6
2025.03.07	01:46:15.935	0.83728				2
2025.03.07	01:46:16.313	0.83727				2
2025.03.07	01:46:19.516		0.83731			4
2025.03.07	01:46:19.904		0.83730			4
2025.03.07	01:46:20.519		0.83731			4
2025.03.07	01:46:21.414		0.83730			4
2025.03.07	01:46:21.857		0.83731			4
2025.03.07	01:46:25.602		0.83730			4
2025.03.07	01:46:29.165		0.83731			4
2025.03.07	01:46:35.061	0.83726	0.83730			6
2025.03.07	01:46:38.161	0.83725	0.83731			6
2025.03.07	01:46:38.763		0.83730			4
2025.03.07	01:46:40.423	0.83721	0.83724			6
2025.03.07	01:46:40.726	0.83722	0.83726			6
2025.03.07	01:46:44.775	0.83723				2
2025.03.07	01:46:45.412		0.83725			4
2025.03.07	01:46:51.234		0.83726			4
2025.03.07	01:46:52.550	0.83722	0.83725			6
2025.03.07	01:46:56.570	0.83721	0.83723			6
2025.03.07	01:46:57.341		0.83724			4
2025.03.07	01:47:02.190	0.83721				2
2025.03.07	01:47:04.446	0.83722	0.83725			6
2025.03.07	01:47:14.614	0.83721	0.83724			6
2025.03.07	01:47:15.009	0.83722	0.83725			6
2025.03.07	01:47:15.384	0.83720	0.83723			6
2025.03.07	01:47:17.752	0.83719	0.83722			6
2025.03.07	01:47:18.161		0.83723			4
2025.03.07	01:47:19.186	0.83720	0.83722			6
2025.03.07	01:47:20.650		0.83723			4
2025.03.07	01:47:21.213		0.83722			4
2025.03.07	01:47:32.161		0.83723			4
2025.03.07	01:47:33.782	0.83721				2
2025.03.07	01:47:43.394		0.83724			4
2025.03.07	01:47:48.365	0.83723	0.83725			6
2025.03.07	01:48:00.226	0.83724				2
2025.03.07	01:48:06.669	0.83722	0.83723			6
2025.03.07	01:48:07.142	0.83723	0.83725			6
2025.03.07	01:48:12.972	0.83721				2
2025.03.07	01:48:13.461	0.83722				2
2025.03.07	01:48:13.862	0.83721				2
2025.03.07	01:48:14.426	0.83723				2
2025.03.07	01:48:19.345	0.83724	0.83727			6
2025.03.07	01:48:20.356		0.83728			4
2025.03.07	01:48:20.784		0.83727			4
2025.03.07	01:48:24.561		0.83728			4
2025.03.07	01:48:29.273	0.83725				2
2025.03.07	01:48:33.232		0.83727			4
2025.03.07	01:48:36.817	0.83726	0.83728			6
2025.03.07	01:48:47.569	0.83725				2
2025.03.07	01:49:00.811	0.83725				2
2025.03.07	01:49:02.765	0.83724				2
2025.03.07	01:49:05.908	0.83725	0.83729			6
2025.03.07	01:49:06.623		0.83728			4
2025.03.07	01:49:10.131	0.83724				2
2025.03.07	01:49:14.483		0.83727			4
2025.03.07	01:49:16.682		0.83726			4
2025.03.07	01:49:32.052	0.83723				2
2025.03.07	01:49:41.083	0.83724				2
2025.03.07	01:50:00.512	0.83724				2
2025.03.07	01:50:02.420	0.83721	0.83724			6
2025.03.07	01:50:07.732	0.83718	0.83721			6
2025.03.07	01:50:15.632		0.83722			4
2025.03.07	01:50:17.989	0.83717	0.83721			6
2025.03.07	01:50:32.585	0.83718				2
2025.03.07	01:50:45.553	0.83719	0.83722			6
2025.03.07	01:50:47.713	0.83718	0.83721			6
2025.03.07	01:50:49.292	0.83717	0.83720			6
2025.03.07	01:51:00.000	0.83716	0.83719			6
2025.03.07	01:51:00.488	0.83717	0.83720			6
2025.03.07	01:51:02.834		0.83721			4
2025.03.07	01:51:05.407	0.83718				2
2025.03.07	01:51:08.661	0.83716	0.83719			6
2025.03.07	01:51:09.191	0.83717	0.83720			6
2025.03.07	01:51:09.533		0.83721			4
2025.03.07	01:51:10.390	0.83716	0.83719			6
2025.03.07	01:51:11.727	0.83717	0.83720			6
2025.03.07	01:51:12.692		0.83719			4
2025.03.07	01:51:12.998		0.83720			4
2025.03.07	01:51:14.406	0.83716				2
2025.03.07	01:51:14.826		0.83719			4
2025.03.07	01:51:15.596	0.83717	0.83720			6
2025.03.07	01:51:15.965		0.83721			4
2025.03.07	01:51:17.499		0.83720			4
2025.03.07	01:51:20.662		0.83719			4
2025.03.07	01:51:21.105		0.83720			4
2025.03.07	01:51:22.323		0.83721			4
2025.03.07	01:51:23.380		0.83720			4
2025.03.07	01:51:23.712		0.83721			4
2025.03.07	01:51:40.682	0.83718				2
2025.03.07	01:51:43.797		0.83720			4
2025.03.07	01:51:47.181	0.83715	0.83717			6
2025.03.07	01:51:57.226	0.83714				2
2025.03.07	01:52:03.545	0.83714				2
2025.03.07	01:52:05.344	0.83715				2
2025.03.07	01:52:06.454		0.83718			4
2025.03.07	01:52:07.488		0.83717			4
2025.03.07	01:52:12.386	0.83714				2
2025.03.07	01:52:13.583	0.83715	0.83719			6
2025.03.07	01:52:13.886		0.83718			4
2025.03.07	01:52:14.279		0.83719			4
2025.03.07	01:52:16.073	0.83716				2
2025.03.07	01:52:16.387		0.83720			4
2025.03.07	01:52:16.729		0.83719			4
2025.03.07	01:52:17.853		0.83720			4
2025.03.07	01:52:19.582	0.83717				2
2025.03.07	01:52:24.066		0.83719			4
2025.03.07	01:52:24.780	0.83716				2
2025.03.07	01:52:29.567		0.83720			4
2025.03.07	01:52:30.861		0.83719			4
2025.03.07	01:52:31.759		0.83720			4
2025.03.07	01:52:34.439		0.83719			4
2025.03.07	01:52:35.145	0.83717				2
2025.03.07	01:52:35.574		0.83720			4
2025.03.07	01:52:39.777	0.83718				2
2025.03.07	01:52:44.971	0.83719				2
2025.03.07	01:52:46.161	0.83718	0.83721			6
2025.03.07	01:52:52.030	0.83717	0.83719			6
2025.03.07	01:52:52.346	0.83718	0.83720			6
2025.03.07	01:52:55.389		0.83719			4
2025.03.07	01:53:00.421	0.83718	0.83720			6
2025.03.07	01:53:01.192	0.83717				2
2025.03.07	01:53:03.668	0.83719	0.83721			6
2025.03.07	01:53:06.185		0.83722			4
2025.03.07	01:53:24.974	0.83720				2
2025.03.07	01:53:28.346		0.83723			4
2025.03.07	01:53:28.906		0.83722			4
2025.03.07	01:53:30.507		0.83723			4
2025.03.07	01:53:32.492		0.83722			4
2025.03.07	01:53:33.571		0.83723			4
2025.03.07	01:53:33.998		0.83722			4
2025.03.07	01:53:34.370		0.83723			4
2025.03.07	01:53:37.439		0.83722			4
2025.03.07	01:53:42.624	0.83722	0.83723			6
2025.03.07	01:53:43.869		0.83724			4
2025.03.07	01:53:44.347	0.83721	0.83723			6
2025.03.07	01:54:00.384	0.83721				2
2025.03.07	01:54:05.566		0.83724			4
2025.03.07	01:54:06.346		0.83722			4
2025.03.07	01:54:08.189		0.83723			4
2025.03.07	01:54:09.031	0.83722				2
2025.03.07	01:54:17.364	0.83721				2
2025.03.07	01:54:17.668	0.83722	0.83725			6
2025.03.07	01:54:18.030	0.83723				2
2025.03.07	01:54:27.283	0.83721	0.83724			6
2025.03.07	01:54:28.062	0.83722				2
2025.03.07	01:54:28.485	0.83721				2
2025.03.07	01:54:29.753	0.83722	0.83726			6
2025.03.07	01:54:30.793		0.83724			4
2025.03.07	01:54:35.366	0.83721	0.83725			6
2025.03.07	01:54:35.805		0.83724			4
2025.03.07	01:54:39.126		0.83725			4
2025.03.07	01:54:40.875	0.83722				2
2025.03.07	01:54:42.162		0.83726			4
2025.03.07	01:54:42.475	0.83723				2
2025.03.07	01:54:44.441		0.83725			4
2025.03.07	01:54:45.376	0.83722				2
2025.03.07	01:54:46.251		0.83724			4
2025.03.07	01:54:52.943		0.83725			4
2025.03.07	01:54:56.546	0.83721	0.83724			6
2025.03.07	01:55:00.232	0.83720	0.83723			6
2025.03.07	01:55:00.551		0.83722			4
2025.03.07	01:55:00.917		0.83723			4
2025.03.07	01:55:02.373		0.83722			4
2025.03.07	01:55:06.164	0.83719				2
2025.03.07	01:55:19.449	0.83718	0.83721			6
2025.03.07	01:55:21.385	0.83717	0.83720			6
2025.03.07	01:55:24.687		0.83719			4
2025.03.07	01:55:31.568	0.83715	0.83720			6
2025.03.07	01:55:31.900	0.83714	0.83718			6
2025.03.07	01:55:32.208		0.83717			4
2025.03.07	01:55:35.378		0.83716			4
2025.03.07	01:55:36.074	0.83712	0.83715			6
2025.03.07	01:55:38.530	0.83713	0.83716			6
2025.03.07	01:55:38.931	0.83712	0.83715			6
2025.03.07	01:55:46.441	0.83710	0.83711			6
2025.03.07	01:55:47.112		0.83712			4
2025.03.07	01:55:49.082	0.83708	0.83711			6
2025.03.07	01:55:49.386	0.83707				2
2025.03.07	01:55:49.701	0.83708	0.83710			6
2025.03.07	01:55:50.153	0.83706	0.83711			6
2025.03.07	01:55:50.486	0.83707	0.83709			6
2025.03.07	01:55:50.805	0.83706	0.83711			6
2025.03.07	01:55:52.006		0.83709			4
2025.03.07	01:55:52.347	0.83705	0.83710			6
2025.03.07	01:55:54.254	0.83706	0.83708			6
2025.03.07	01:55:56.768		0.83709			4
2025.03.07	01:55:57.089		0.83708			4
2025.03.07	01:55:58.361	0.83699	0.83701			6
2025.03.07	01:55:59.041		0.83702			4
2025.03.07	01:56:00.361	0.83699				2
2025.03.07	01:56:02.377	0.83701				2
2025.03.07	01:56:02.686	0.83700				2
2025.03.07	01:56:05.438	0.83699				2
2025.03.07	01:56:11.941		0.83701			4
2025.03.07	01:56:12.458	0.83700	0.83703			6
2025.03.07	01:56:12.769	0.83701	0.83704			6
2025.03.07	01:56:13.712		0.83703			4
2025.03.07	01:56:14.027	0.83700				2
2025.03.07	01:56:14.948		0.83702			4
2025.03.07	01:56:19.028	0.83701	0.83703			6
2025.03.07	01:56:32.502	0.83700				2
2025.03.07	01:56:36.266	0.83704	0.83706			6
2025.03.07	01:56:36.759		0.83707			4
2025.03.07	01:56:39.467	0.83705				2
2025.03.07	01:56:45.726	0.83707	0.83710			6
2025.03.07	01:56:50.441	0.83709	0.83712			6
2025.03.07	01:56:50.832	0.83711	0.83713			6
2025.03.07	01:56:51.167		0.83712			4
2025.03.07	01:56:51.535		0.83713			4
2025.03.07	01:56:54.024	0.83710	0.83712			6
2025.03.07	01:57:00.204	0.83710				2
2025.03.07	01:57:04.170	0.83711	0.83713			6
2025.03.07	01:57:14.919		0.83714			4
2025.03.07	01:57:22.012	0.83712				2
2025.03.07	01:57:28.032	0.83711				2
2025.03.07	01:57:28.364	0.83712				2
2025.03.07	01:57:30.141	0.83713	0.83715			6
2025.03.07	01:57:30.449	0.83716	0.83717			6
2025.03.07	01:57:33.973	0.83719	0.83721			6
2025.03.07	01:57:38.366	0.83720	0.83722			6
2025.03.07	01:57:39.112		0.83721			4
2025.03.07	01:57:50.968	0.83719				2
2025.03.07	01:58:00.368	0.83719	0.83720			6
2025.03.07	01:58:00.717	0.83716	0.83719			6
2025.03.07	01:58:02.128		0.83720			4
2025.03.07	01:58:04.677	0.83718	0.83719			6
2025.03.07	01:58:05.377		0.83720			4
2025.03.07	01:58:07.413		0.83722			4
2025.03.07	01:58:07.897	0.83719				2
2025.03.07	01:58:12.471	0.83720	0.83721			6
2025.03.07	01:58:22.688		0.83722			4
2025.03.07	01:58:24.232	0.83721				2
2025.03.07	01:58:24.545		0.83724			4
2025.03.07	01:58:35.228	0.83724	0.83725			6
2025.03.07	01:58:39.672	0.83725	0.83726			6
2025.03.07	01:58:45.482	0.83726	0.83728			6
2025.03.07	01:58:45.831		0.83729			4
2025.03.07	01:58:47.457	0.83731	0.83733			6
2025.03.07	01:58:47.767	0.83734	0.83736			6
2025.03.07	01:58:48.069		0.83737			4
2025.03.07	01:58:49.067	0.83736	0.83738			6
2025.03.07	01:58:49.411	0.83735	0.83737			6
2025.03.07	01:58:49.726		0.83738			4
2025.03.07	01:58:52.684	0.83734	0.83736			6
2025.03.07	01:58:54.716	0.83733	0.83735			6
2025.03.07	01:58:56.276	0.83732	0.83734			6
2025.03.07	01:58:58.812	0.83731	0.83733			6
2025.03.07	01:59:00.322	0.83731	0.83734			6
2025.03.07	01:59:00.866		0.83733			4
2025.03.07	01:59:06.346	0.83730				2
2025.03.07	01:59:06.889		0.83731			4
2025.03.07	01:59:07.777		0.83734			4
2025.03.07	01:59:08.086	0.83729	0.83732			6
2025.03.07	01:59:10.949	0.83730				2
2025.03.07	01:59:11.274	0.83731	0.83733			6
2025.03.07	01:59:11.577	0.83729	0.83734			6
2025.03.07	01:59:11.887	0.83728	0.83733			6
2025.03.07	01:59:12.210	0.83731	0.83734			6
2025.03.07	01:59:13.063	0.83732				2
2025.03.07	01:59:16.732	0.83731	0.83732			6
2025.03.07	01:59:17.352	0.83730				2
2025.03.07	01:59:17.802		0.83731			4
2025.03.07	01:59:18.206		0.83732			4
2025.03.07	01:59:24.055	0.83729	0.83731			6
2025.03.07	01:59:25.130	0.83728	0.83733			6
2025.03.07	01:59:25.445	0.83731				2
2025.03.07	01:59:25.774	0.83729	0.83734			6
2025.03.07	01:59:26.202	0.83730				2
2025.03.07	01:59:36.152	0.83732	0.83733			6
2025.03.07	01:59:36.468		0.83735			4
2025.03.07	01:59:37.894	0.83730	0.83733			6
2025.03.07	01:59:38.604	0.83729	0.83732			6
2025.03.07	01:59:39.419	0.83732	0.83735			6
2025.03.07	01:59:53.392	0.83728	0.83732			6
2025.03.07	01:59:54.362	0.83727				2
2025.03.07	01:59:56.681	0.83730	0.83733			6
2025.03.07	01:59:59.074		0.83732			4
2025.03.07	01:59:59.450	0.83731				2
2025.03.07	01:59:59.849		0.83733			4
2025.03.07	02:00:00.307	0.83730	0.83732			6
2025.03.07	02:00:00.997	0.83728				2
2025.03.07	02:00:01.309	0.83730	0.83733			6
2025.03.07	02:00:01.953		0.83734			4
2025.03.07	02:00:02.381	0.83731				2
2025.03.07	02:00:02.798		0.83732			4
2025.03.07	02:00:04.251	0.83733	0.83734			6
2025.03.07	02:00:04.684	0.83731	0.83733			6
2025.03.07	02:00:05.017	0.83733	0.83735			6
2025.03.07	02:00:08.375	0.83734				2
2025.03.07	02:00:09.575		0.83736			4
2025.03.07	02:00:09.876		0.83735			4
2025.03.07	02:00:14.138	0.83735	0.83736			6
2025.03.07	02:00:15.078	0.83734	0.83735			6
2025.03.07	02:00:18.633	0.83733	0.83734			6
2025.03.07	02:00:20.761	0.83734	0.83735			6
2025.03.07	02:00:31.400	0.83735	0.83736			6
2025.03.07	02:00:35.334	0.83739	0.83740			6
2025.03.07	02:00:35.972	0.83741	0.83742			6
2025.03.07	02:00:36.369	0.83744	0.83745			6
2025.03.07	02:00:36.689	0.83743	0.83744			6
2025.03.07	02:00:39.238	0.83742	0.83743			6
2025.03.07	02:00:42.563	0.83743	0.83744			6
2025.03.07	02:00:46.329	0.83747	0.83748			6
2025.03.07	02:00:46.676	0.83746				2
2025.03.07	02:00:51.250	0.83748	0.83749			6
2025.03.07	02:00:54.594	0.83749	0.83750			6
2025.03.07	02:00:54.900	0.83750	0.83751			6
2025.03.07	02:01:00.263	0.83750				2
2025.03.07	02:01:01.190	0.83751	0.83752			6
2025.03.07	02:01:03.658	0.83750	0.83751			6
2025.03.07	02:01:04.684	0.83749	0.83750			6
2025.03.07	02:01:23.271	0.83751	0.83752			6
2025.03.07	02:01:25.978	0.83750				2
2025.03.07	02:01:26.791	0.83752	0.83753			6
2025.03.07	02:01:27.114	0.83754	0.83756			6
2025.03.07	02:01:27.424	0.83755				2
2025.03.07	02:01:34.812		0.83757			4
2025.03.07	02:01:35.357		0.83756			4
2025.03.07	02:01:42.137	0.83754	0.83755			6
2025.03.07	02:01:45.917	0.83753	0.83754			6
2025.03.07	02:01:48.878	0.83752	0.83753			6
2025.03.07	02:01:51.529	0.83751	0.83752			6
2025.03.07	02:01:59.147	0.83749				2
2025.03.07	02:01:59.475	0.83750	0.83751			6
2025.03.07	02:01:59.873	0.83749	0.83753			6
2025.03.07	02:02:00.375	0.83750	0.83751			6
2025.03.07	02:02:01.842	0.83751	0.83752			6
2025.03.07	02:02:03.111	0.83752	0.83753			6
2025.03.07	02:02:05.903	0.83753	0.83754			6
2025.03.07	02:02:06.214	0.83754	0.83755			6
2025.03.07	02:02:13.418		0.83756			4
2025.03.07	02:02:15.347		0.83755			4
2025.03.07	02:02:30.194	0.83755	0.83756			6
2025.03.07	02:02:30.510	0.83754	0.83755			6
2025.03.07	02:02:30.821	0.83755	0.83756			6
2025.03.07	02:02:31.152	0.83754	0.83755			6
2025.03.07	02:02:31.525	0.83755	0.83756			6
2025.03.07	02:02:47.083	0.83756	0.83757			6
2025.03.07	02:02:48.731	0.83755	0.83756			6
2025.03.07	02:03:00.413	0.83756	0.83757			6
2025.03.07	02:03:00.718	0.83755	0.83756			6
2025.03.07	02:03:21.273	0.83756	0.83757			6
2025.03.07	02:03:23.528	0.83755	0.83756			6
2025.03.07	02:03:27.007		0.83757			4
2025.03.07	02:03:49.162		0.83756			4
2025.03.07	02:03:52.986	0.83752	0.83753			6
2025.03.07	02:03:54.726	0.83753	0.83754			6
2025.03.07	02:03:55.027	0.83751	0.83752			6
2025.03.07	02:03:55.389	0.83749	0.83750			6
2025.03.07	02:04:00.071	0.83749				2
2025.03.07	02:04:13.274	0.83751	0.83752			6
2025.03.07	02:04:13.636	0.83750	0.83751			6
2025.03.07	02:04:26.375	0.83751	0.83752			6
2025.03.07	02:04:28.811	0.83750	0.83751			6
2025.03.07	02:04:41.728	0.83749				2
2025.03.07	02:04:42.620		0.83750			4
2025.03.07	02:04:42.943	0.83751	0.83752			6
2025.03.07	02:04:44.560	0.83750	0.83751			6
2025.03.07	02:04:45.185	0.83752	0.83753			6
2025.03.07	02:04:46.347		0.83754			4
2025.03.07	02:04:46.686		0.83753			4
2025.03.07	02:04:47.761	0.83753	0.83754			6
2025.03.07	02:04:50.457	0.83754	0.83755			6
2025.03.07	02:04:51.732	0.83752	0.83754			6
2025.03.07	02:04:52.387	0.83753				2
2025.03.07	02:04:52.706	0.83754	0.83755			6
2025.03.07	02:04:53.193	0.83753	0.83754			6
2025.03.07	02:04:54.288	0.83754	0.83755			6
2025.03.07	02:04:54.663	0.83749	0.83750			6
2025.03.07	02:04:55.292	0.83748	0.83749			6
2025.03.07	02:04:56.354	0.83749	0.83750			6
2025.03.07	02:04:57.942	0.83748				2
2025.03.07	02:05:00.279	0.83748				2
2025.03.07	02:05:00.643		0.83749			4
2025.03.07	02:05:03.753	0.83749	0.83750			6
2025.03.07	02:05:18.054	0.83746	0.83747			6
2025.03.07	02:05:18.367	0.83747	0.83748			6
2025.03.07	02:05:22.131	0.83743	0.83744			6
2025.03.07	02:05:23.505	0.83742	0.83743			6
2025.03.07	02:05:24.530	0.83741	0.83742			6
2025.03.07	02:05:30.206	0.83742	0.83743			6
2025.03.07	02:05:31.284	0.83741	0.83742			6
2025.03.07	02:05:37.403	0.83740	0.83741			6
2025.03.07	02:05:47.041	0.83739	0.83740			6
2025.03.07	02:05:47.347	0.83740	0.83741			6
2025.03.07	02:05:49.079	0.83743	0.83744			6
2025.03.07	02:05:52.249	0.83744	0.83746			6
2025.03.07	02:05:55.764	0.83745				2
2025.03.07	02:05:56.160	0.83746	0.83747			6
2025.03.07	02:05:56.471	0.83744	0.83745			6
2025.03.07	02:05:56.804	0.83743	0.83744			6
2025.03.07	02:06:00.231	0.83744	0.83745			6
2025.03.07	02:06:00.549	0.83743	0.83744			6
2025.03.07	02:06:01.056	0.83742				2
2025.03.07	02:06:01.633		0.83743			4
2025.03.07	02:06:16.031	0.83743	0.83744			6
2025.03.07	02:06:25.451	0.83745	0.83746			6
2025.03.07	02:06:25.770	0.83746	0.83747			6
2025.03.07	02:06:28.254	0.83745				2
2025.03.07	02:06:30.773		0.83746			4
2025.03.07	02:06:31.484	0.83747	0.83749			6
2025.03.07	02:06:31.791	0.83748				2
2025.03.07	02:06:33.437	0.83749	0.83750			6
2025.03.07	02:06:50.288	0.83748	0.83749			6
2025.03.07	02:06:52.022	0.83747	0.83748			6
2025.03.07	02:06:53.488	0.83746	0.83747			6
2025.03.07	02:06:54.221	0.83745	0.83746			6
2025.03.07	02:06:54.831		0.83747			4
2025.03.07	02:06:55.147	0.83746				2
2025.03.07	02:06:56.206	0.83745	0.83746			6
2025.03.07	02:07:00.232	0.83745				2
2025.03.07	02:07:06.655	0.83747	0.83748			6
2025.03.07	02:07:12.558	0.83746	0.83747			6
2025.03.07	02:07:20.776	0.83748	0.83749			6
2025.03.07	02:07:21.337	0.83747	0.83748			6
2025.03.07	02:07:24.711	0.83748	0.83749			6
2025.03.07	02:07:30.742	0.83747	0.83748			6
2025.03.07	02:07:31.608	0.83748	0.83749			6
2025.03.07	02:07:39.011	0.83745	0.83746			6
2025.03.07	02:07:40.315	0.83744	0.83745			6
2025.03.07	02:07:42.848	0.83745	0.83746			6
2025.03.07	02:07:45.938	0.83746	0.83747			6
2025.03.07	02:07:47.643	0.83747	0.83748			6
2025.03.07	02:07:59.291		0.83749			4
2025.03.07	02:07:59.861	0.83748				2
2025.03.07	02:08:00.732	0.83748				2
2025.03.07	02:08:02.535	0.83747	0.83748			6
2025.03.07	02:08:10.073	0.83748	0.83749			6
2025.03.07	02:08:39.440	0.83749	0.83750			6
2025.03.07	02:08:56.356	0.83748	0.83749			6
2025.03.07	02:09:00.146	0.83748				2
2025.03.07	02:09:11.556	0.83745	0.83746			6
2025.03.07	02:09:11.868	0.83746	0.83747			6
2025.03.07	02:09:17.651	0.83745	0.83746			6
2025.03.07	02:09:20.392	0.83744	0.83745			6
2025.03.07	02:09:23.625	0.83745	0.83746			6
2025.03.07	02:09:24.472	0.83744				2
2025.03.07	02:09:24.781	0.83745				2
2025.03.07	02:09:25.466	0.83746	0.83747			6
2025.03.07	02:09:25.786	0.83745	0.83746			6
2025.03.07	02:09:26.287	0.83746	0.83747			6
2025.03.07	02:09:27.543	0.83747	0.83748			6
2025.03.07	02:09:28.358	0.83745	0.83746			6
2025.03.07	02:09:28.680	0.83744	0.83745			6
2025.03.07	02:09:29.017	0.83745	0.83746			6
2025.03.07	02:09:38.191	0.83744	0.83745			6
2025.03.07	02:09:38.873	0.83745	0.83746			6
2025.03.07	02:09:47.333	0.83746	0.83747			6
2025.03.07	02:09:52.718	0.83747	0.83748			6
2025.03.07	02:09:57.006	0.83744	0.83745			6
2025.03.07	02:09:57.634	0.83745	0.83746			6
2025.03.07	02:10:00.395	0.83745				2
2025.03.07	02:10:01.622	0.83744				2
2025.03.07	02:10:02.773	0.83745				2
2025.03.07	02:10:03.421	0.83746	0.83747			6
2025.03.07	02:10:14.530	0.83745	0.83746			6
2025.03.07	02:10:14.926	0.83744	0.83745			6
2025.03.07	02:10:15.547	0.83743	0.83744			6
2025.03.07	02:10:17.543	0.83744	0.83745			6
2025.03.07	02:10:26.343	0.83745	0.83746			6
2025.03.07	02:10:30.212	0.83744	0.83745			6
2025.03.07	02:10:44.525	0.83745	0.83746			6
2025.03.07	02:10:58.314	0.83744	0.83745			6
2025.03.07	02:10:59.548	0.83746	0.83747			6
2025.03.07	02:11:00.000	0.83746				2
2025.03.07	02:11:02.222	0.83745	0.83746			6
2025.03.07	02:11:04.015	0.83744	0.83745			6
2025.03.07	02:11:05.270	0.83745	0.83746			6
2025.03.07	02:11:06.366	0.83744	0.83745			6
2025.03.07	02:11:06.722	0.83745	0.83746			6
2025.03.07	02:11:07.863	0.83744	0.83745			6
2025.03.07	02:11:08.203	0.83745	0.83746			6
2025.03.07	02:11:10.079	0.83744	0.83745			6
2025.03.07	02:11:13.771	0.83745	0.83746			6
2025.03.07	02:11:19.844	0.83744	0.83745			6
2025.03.07	02:11:23.805	0.83745	0.83746			6
2025.03.07	02:11:24.118	0.83746	0.83747			6
2025.03.07	02:11:24.427	0.83747	0.83748			6
2025.03.07	02:11:25.170	0.83750	0.83751			6
2025.03.07	02:11:25.741	0.83749	0.83750			6
2025.03.07	02:11:27.338	0.83750	0.83751			6
2025.03.07	02:11:36.455	0.83749	0.83750			6
2025.03.07	02:11:38.786	0.83750	0.83751			6
2025.03.07	02:11:53.449	0.83749	0.83750			6
2025.03.07	02:12:00.422	0.83749				2
2025.03.07	02:12:03.395	0.83748	0.83749			6
2025.03.07	02:12:04.094	0.83749	0.83750			6
2025.03.07	02:12:05.194	0.83746	0.83747			6
2025.03.07	02:12:06.934	0.83747	0.83748			6
2025.03.07	02:12:10.385	0.83746	0.83747			6
2025.03.07	02:12:10.703	0.83747	0.83748			6
2025.03.07	02:12:11.010	0.83746	0.83747			6
2025.03.07	02:12:12.668	0.83745	0.83746			6
2025.03.07	02:12:12.991	0.83746	0.83747			6
2025.03.07	02:12:13.328	0.83747	0.83748			6
2025.03.07	02:12:19.120	0.83748	0.83749			6
2025.03.07	02:12:20.353	0.83747	0.83748			6
2025.03.07	02:12:29.677	0.83745	0.83746			6
2025.03.07	02:12:33.202	0.83744	0.83745			6
2025.03.07	02:12:34.351	0.83745	0.83746			6
2025.03.07	02:12:39.467	0.83747	0.83748			6
2025.03.07	02:12:41.734	0.83746				2
2025.03.07	02:12:42.368	0.83747				2
2025.03.07	02:12:43.680	0.83745	0.83746			6
2025.03.07	02:12:44.763	0.83744	0.83745			6
2025.03.07	02:12:45.232	0.83745	0.83746			6
2025.03.07	02:12:47.305	0.83744				2
2025.03.07	02:12:48.696		0.83745			4
2025.03.07	02:13:00.204	0.83744				2
2025.03.07	02:13:02.286	0.83745	0.83746			6
2025.03.07	02:13:04.276	0.83744				2
2025.03.07	02:13:08.876	0.83747	0.83748			6
2025.03.07	02:13:11.592	0.83748	0.83749			6
2025.03.07	02:13:11.906	0.83747	0.83748			6
2025.03.07	02:13:12.308	0.83748	0.83749			6
2025.03.07	02:13:12.613	0.83747	0.83748			6
2025.03.07	02:13:24.277	0.83748	0.83749			6
2025.03.07	02:13:28.121	0.83747	0.83748			6
2025.03.07	02:13:29.589	0.83749	0.83750			6
2025.03.07	02:13:30.786	0.83750	0.83751			6
2025.03.07	02:13:32.354	0.83748	0.83749			6
2025.03.07	02:13:33.511	0.83747				2
2025.03.07	02:13:33.976	0.83749	0.83750			6
2025.03.07	02:13:38.516	0.83750	0.83751			6
2025.03.07	02:13:39.304	0.83749	0.83750			6
2025.03.07	02:13:42.748	0.83748	0.83751			6
2025.03.07	02:13:45.312	0.83749				2
2025.03.07	02:13:47.508	0.83748				2
2025.03.07	02:13:48.563	0.83749				2
2025.03.07	02:13:50.407	0.83754	0.83755			6
2025.03.07	02:13:50.717	0.83753	0.83754			6
2025.03.07	02:13:53.403	0.83754	0.83755			6
2025.03.07	02:13:53.738	0.83755	0.83756			6
2025.03.07	02:13:58.354	0.83754	0.83755			6
2025.03.07	02:14:00.325	0.83753	0.83754			6
2025.03.07	02:14:00.657		0.83755			4
2025.03.07	02:14:00.967		0.83754			4
2025.03.07	02:14:10.138	0.83749	0.83750			6
2025.03.07	02:14:15.976	0.83748	0.83749			6
2025.03.07	02:14:16.287	0.83747	0.83748			6
2025.03.07	02:14:18.275	0.83749	0.83750			6
2025.03.07	02:14:21.752	0.83750	0.83751			6
2025.03.07	02:14:22.076	0.83749	0.83750			6
2025.03.07	02:14:35.268	0.83750	0.83751			6
2025.03.07	02:14:51.085	0.83749	0.83750			6
2025.03.07	02:14:58.612	0.83748	0.83749			6
2025.03.07	02:15:00.672	0.83748				2
2025.03.07	02:15:35.309	0.83747	0.83748			6
2025.03.07	02:15:40.247	0.83746	0.83747			6
2025.03.07	02:15:40.638	0.83747	0.83748			6
2025.03.07	02:15:53.212	0.83746	0.83747			6
2025.03.07	02:15:53.528	0.83744	0.83745			6
2025.03.07	02:15:56.943	0.83742	0.83743			6
2025.03.07	02:15:59.883	0.83741	0.83742			6
2025.03.07	02:16:00.616	0.83741				2
2025.03.07	02:16:03.340	0.83743	0.83744			6
2025.03.07	02:16:03.665	0.83742	0.83743			6
2025.03.07	02:16:10.700	0.83743	0.83744			6
2025.03.07	02:16:11.005	0.83744	0.83745			6
2025.03.07	02:16:11.309	0.83747	0.83748			6
2025.03.07	02:16:11.927	0.83745	0.83746			6
2025.03.07	02:16:12.251	0.83744	0.83745			6
2025.03.07	02:16:28.951	0.83745	0.83746			6
2025.03.07	02:16:31.208	0.83746	0.83747			6
2025.03.07	02:16:41.382	0.83747	0.83748			6
2025.03.07	02:16:42.690	0.83745	0.83746			6
2025.03.07	02:16:49.435	0.83744				2
2025.03.07	02:16:49.761	0.83745				2
2025.03.07	02:16:51.175	0.83746	0.83747			6
2025.03.07	02:16:52.054	0.83747	0.83748			6
2025.03.07	02:17:00.157	0.83747				2
2025.03.07	02:17:02.380		0.83749			4
2025.03.07	02:17:04.966	0.83748				2
2025.03.07	02:17:06.440	0.83747				2
2025.03.07	02:17:06.792	0.83748				2
2025.03.07	02:17:07.512	0.83747				2
2025.03.07	02:17:08.266	0.83748				2
2025.03.07	02:17:08.590	0.83747				2
2025.03.07	02:17:10.252		0.83748			4
2025.03.07	02:17:20.403	0.83751	0.83752			6
2025.03.07	02:17:21.450	0.83750	0.83751			6
2025.03.07	02:17:22.870	0.83749	0.83750			6
2025.03.07	02:17:30.123	0.83750	0.83751			6
2025.03.07	02:17:34.345	0.83751	0.83752			6
2025.03.07	02:17:34.680	0.83750	0.83751			6
2025.03.07	02:17:38.793	0.83751	0.83752			6
2025.03.07	02:17:44.758	0.83749	0.83750			6
2025.03.07	02:17:46.885	0.83751	0.83752			6
2025.03.07	02:17:47.226	0.83752	0.83753			6
2025.03.07	02:17:49.308	0.83750	0.83751			6
2025.03.07	02:17:50.356	0.83749	0.83750			6
2025.03.07	02:17:53.889	0.83750	0.83751			6
2025.03.07	02:17:54.283	0.83749	0.83750			6
2025.03.07	02:17:55.414	0.83750	0.83751			6
2025.03.07	02:17:56.382	0.83749	0.83750			6
2025.03.07	02:17:58.809	0.83750	0.83751			6
2025.03.07	02:18:02.023	0.83750				2
2025.03.07	02:18:02.328	0.83751	0.83752			6
2025.03.07	02:18:03.089	0.83750	0.83751			6
2025.03.07	02:18:03.410	0.83749	0.83750			6
2025.03.07	02:18:03.748	0.83750	0.83751			6
2025.03.07	02:18:04.758	0.83751	0.83752			6
2025.03.07	02:18:05.574	0.83752	0.83753			6
2025.03.07	02:18:05.912	0.83751	0.83752			6
2025.03.07	02:18:13.017	0.83750	0.83751			6
2025.03.07	02:18:20.033	0.83752	0.83753			6
2025.03.07	02:18:20.813	0.83753	0.83754			6
2025.03.07	02:18:21.379	0.83752	0.83753			6
2025.03.07	02:18:27.002	0.83753	0.83754			6
2025.03.07	02:18:29.524	0.83751	0.83752			6
2025.03.07	02:18:30.347	0.83752	0.83753			6
2025.03.07	02:18:31.805	0.83753	0.83754			6
2025.03.07	02:18:34.787	0.83751	0.83753			6
2025.03.07	02:18:35.106	0.83752				2
2025.03.07	02:18:38.273	0.83753	0.83754			6
2025.03.07	02:18:38.612	0.83752	0.83753			6
2025.03.07	02:18:47.172	0.83753	0.83754			6
2025.03.07	02:18:49.251	0.83751	0.83752			6
2025.03.07	02:18:58.862	0.83752	0.83753			6
2025.03.07	02:19:01.145	0.83752				2
2025.03.07	02:19:03.254	0.83753	0.83754			6
2025.03.07	02:19:03.565	0.83752	0.83753			6
2025.03.07	02:19:03.897	0.83753	0.83754			6
2025.03.07	02:19:04.431	0.83752	0.83753			6
2025.03.07	02:19:11.569	0.83753	0.83754			6
2025.03.07	02:19:12.141	0.83752	0.83753			6
2025.03.07	02:19:17.297	0.83751	0.83752			6
2025.03.07	02:19:19.452	0.83752	0.83753			6
2025.03.07	02:19:28.477	0.83751				2
2025.03.07	02:19:28.880		0.83752			4
2025.03.07	02:19:29.747	0.83752	0.83753			6
2025.03.07	02:19:30.284	0.83753	0.83754			6
2025.03.07	02:19:31.213	0.83752	0.83753			6
2025.03.07	02:19:33.055	0.83751				2
2025.03.07	02:19:33.711	0.83752				2
2025.03.07	02:19:34.385	0.83751	0.83752			6
2025.03.07	02:19:35.101		0.83753			4
2025.03.07	02:19:35.901	0.83752				2
2025.03.07	02:19:40.410	0.83751	0.83752			6
2025.03.07	02:19:40.764	0.83750	0.83751			6
2025.03.07	02:19:41.804	0.83749	0.83750			6
2025.03.07	02:19:42.833	0.83750	0.83751			6
2025.03.07	02:19:43.387	0.83751	0.83752			6
2025.03.07	02:19:43.748	0.83749	0.83750			6
2025.03.07	02:19:44.140	0.83750	0.83751			6
2025.03.07	02:19:45.403	0.83752	0.83753			6
2025.03.07	02:19:46.513	0.83751				2
2025.03.07	02:19:47.773	0.83752				2
2025.03.07	02:19:51.983	0.83753	0.83754			6
2025.03.07	02:19:54.474	0.83752	0.83753			6
2025.03.07	02:19:55.449	0.83751	0.83752			6
2025.03.07	02:19:57.860	0.83753	0.83754			6
2025.03.07	02:20:00.216	0.83752	0.83753			6
2025.03.07	02:20:06.234	0.83753	0.83754			6
2025.03.07	02:20:08.484	0.83752	0.83753			6
2025.03.07	02:20:12.236	0.83753	0.83754			6
2025.03.07	02:20:24.286	0.83754	0.83755			6
2025.03.07	02:20:34.061	0.83753	0.83754			6
2025.03.07	02:20:39.783	0.83754	0.83755			6
2025.03.07	02:20:47.472	0.83753				2
2025.03.07	02:20:48.350	0.83754				2
2025.03.07	02:20:50.805	0.83752	0.83753			6
2025.03.07	02:21:00.091	0.83752				2
2025.03.07	02:21:08.058	0.83751	0.83752			6
2025.03.07	02:21:08.678	0.83752	0.83753			6
2025.03.07	02:21:17.657	0.83751	0.83752			6
2025.03.07	02:21:24.398	0.83752	0.83753			6
2025.03.07	02:21:33.312	0.83749	0.83750			6
2025.03.07	02:21:34.421	0.83751	0.83752			6
2025.03.07	02:21:34.764	0.83750	0.83751			6
2025.03.07	02:21:44.832	0.83749	0.83750			6
2025.03.07	02:21:45.962	0.83748	0.83749			6
2025.03.07	02:21:52.578	0.83749	0.83750			6
2025.03.07	02:21:57.105	0.83748	0.83749			6
2025.03.07	02:21:57.830	0.83747	0.83748			6
2025.03.07	02:22:01.033	0.83746	0.83747			6
2025.03.07	02:22:07.361	0.83747	0.83748			6
2025.03.07	02:22:14.909	0.83746	0.83747			6
2025.03.07	02:22:15.615	0.83747	0.83748			6
2025.03.07	02:22:20.342	0.83748	0.83749			6
2025.03.07	02:22:27.085	0.83749	0.83750			6
2025.03.07	02:22:30.709	0.83747	0.83748			6
2025.03.07	02:22:32.035	0.83748	0.83749			6
2025.03.07	02:22:35.551	0.83747	0.83748			6
2025.03.07	02:22:55.567	0.83748	0.83749			6
2025.03.07	02:22:56.703	0.83747	0.83748			6
2025.03.07	02:22:57.239	0.83748	0.83749			6
2025.03.07	02:23:00.212	0.83748				2
2025.03.07	02:23:16.892	0.83747	0.83748			6
2025.03.07	02:23:21.014	0.83746	0.83747			6
2025.03.07	02:23:23.386	0.83747	0.83748			6
2025.03.07	02:23:24.665	0.83748	0.83749			6
2025.03.07	02:23:25.348	0.83747	0.83748			6
2025.03.07	02:23:31.893	0.83748	0.83749			6
2025.03.07	02:23:35.204	0.83749	0.83750			6
2025.03.07	02:23:39.336	0.83750	0.83751			6
2025.03.07	02:23:48.959	0.83751	0.83752			6
2025.03.07	02:23:51.661	0.83752	0.83753			6
2025.03.07	02:23:52.517	0.83753	0.83754			6
2025.03.07	02:23:53.145	0.83752	0.83753			6
2025.03.07	02:24:00.356	0.83752				2
2025.03.07	02:24:04.742	0.83753	0.83754			6
2025.03.07	02:24:07.033	0.83752	0.83753			6
2025.03.07	02:24:08.234	0.83753	0.83754			6
2025.03.07	02:24:08.871	0.83754	0.83755			6
2025.03.07	02:24:10.307	0.83753	0.83754			6
2025.03.07	02:24:15.770	0.83752	0.83753			6
2025.03.07	02:24:30.648	0.83753	0.83754			6
2025.03.07	02:24:42.331	0.83754	0.83755			6
2025.03.07	02:24:46.083	0.83753	0.83754			6
2025.03.07	02:24:56.992	0.83752	0.83753			6
2025.03.07	02:25:00.452	0.83752				2
2025.03.07	02:25:01.212	0.83751				2
2025.03.07	02:25:01.722		0.83752			4
2025.03.07	02:25:03.429	0.83752	0.83753			6
2025.03.07	02:25:18.730	0.83753	0.83754			6
2025.03.07	02:25:20.512	0.83752	0.83753			6
2025.03.07	02:25:20.821	0.83753	0.83754			6
2025.03.07	02:25:21.846	0.83752	0.83753			6
2025.03.07	02:25:23.124	0.83754	0.83755			6
2025.03.07	02:25:25.524	0.83753	0.83754			6
2025.03.07	02:25:25.946	0.83752	0.83753			6
2025.03.07	02:25:32.872	0.83751	0.83752			6
2025.03.07	02:25:56.672	0.83752	0.83753			6
2025.03.07	02:25:56.988	0.83751	0.83752			6
2025.03.07	02:26:00.141	0.83751				2
2025.03.07	02:26:02.723	0.83752	0.83753			6
2025.03.07	02:26:03.027	0.83751	0.83752			6
2025.03.07	02:26:13.287	0.83750	0.83751			6
2025.03.07	02:26:13.910	0.83749	0.83750			6
2025.03.07	02:26:14.227	0.83750	0.83751			6
2025.03.07	02:26:15.298	0.83749	0.83750			6
2025.03.07	02:26:16.242	0.83750	0.83751			6
2025.03.07	02:26:17.804	0.83749	0.83750			6
2025.03.07	02:26:26.833	0.83748	0.83749			6
2025.03.07	02:26:27.337	0.83747	0.83748			6
2025.03.07	02:26:29.016	0.83748	0.83749			6
2025.03.07	02:26:29.327		0.83750			4
2025.03.07	02:26:29.638	0.83749				2
2025.03.07	02:26:33.540	0.83750	0.83751			6
2025.03.07	02:26:33.854		0.83752			4
2025.03.07	02:26:34.167		0.83751			4
2025.03.07	02:26:40.410	0.83749	0.83750			6
2025.03.07	02:26:43.268	0.83750	0.83751			6
2025.03.07	02:26:43.906	0.83751	0.83752			6
2025.03.07	02:26:49.777	0.83752	0.83753			6
2025.03.07	02:26:50.084	0.83751	0.83752			6
2025.03.07	02:26:51.681	0.83752	0.83753			6
2025.03.07	02:26:55.158	0.83753	0.83754			6
2025.03.07	02:26:59.217	0.83752				2
2025.03.07	02:27:00.966	0.83752				2
2025.03.07	02:27:03.382	0.83753				2
2025.03.07	02:27:11.405	0.83754	0.83755			6
2025.03.07	02:27:12.702	0.83756	0.83757			6
2025.03.07	02:27:13.013	0.83755	0.83756			6
2025.03.07	02:27:14.647	0.83754	0.83755			6
2025.03.07	02:27:21.736	0.83755	0.83756			6
2025.03.07	02:27:22.806	0.83756	0.83757			6
2025.03.07	02:27:33.924	0.83753	0.83754			6
2025.03.07	02:27:34.227	0.83752	0.83753			6
2025.03.07	02:27:42.425	0.83751	0.83752			6
2025.03.07	02:27:45.832	0.83750	0.83753			6
2025.03.07	02:27:46.146	0.83752				2
2025.03.07	02:27:56.483	0.83753	0.83754			6
2025.03.07	02:28:02.126	0.83753				2
2025.03.07	02:28:04.242	0.83752	0.83753			6
2025.03.07	02:28:05.483	0.83753	0.83754			6
2025.03.07	02:28:05.902	0.83752	0.83753			6
2025.03.07	02:28:06.211	0.83754	0.83755			6
2025.03.07	02:28:07.066	0.83755	0.83756			6
2025.03.07	02:28:08.347	0.83756	0.83757			6
2025.03.07	02:28:12.462	0.83755	0.83756			6
2025.03.07	02:28:27.295	0.83756	0.83757			6
2025.03.07	02:28:28.912		0.83758			4
2025.03.07	02:28:29.242		0.83757			4
2025.03.07	02:28:31.186		0.83758			4
2025.03.07	02:28:31.562	0.83757				2
2025.03.07	02:28:40.596	0.83756	0.83757			6
2025.03.07	02:28:41.562	0.83755	0.83756			6
2025.03.07	02:28:53.871	0.83754	0.83755			6
2025.03.07	02:28:57.664	0.83755	0.83756			6
2025.03.07	02:28:57.972	0.83756	0.83757			6
2025.03.07	02:29:00.039	0.83756				2
2025.03.07	02:29:00.459	0.83755	0.83756			6
2025.03.07	02:29:06.757	0.83753	0.83754			6
2025.03.07	02:29:12.366	0.83752	0.83753			6
2025.03.07	02:29:20.643	0.83751	0.83752			6
2025.03.07	02:29:24.731	0.83750				2
2025.03.07	02:29:25.052	0.83751				2
2025.03.07	02:29:26.188	0.83750	0.83751			6
2025.03.07	02:29:27.610	0.83749	0.83750			6
2025.03.07	02:29:32.143	0.83748				2
2025.03.07	02:29:32.460	0.83749				2
2025.03.07	02:29:37.207	0.83750	0.83751			6
2025.03.07	02:29:40.553	0.83751	0.83752			6
2025.03.07	02:29:41.386	0.83749	0.83750			6
2025.03.07	02:29:41.689	0.83751	0.83752			6
2025.03.07	02:29:42.442	0.83750	0.83751			6
2025.03.07	02:29:45.430	0.83751	0.83752			6
2025.03.07	02:29:45.743	0.83750	0.83751			6
2025.03.07	02:29:52.245	0.83752	0.83753			6
2025.03.07	02:29:54.040	0.83751	0.83752			6
2025.03.07	02:29:54.364	0.83752	0.83753			6
2025.03.07	02:30:00.064	0.83751	0.83752			6
2025.03.07	02:30:00.378	0.83752	0.83753			6
2025.03.07	02:30:04.484	0.83753	0.83754			6
2025.03.07	02:30:04.785	0.83754	0.83755			6
2025.03.07	02:30:09.687	0.83755	0.83756			6
2025.03.07	02:30:18.392	0.83756	0.83757			6
2025.03.07	02:30:19.394	0.83755	0.83756			6
2025.03.07	02:30:31.581	0.83756	0.83757			6
2025.03.07	02:30:33.441	0.83758	0.83759			6
2025.03.07	02:30:33.824	0.83757	0.83758			6
2025.03.07	02:30:34.897	0.83756	0.83757			6
2025.03.07	02:30:36.018	0.83757	0.83758			6
2025.03.07	02:30:38.686	0.83756	0.83757			6
2025.03.07	02:30:39.878	0.83755	0.83756			6
2025.03.07	02:30:44.976	0.83754	0.83755			6
2025.03.07	02:30:45.384	0.83755	0.83756			6
2025.03.07	02:31:00.000	0.83755				2
2025.03.07	02:31:07.381	0.83754	0.83755			6
2025.03.07	02:31:13.855	0.83757	0.83758			6
2025.03.07	02:31:17.471	0.83758	0.83759			6
2025.03.07	02:31:19.913	0.83760	0.83761			6
2025.03.07	02:31:20.953	0.83759	0.83760			6
2025.03.07	02:31:26.351	0.83758	0.83759			6
2025.03.07	02:31:29.164	0.83755	0.83756			6
2025.03.07	02:31:33.943	0.83754	0.83755			6
2025.03.07	02:31:34.569	0.83755	0.83756			6
2025.03.07	02:31:42.275	0.83756	0.83757			6
2025.03.07	02:32:00.688	0.83756				2
2025.03.07	02:32:04.204	0.83757	0.83758			6
2025.03.07	02:32:04.576	0.83758	0.83759			6
2025.03.07	02:32:07.838	0.83757	0.83758			6
2025.03.07	02:32:08.338	0.83759	0.83760			6
2025.03.07	02:32:08.648	0.83760	0.83761			6
2025.03.07	02:32:15.870	0.83761	0.83762			6
2025.03.07	02:32:17.882	0.83760	0.83761			6
2025.03.07	02:32:27.537	0.83759	0.83760			6
2025.03.07	02:32:32.467	0.83758	0.83759			6
2025.03.07	02:32:33.773	0.83757	0.83758			6
2025.03.07	02:32:38.198	0.83758	0.83759			6
2025.03.07	02:32:51.109	0.83759	0.83760			6
2025.03.07	02:32:53.282	0.83758	0.83759			6
2025.03.07	02:33:00.046	0.83758				2
2025.03.07	02:33:00.472	0.83757	0.83758			6
2025.03.07	02:33:00.784		0.83759			4
2025.03.07	02:33:01.363	0.83758				2
2025.03.07	02:33:04.385	0.83759	0.83760			6
2025.03.07	02:33:07.196	0.83756	0.83757			6
