<DATE>	<TIME>	<BID>	<ASK>	<LAST>	<VOLUME>	<FLAGS>
2025.01.14	00:00:00.125	0.83909	0.83976			6
2025.01.14	00:00:00.439	0.83912	0.83972			6
2025.01.14	00:00:00.836	0.83865	0.84030			6
2025.01.14	00:00:01.486		0.84024			4
2025.01.14	00:00:02.393		0.84022			4
2025.01.14	00:00:06.325	0.83866	0.84024			6
2025.01.14	00:00:30.523	0.83867	0.83963			6
2025.01.14	00:00:53.076	0.83893	0.83974			6
2025.01.14	00:01:01.569	0.83893				2
2025.01.14	00:01:07.410	0.83911	0.83993			6
2025.01.14	00:01:15.835	0.83913				2
2025.01.14	00:01:17.924	0.83908				2
2025.01.14	00:01:39.051	0.83909				2
2025.01.14	00:01:44.513		0.83962			4
2025.01.14	00:02:03.124	0.83909				2
2025.01.14	00:02:39.509		0.83959			4
2025.01.14	00:02:50.746	0.83913				2
2025.01.14	00:03:01.558	0.83913				2
2025.01.14	00:03:03.947	0.83908				2
2025.01.14	00:03:18.936	0.83906				2
2025.01.14	00:03:31.916	0.83910				2
2025.01.14	00:03:32.223	0.83907				2
2025.01.14	00:03:32.554	0.83928	0.83990			6
2025.01.14	00:03:32.950	0.83943				2
2025.01.14	00:03:37.266	0.83953				2
2025.01.14	00:03:38.466	0.83954				2
2025.01.14	00:03:53.233	0.83953	0.83979			6
2025.01.14	00:03:53.676	0.83959	0.83985			6
2025.01.14	00:03:54.817	0.83953	0.83979			6
2025.01.14	00:03:55.678	0.83959	0.83985			6
2025.01.14	00:03:56.426	0.83953	0.83979			6
2025.01.14	00:03:58.181	0.83941	0.83978			6
2025.01.14	00:04:00.577	0.83917	0.83974			6
2025.01.14	00:04:44.369		0.83962			4
2025.01.14	00:04:56.756	0.83945	0.84000			6
2025.01.14	00:04:57.244	0.83921				2
2025.01.14	00:04:59.462	0.83928	0.84046			6
2025.01.14	00:05:00.651	0.83929				2
2025.01.14	00:05:13.373	0.83928				2
2025.01.14	00:05:13.965	0.83942	0.84051			6
2025.01.14	00:05:16.771	0.83941	0.84050			6
2025.01.14	00:05:21.315	0.83939	0.84048			6
2025.01.14	00:05:26.285	0.83942	0.84050			6
2025.01.14	00:05:26.620	0.83941				2
2025.01.14	00:05:28.157	0.83930	0.84025			6
2025.01.14	00:05:32.432	0.83929				2
2025.01.14	00:05:38.355	0.83932	0.84023			6
2025.01.14	00:05:39.738	0.83933				2
2025.01.14	00:05:46.363	0.83934	0.84021			6
2025.01.14	00:05:46.767	0.83922	0.84017			6
2025.01.14	00:05:47.883	0.83921				2
2025.01.14	00:05:50.981	0.83920	0.84001			6
2025.01.14	00:06:01.024	0.83920				2
2025.01.14	00:06:06.498	0.83910				2
2025.01.14	00:06:17.916		0.83991			4
2025.01.14	00:06:27.014	0.83916	0.84000			6
2025.01.14	00:06:28.353		0.84001			4
2025.01.14	00:06:28.917		0.83991			4
2025.01.14	00:06:35.962	0.83923	0.84007			6
2025.01.14	00:06:36.349		0.84017			4
2025.01.14	00:06:37.867	0.83926	0.84027			6
2025.01.14	00:06:40.357		0.84024			4
2025.01.14	00:06:41.560	0.83927				2
2025.01.14	00:06:42.355		0.84023			4
2025.01.14	00:06:45.969	0.83919	0.84005			6
2025.01.14	00:07:00.192	0.83919				2
2025.01.14	00:07:03.155	0.83918	0.83997			6
2025.01.14	00:07:33.350	0.83909				2
2025.01.14	00:07:36.230		0.83991			4
2025.01.14	00:08:01.558	0.83909				2
2025.01.14	00:08:31.227		0.83986			4
2025.01.14	00:08:45.185		0.83989			4
2025.01.14	00:08:53.672		0.83988			4
2025.01.14	00:08:54.922		0.83997			4
2025.01.14	00:08:56.986	0.83917	0.84006			6
2025.01.14	00:08:59.456	0.83924	0.84009			6
2025.01.14	00:09:00.421	0.83924				2
2025.01.14	00:09:04.745	0.83918	0.84005			6
2025.01.14	00:09:06.209	0.83916	0.84008			6
2025.01.14	00:09:16.221		0.84006			4
2025.01.14	00:09:25.788		0.84007			4
2025.01.14	00:09:31.563		0.84006			4
2025.01.14	00:09:48.149	0.83917	0.84001			6
2025.01.14	00:09:51.563		0.84000			4
2025.01.14	00:09:54.351		0.84005			4
2025.01.14	00:09:58.819	0.83912				2
2025.01.14	00:10:00.347	0.83912	0.83991			6
2025.01.14	00:10:13.599	0.83921	0.83984			6
2025.01.14	00:10:13.906	0.83923	0.83987			6
2025.01.14	00:10:15.418	0.83918	0.83981			6
2025.01.14	00:10:16.933	0.83919				2
2025.01.14	00:10:17.841	0.83918	0.83985			6
2025.01.14	00:10:19.954	0.83924	0.83986			6
2025.01.14	00:10:20.259	0.83927	0.83987			6
2025.01.14	00:10:24.493	0.83928	0.83988			6
2025.01.14	00:10:27.820	0.83929	0.83989			6
2025.01.14	00:10:28.427	0.83928	0.83988			6
2025.01.14	00:10:29.030	0.83926	0.83986			6
2025.01.14	00:10:29.333	0.83928	0.83988			6
2025.01.14	00:10:32.660	0.83927	0.83987			6
2025.01.14	00:10:36.592	0.83916	0.83976			6
2025.01.14	00:10:37.500	0.83917	0.83977			6
2025.01.14	00:10:53.883	0.83914	0.83974			6
2025.01.14	00:11:00.286	0.83914				2
2025.01.14	00:11:01.193	0.83915	0.83995			6
2025.01.14	00:11:05.157	0.83914	0.83974			6
2025.01.14	00:11:06.082	0.83915	0.83995			6
2025.01.14	00:11:09.797	0.83914	0.83974			6
2025.01.14	00:11:11.021	0.83915	0.83995			6
2025.01.14	00:11:12.808	0.83918	0.84000			6
2025.01.14	00:11:14.979	0.83913	0.83973			6
2025.01.14	00:11:15.610	0.83914	0.83974			6
2025.01.14	00:11:15.913	0.83918	0.84000			6
2025.01.14	00:11:18.268	0.83943	0.84016			6
2025.01.14	00:11:23.338	0.83919	0.84002			6
2025.01.14	00:11:27.391	0.83959	0.84041			6
2025.01.14	00:11:27.758		0.84032			4
2025.01.14	00:11:29.085		0.84042			4
2025.01.14	00:11:44.345	0.83960				2
2025.01.14	00:11:45.768	0.83920	0.84037			6
2025.01.14	00:11:46.069		0.84035			4
2025.01.14	00:11:47.864	0.83919	0.84029			6
2025.01.14	00:11:48.353	0.83916	0.84026			6
2025.01.14	00:11:50.780	0.83862	0.84016			6
2025.01.14	00:11:51.278	0.83864	0.84015			6
2025.01.14	00:11:52.607		0.84018			4
2025.01.14	00:11:53.653	0.83863	0.84019			6
2025.01.14	00:11:55.147	0.83862				2
2025.01.14	00:11:56.935		0.84020			4
2025.01.14	00:11:58.287		0.84021			4
2025.01.14	00:11:58.903	0.83864	0.84018			6
2025.01.14	00:11:59.946	0.83863				2
2025.01.14	00:12:00.534	0.83863				2
2025.01.14	00:12:01.309		0.84019			4
2025.01.14	00:12:08.944	0.83862				2
2025.01.14	00:12:09.836		0.84023			4
2025.01.14	00:12:13.297		0.84024			4
2025.01.14	00:12:20.045		0.84022			4
2025.01.14	00:12:20.372		0.84021			4
2025.01.14	00:12:21.302	0.83863	0.84019			6
2025.01.14	00:12:21.608	0.83873	0.84022			6
2025.01.14	00:12:22.321	0.83874	0.84020			6
2025.01.14	00:12:23.046	0.83878	0.84016			6
2025.01.14	00:12:24.365	0.83880	0.84014			6
2025.01.14	00:12:25.366	0.83882	0.84013			6
2025.01.14	00:12:26.647	0.83881				2
2025.01.14	00:12:27.176	0.83879	0.84015			6
2025.01.14	00:12:27.546	0.83881				2
2025.01.14	00:12:28.178	0.83883	0.84011			6
2025.01.14	00:12:29.207	0.83889	0.84005			6
2025.01.14	00:12:30.369	0.83915	0.84027			6
2025.01.14	00:12:30.679		0.84024			4
2025.01.14	00:12:34.018	0.83870	0.84010			6
2025.01.14	00:12:34.956	0.83871	0.84009			6
2025.01.14	00:12:37.083	0.83933	0.84023			6
2025.01.14	00:12:38.511		0.84022			4
2025.01.14	00:12:40.563		0.84039			4
2025.01.14	00:12:41.028		0.84041			4
2025.01.14	00:12:41.646		0.84028			4
2025.01.14	00:12:42.173		0.84027			4
2025.01.14	00:12:55.239	0.83934	0.84024			6
2025.01.14	00:12:55.545		0.84026			4
2025.01.14	00:12:59.650	0.83945	0.84039			6
2025.01.14	00:13:00.847	0.83946	0.84038			6
2025.01.14	00:13:02.197	0.83936	0.84037			6
2025.01.14	00:13:02.563		0.84027			4
2025.01.14	00:13:05.546		0.84029			4
2025.01.14	00:13:07.146		0.84030			4
2025.01.14	00:13:08.110		0.84027			4
2025.01.14	00:13:09.244		0.84028			4
2025.01.14	00:13:12.322		0.84034			4
2025.01.14	00:13:12.626		0.84030			4
2025.01.14	00:13:17.075		0.84042			4
2025.01.14	00:13:22.851		0.84037			4
2025.01.14	00:13:24.792		0.84041			4
2025.01.14	00:13:39.184		0.84052			4
2025.01.14	00:13:43.840		0.84050			4
2025.01.14	00:13:45.660		0.84048			4
2025.01.14	00:13:46.509		0.84046			4
2025.01.14	00:13:47.353		0.84040			4
2025.01.14	00:13:47.949		0.84039			4
2025.01.14	00:13:49.795	0.83939	0.84052			6
2025.01.14	00:13:53.209	0.83946				2
2025.01.14	00:14:00.360	0.83946				2
2025.01.14	00:14:06.677	0.83936				2
2025.01.14	00:14:10.078	0.83948				2
2025.01.14	00:14:10.497	0.83949				2
2025.01.14	00:14:19.320		0.84046			4
2025.01.14	00:14:20.590	0.83904				2
2025.01.14	00:14:24.036		0.84038			4
2025.01.14	00:14:24.545		0.84037			4
2025.01.14	00:14:25.147		0.84041			4
2025.01.14	00:14:26.346		0.84040			4
2025.01.14	00:14:27.545		0.84039			4
2025.01.14	00:14:30.245		0.84040			4
2025.01.14	00:14:31.447		0.84037			4
2025.01.14	00:14:31.876		0.84038			4
2025.01.14	00:14:32.319		0.84036			4
2025.01.14	00:14:33.846		0.84037			4
2025.01.14	00:14:49.082		0.84043			4
2025.01.14	00:14:49.415		0.84035			4
2025.01.14	00:14:49.754		0.84030			4
2025.01.14	00:15:00.306	0.83904				2
2025.01.14	00:15:02.521		0.84053			4
2025.01.14	00:15:12.332	0.83901	0.84060			6
2025.01.14	00:15:14.753	0.83914				2
2025.01.14	00:16:19.469	0.83927	0.84053			6
2025.01.14	00:16:21.213		0.84056			4
2025.01.14	00:16:41.204		0.84053			4
2025.01.14	00:16:48.351	0.83928	0.84054			6
2025.01.14	00:16:48.941		0.84050			4
2025.01.14	00:17:00.545	0.83928				2
2025.01.14	00:17:24.200	0.83946	0.84054			6
2025.01.14	00:17:27.740	0.83925				2
2025.01.14	00:17:30.846		0.84053			4
2025.01.14	00:17:41.347		0.84054			4
2025.01.14	00:17:49.566		0.84052			4
2025.01.14	00:18:00.244	0.83925				2
2025.01.14	00:18:05.046		0.84051			4
2025.01.14	00:18:28.554	0.83912	0.84032			6
2025.01.14	00:18:31.640		0.84031			4
2025.01.14	00:18:40.983		0.84028			4
2025.01.14	00:18:54.192	0.83929	0.84047			6
2025.01.14	00:19:00.385	0.83933	0.84053			6
2025.01.14	00:19:01.520		0.84052			4
2025.01.14	00:19:02.570	0.83935	0.84053			6
2025.01.14	00:19:03.293	0.83929	0.84046			6
2025.01.14	00:19:08.161		0.84043			4
2025.01.14	00:19:14.645		0.84042			4
2025.01.14	00:19:19.821		0.84041			4
2025.01.14	00:19:24.196	0.83918	0.84031			6
2025.01.14	00:19:25.340	0.83919				2
2025.01.14	00:19:37.107	0.83930	0.84040			6
2025.01.14	00:19:37.702	0.83919	0.84031			6
2025.01.14	00:19:40.746	0.83918	0.84030			6
2025.01.14	00:19:41.050	0.83917	0.84028			6
2025.01.14	00:19:47.205		0.84029			4
2025.01.14	00:19:51.248		0.84030			4
2025.01.14	00:19:52.330		0.84029			4
2025.01.14	00:20:03.722	0.83917				2
2025.01.14	00:20:05.560	0.83927				2
2025.01.14	00:20:11.390		0.84028			4
2025.01.14	00:20:16.534		0.84029			4
2025.01.14	00:20:19.809		0.84026			4
2025.01.14	00:20:30.041	0.83928				2
2025.01.14	00:20:30.852	0.83937	0.84039			6
2025.01.14	00:20:31.333	0.83942				2
2025.01.14	00:20:32.345	0.83945				2
2025.01.14	00:20:38.086	0.83943				2
2025.01.14	00:20:59.351	0.83931	0.84028			6
2025.01.14	00:21:00.317	0.83931				2
2025.01.14	00:21:23.148	0.83932				2
2025.01.14	00:21:25.987		0.84003			4
2025.01.14	00:21:28.448	0.83933				2
2025.01.14	00:21:28.934	0.83937	0.84026			6
2025.01.14	00:21:29.352	0.83945				2
2025.01.14	00:21:30.194	0.83944				2
2025.01.14	00:21:31.344	0.83935				2
2025.01.14	00:21:34.053	0.83937				2
2025.01.14	00:21:42.546	0.83936				2
2025.01.14	00:21:48.245	0.83933				2
2025.01.14	00:21:50.738	0.83907	0.84014			6
2025.01.14	00:21:51.084	0.83919	0.84026			6
2025.01.14	00:21:51.547	0.83918				2
2025.01.14	00:21:52.445	0.83921				2
2025.01.14	00:21:55.853	0.83934				2
2025.01.14	00:21:57.344	0.83923				2
2025.01.14	00:22:00.360	0.83923				2
2025.01.14	00:22:04.227	0.83930				2
2025.01.14	00:22:06.294	0.83931				2
2025.01.14	00:22:07.454	0.83911	0.84024			6
2025.01.14	00:22:22.290	0.83916	0.84026			6
2025.01.14	00:22:24.645		0.84029			4
2025.01.14	00:22:41.852	0.83923	0.84035			6
2025.01.14	00:22:44.058	0.83921	0.84033			6
2025.01.14	00:22:45.223	0.83918	0.84029			6
2025.01.14	00:22:55.213		0.84028			4
2025.01.14	00:23:03.695	0.83918				2
2025.01.14	00:23:04.226		0.84027			4
2025.01.14	00:23:08.214		0.84028			4
2025.01.14	00:23:20.826	0.83933	0.84027			6
2025.01.14	00:23:32.214	0.83961				2
2025.01.14	00:23:36.380	0.83941				2
2025.01.14	00:23:39.016	0.83919	0.84024			6
2025.01.14	00:23:43.863	0.83935	0.84027			6
2025.01.14	00:23:47.644	0.83934				2
2025.01.14	00:23:58.831	0.83935				2
2025.01.14	00:23:59.346	0.83934				2
2025.01.14	00:24:00.057	0.83934				2
2025.01.14	00:24:04.448	0.83932				2
2025.01.14	00:24:16.016	0.83947				2
2025.01.14	00:24:20.826		0.84033			4
2025.01.14	00:24:22.750	0.83946				2
2025.01.14	00:24:25.147	0.83947				2
2025.01.14	00:24:29.046	0.83946				2
2025.01.14	00:24:35.789	0.83954				2
2025.01.14	00:24:39.576	0.83953				2
2025.01.14	00:24:48.125	0.83954				2
2025.01.14	00:24:48.442	0.83956				2
2025.01.14	00:24:54.104	0.83949				2
2025.01.14	00:24:54.411	0.83945				2
2025.01.14	00:25:00.321	0.83945				2
2025.01.14	00:25:03.260	0.83956				2
2025.01.14	00:25:05.038	0.83955				2
2025.01.14	00:25:08.747	0.83954				2
2025.01.14	00:25:16.110		0.84026			4
2025.01.14	00:25:24.543	0.83956				2
2025.01.14	00:25:27.416	0.83955				2
2025.01.14	00:25:32.345	0.83956				2
2025.01.14	00:25:33.544	0.83955				2
2025.01.14	00:25:37.747	0.83954				2
2025.01.14	00:25:49.896	0.83951				2
2025.01.14	00:25:52.445	0.83952				2
2025.01.14	00:25:53.046	0.83950				2
2025.01.14	00:25:58.147	0.83951				2
2025.01.14	00:25:58.574	0.83950				2
2025.01.14	00:26:00.364	0.83950				2
2025.01.14	00:26:01.979	0.83949				2
2025.01.14	00:26:03.749	0.83936				2
2025.01.14	00:26:18.869		0.84026			4
2025.01.14	00:26:20.397	0.83944				2
2025.01.14	00:26:20.941	0.83942				2
2025.01.14	00:26:21.249	0.83944				2
2025.01.14	00:26:22.291	0.83951				2
2025.01.14	00:26:25.771	0.83952				2
2025.01.14	00:26:27.870	0.83958				2
2025.01.14	00:26:28.429	0.83960				2
2025.01.14	00:26:31.171	0.83964				2
2025.01.14	00:26:31.708	0.83966				2
2025.01.14	00:26:32.350	0.83969				2
2025.01.14	00:26:37.169	0.83955				2
2025.01.14	00:26:37.747	0.83954				2
2025.01.14	00:26:40.455	0.83953				2
2025.01.14	00:26:41.948	0.83954				2
2025.01.14	00:26:42.800	0.83951				2
2025.01.14	00:26:43.272	0.83918	0.83992			6
2025.01.14	00:26:47.930	0.83919				2
2025.01.14	00:26:52.285		0.83986			4
2025.01.14	00:26:54.253	0.83918				2
2025.01.14	00:27:00.318	0.83914				2
2025.01.14	00:27:14.283	0.83926				2
2025.01.14	00:27:53.653		0.83986			4
2025.01.14	00:27:57.163		0.83989			4
2025.01.14	00:28:01.402	0.83926				2
2025.01.14	00:28:03.820	0.83963	0.84025			6
2025.01.14	00:28:04.144	0.83956	0.84021			6
2025.01.14	00:28:04.462	0.83966				2
2025.01.14	00:28:07.691	0.83955				2
2025.01.14	00:28:08.990	0.83934				2
2025.01.14	00:28:11.440	0.83935				2
2025.01.14	00:28:13.443	0.83934				2
2025.01.14	00:28:20.753	0.83930				2
2025.01.14	00:28:24.110	0.83937				2
2025.01.14	00:28:27.242	0.83938				2
2025.01.14	00:28:35.041	0.83939				2
2025.01.14	00:28:37.959	0.83938				2
2025.01.14	00:28:40.810	0.83942				2
2025.01.14	00:28:42.151	0.83944				2
2025.01.14	00:28:44.350	0.83943				2
2025.01.14	00:28:51.645	0.83944				2
2025.01.14	00:28:59.798	0.83928	0.84007			6
2025.01.14	00:29:00.676	0.83928				2
2025.01.14	00:29:03.506	0.83929				2
2025.01.14	00:29:03.879	0.83932				2
2025.01.14	00:29:04.304	0.83930	0.84002			6
2025.01.14	00:29:05.502	0.83934				2
2025.01.14	00:29:06.048	0.83932				2
2025.01.14	00:29:06.353	0.83934				2
2025.01.14	00:29:07.384	0.83931				2
2025.01.14	00:29:08.453	0.83932				2
2025.01.14	00:29:10.773	0.83941				2
2025.01.14	00:29:11.666		0.84010			4
2025.01.14	00:29:18.361	0.83944				2
2025.01.14	00:29:19.341	0.83943	0.84013			6
2025.01.14	00:29:19.666	0.83944				2
2025.01.14	00:29:22.044	0.83943				2
2025.01.14	00:29:25.397	0.83949				2
2025.01.14	00:29:26.055		0.84012			4
2025.01.14	00:29:31.032	0.83951				2
2025.01.14	00:29:31.504	0.83946				2
2025.01.14	00:29:33.386	0.83943				2
2025.01.14	00:29:36.358	0.83946	0.84002			6
2025.01.14	00:29:45.847	0.83949	0.84001			6
2025.01.14	00:29:51.909	0.83951				2
2025.01.14	00:29:52.446	0.83953				2
2025.01.14	00:29:55.037	0.83952				2
2025.01.14	00:29:55.495	0.83951				2
2025.01.14	00:29:59.146	0.83967	0.84012			6
2025.01.14	00:29:59.463	0.83965				2
2025.01.14	00:30:00.374	0.83964				2
2025.01.14	00:30:00.915	0.83965				2
2025.01.14	00:30:03.102	0.83947	0.84015			6
2025.01.14	00:30:09.244	0.83948				2
2025.01.14	00:30:12.001	0.83958	0.84017			6
2025.01.14	00:30:12.320	0.83962				2
2025.01.14	00:30:13.243	0.83963				2
2025.01.14	00:30:13.632	0.83965				2
2025.01.14	00:30:16.347	0.83964				2
2025.01.14	00:30:17.503	0.83969	0.84019			6
2025.01.14	00:30:18.249	0.83968				2
2025.01.14	00:30:20.326	0.83975				2
2025.01.14	00:30:21.542	0.83974				2
2025.01.14	00:30:22.796	0.83971				2
2025.01.14	00:30:23.115	0.83969				2
2025.01.14	00:30:24.456	0.83961				2
2025.01.14	00:30:25.032	0.83970				2
2025.01.14	00:30:27.349	0.83951				2
2025.01.14	00:30:27.976		0.84017			4
2025.01.14	00:30:30.173	0.83961				2
2025.01.14	00:30:31.355	0.83967				2
2025.01.14	00:30:36.818	0.83968				2
2025.01.14	00:30:38.944	0.83967				2
2025.01.14	00:30:42.243	0.83968				2
2025.01.14	00:30:45.881	0.83967				2
2025.01.14	00:30:46.969	0.83951	0.84021			6
2025.01.14	00:30:47.706	0.83942				2
2025.01.14	00:30:57.248	0.83941				2
2025.01.14	00:30:58.021	0.83948				2
2025.01.14	00:31:01.226	0.83948				2
2025.01.14	00:31:11.870	0.83952				2
2025.01.14	00:31:13.104	0.83965				2
2025.01.14	00:31:15.845	0.83966				2
2025.01.14	00:31:18.526	0.83973				2
2025.01.14	00:31:19.814	0.83967	0.84041			6
2025.01.14	00:31:22.146	0.83963				2
2025.01.14	00:31:24.618	0.83962				2
2025.01.14	00:31:28.913	0.83963				2
2025.01.14	00:31:29.834	0.83964				2
2025.01.14	00:31:30.181	0.83962				2
2025.01.14	00:31:31.195	0.83961				2
2025.01.14	00:31:31.574	0.83964				2
2025.01.14	00:31:33.969	0.83962				2
2025.01.14	00:31:35.242	0.83963				2
2025.01.14	00:31:39.251	0.83961				2
2025.01.14	00:31:40.255	0.83962				2
2025.01.14	00:31:40.557	0.83963				2
2025.01.14	00:31:41.865	0.83964				2
2025.01.14	00:31:42.316	0.83963				2
2025.01.14	00:31:42.832	0.83962				2
2025.01.14	00:31:44.834	0.83963				2
2025.01.14	00:31:46.987	0.83969				2
2025.01.14	00:31:49.147	0.83968				2
2025.01.14	00:31:53.426	0.83964				2
2025.01.14	00:31:55.441	0.83967				2
2025.01.14	00:31:56.480	0.83969				2
2025.01.14	00:31:57.574	0.83968				2
2025.01.14	00:31:59.621	0.83970				2
2025.01.14	00:32:01.555	0.83970				2
2025.01.14	00:32:02.468	0.83967				2
2025.01.14	00:32:03.548	0.83970				2
2025.01.14	00:32:05.833	0.83969				2
2025.01.14	00:32:06.245	0.83968				2
2025.01.14	00:32:06.842	0.83967				2
2025.01.14	00:32:07.146	0.83966				2
2025.01.14	00:32:07.861	0.83970				2
2025.01.14	00:32:08.866	0.83971				2
2025.01.14	00:32:10.593	0.83970				2
2025.01.14	00:32:14.356	0.83972				2
2025.01.14	00:32:14.951	0.83973				2
2025.01.14	00:32:15.708	0.83972				2
2025.01.14	00:32:17.593	0.83973				2
2025.01.14	00:32:21.810		0.84041			4
2025.01.14	00:32:22.201	0.83975				2
2025.01.14	00:32:24.187	0.83974				2
2025.01.14	00:32:25.333	0.83971				2
2025.01.14	00:32:25.714	0.83972				2
2025.01.14	00:32:27.233	0.83969				2
2025.01.14	00:32:27.620	0.83971				2
2025.01.14	00:32:29.039	0.83976				2
2025.01.14	00:32:29.350	0.83977				2
2025.01.14	00:32:30.469	0.83976				2
2025.01.14	00:32:31.246	0.83973				2
2025.01.14	00:32:32.241	0.83972				2
2025.01.14	00:32:37.248	0.83973				2
2025.01.14	00:32:40.437	0.83972				2
2025.01.14	00:32:42.438	0.83973				2
2025.01.14	00:32:44.839	0.83974				2
2025.01.14	00:32:45.570	0.83973				2
2025.01.14	00:32:46.654	0.83972				2
2025.01.14	00:32:47.662	0.83970				2
2025.01.14	00:32:48.005	0.83973				2
2025.01.14	00:32:48.567	0.83974				2
2025.01.14	00:32:49.185	0.83978				2
2025.01.14	00:32:49.600	0.83975				2
2025.01.14	00:32:51.568	0.83976				2
2025.01.14	00:32:56.761	0.83977				2
2025.01.14	00:32:57.507	0.83974				2
2025.01.14	00:32:58.352	0.83975				2
2025.01.14	00:32:58.660	0.83974				2
2025.01.14	00:32:59.603	0.83973				2
2025.01.14	00:32:59.923	0.83975				2
2025.01.14	00:33:00.919	0.83976				2
2025.01.14	00:33:03.176	0.83975				2
2025.01.14	00:33:04.185	0.83973				2
2025.01.14	00:33:06.194	0.83972				2
2025.01.14	00:33:06.597	0.83978				2
2025.01.14	00:33:07.271	0.83971				2
2025.01.14	00:33:07.876	0.83972				2
2025.01.14	00:33:08.837	0.83977				2
2025.01.14	00:33:09.239	0.83975				2
2025.01.14	00:33:09.861	0.83976				2
2025.01.14	00:33:10.244	0.83977				2
2025.01.14	00:33:10.654	0.83975				2
2025.01.14	00:33:12.471	0.83976				2
2025.01.14	00:33:13.933	0.83975				2
2025.01.14	00:33:14.939	0.83976				2
2025.01.14	00:33:16.167	0.83973				2
2025.01.14	00:33:16.651	0.83975				2
2025.01.14	00:33:17.047	0.83976				2
2025.01.14	00:33:18.352	0.83975				2
2025.01.14	00:33:18.741	0.83974				2
2025.01.14	00:33:19.930	0.83979				2
2025.01.14	00:33:20.919	0.83976				2
2025.01.14	00:33:21.238	0.83973				2
2025.01.14	00:33:22.200		0.84041			4
2025.01.14	00:33:22.525	0.83971				2
2025.01.14	00:33:26.471	0.83976				2
2025.01.14	00:33:27.355	0.83977				2
2025.01.14	00:33:31.142	0.83978				2
2025.01.14	00:33:37.382	0.83975				2
2025.01.14	00:33:38.392	0.83974				2
2025.01.14	00:33:39.766	0.83973				2
2025.01.14	00:33:42.694	0.83978				2
2025.01.14	00:33:44.721	0.83975				2
2025.01.14	00:33:46.732	0.83973				2
2025.01.14	00:33:49.292	0.83974				2
2025.01.14	00:33:49.913	0.83976				2
2025.01.14	00:33:50.346	0.83978				2
2025.01.14	00:33:51.411	0.83977				2
2025.01.14	00:33:52.930	0.83973				2
2025.01.14	00:33:53.962	0.83972				2
2025.01.14	00:33:57.165	0.83970				2
2025.01.14	00:33:58.062	0.83974				2
2025.01.14	00:33:58.445	0.83976				2
2025.01.14	00:34:01.555	0.83976				2
2025.01.14	00:34:07.774	0.83975				2
2025.01.14	00:34:10.127	0.83974				2
2025.01.14	00:34:10.604	0.83975				2
2025.01.14	00:34:11.554	0.83976				2
2025.01.14	00:34:12.974	0.83978				2
2025.01.14	00:34:13.715	0.83977				2
2025.01.14	00:34:14.125	0.83976				2
2025.01.14	00:34:14.732	0.83977				2
2025.01.14	00:34:16.167	0.83976				2
2025.01.14	00:34:17.062	0.83975				2
2025.01.14	00:34:17.948	0.83976				2
2025.01.14	00:35:50.832	0.83947	0.84026			6
2025.01.14	00:35:51.134	0.83948				2
2025.01.14	00:35:51.671	0.83949				2
2025.01.14	00:35:52.125	0.83948				2
2025.01.14	00:35:52.460	0.83950				2
2025.01.14	00:35:53.632	0.83948				2
2025.01.14	00:35:54.887	0.83949				2
2025.01.14	00:35:59.114	0.83948				2
2025.01.14	00:35:59.415	0.83949				2
2025.01.14	00:36:00.429	0.83949				2
2025.01.14	00:36:02.058	0.83950				2
2025.01.14	00:36:12.248	0.83951				2
2025.01.14	00:36:17.428	0.83964	0.84024			6
2025.01.14	00:36:18.958	0.83963	0.84023			6
2025.01.14	00:36:19.257	0.83951	0.84026			6
2025.01.14	00:36:26.393	0.83949				2
2025.01.14	00:36:40.159	0.83952				2
2025.01.14	00:36:41.638	0.83954				2
2025.01.14	00:36:42.225	0.83953				2
2025.01.14	00:36:43.330	0.83954				2
2025.01.14	00:36:47.087	0.83955				2
2025.01.14	00:36:47.407	0.83953				2
2025.01.14	00:36:50.371	0.83952				2
2025.01.14	00:36:52.738	0.83951				2
2025.01.14	00:36:54.248	0.83954				2
2025.01.14	00:36:57.543	0.83955				2
2025.01.14	00:36:57.925	0.83954				2
2025.01.14	00:37:02.387	0.83954				2
2025.01.14	00:37:04.141	0.83953				2
2025.01.14	00:37:05.343	0.83952				2
2025.01.14	00:37:11.151	0.83951				2
2025.01.14	00:37:15.924	0.83952				2
2025.01.14	00:37:16.440	0.83954				2
2025.01.14	00:37:17.766	0.83952	0.84023			6
2025.01.14	00:37:18.189	0.83953				2
2025.01.14	00:37:19.448	0.83952				2
2025.01.14	00:37:20.756	0.83953				2
2025.01.14	00:37:23.351	0.83954				2
2025.01.14	00:37:23.823	0.83955				2
2025.01.14	00:37:25.303	0.83953				2
2025.01.14	00:37:25.803	0.83952				2
2025.01.14	00:37:26.346	0.83951				2
2025.01.14	00:37:28.028	0.83952				2
2025.01.14	00:37:29.246	0.83951				2
2025.01.14	00:37:32.447	0.83949				2
2025.01.14	00:37:33.028	0.83951				2
2025.01.14	00:37:34.326	0.83952				2
2025.01.14	00:37:35.036	0.83951				2
2025.01.14	00:37:38.906	0.83949				2
2025.01.14	00:37:39.282	0.83948				2
2025.01.14	00:37:43.649	0.83953	0.84024			6
2025.01.14	00:37:45.541	0.83954				2
2025.01.14	00:38:01.443	0.83954				2
2025.01.14	00:38:02.644	0.83955				2
2025.01.14	00:38:10.585	0.83953				2
2025.01.14	00:38:11.207	0.83952				2
2025.01.14	00:38:13.814	0.83953				2
2025.01.14	00:38:19.744	0.83954				2
2025.01.14	00:38:24.296	0.83955				2
2025.01.14	00:38:43.997		0.84024			4
2025.01.14	00:38:56.001	0.83950	0.83993			6
2025.01.14	00:38:56.638	0.83948				2
2025.01.14	00:39:01.558	0.83948				2
2025.01.14	00:39:02.931	0.83949				2
2025.01.14	00:39:04.018	0.83948				2
2025.01.14	00:39:08.352	0.83953				2
2025.01.14	00:39:08.657	0.83948				2
2025.01.14	00:39:09.135	0.83945				2
2025.01.14	00:39:09.943	0.83944				2
2025.01.14	00:39:10.479	0.83945				2
2025.01.14	00:39:11.531	0.83943				2
2025.01.14	00:39:11.847	0.83947				2
2025.01.14	00:39:12.551	0.83948				2
2025.01.14	00:39:13.234	0.83952				2
2025.01.14	00:39:14.196	0.83951				2
2025.01.14	00:39:22.427	0.83950				2
2025.01.14	00:39:24.831	0.83949				2
2025.01.14	00:39:43.109	0.83950				2
2025.01.14	00:39:43.609	0.83949				2
2025.01.14	00:39:50.524	0.83953				2
2025.01.14	00:39:51.082		0.83998			4
2025.01.14	00:39:52.536	0.83952				2
2025.01.14	00:39:53.192	0.83951				2
2025.01.14	00:39:55.146	0.83950				2
2025.01.14	00:39:57.190	0.83953				2
2025.01.14	00:40:00.846	0.83953				2
2025.01.14	00:40:05.912	0.83952	0.83993			6
2025.01.14	00:40:06.224	0.83950				2
2025.01.14	00:40:06.583	0.83948				2
2025.01.14	00:40:07.574	0.83947				2
2025.01.14	00:40:08.587	0.83948				2
2025.01.14	00:40:10.180	0.83947				2
2025.01.14	00:40:11.951	0.83948				2
2025.01.14	00:40:16.029	0.83946				2
2025.01.14	00:40:16.359	0.83950	0.83999			6
2025.01.14	00:40:16.696	0.83949				2
2025.01.14	00:40:17.307	0.83956				2
2025.01.14	00:40:17.741	0.83952				2
2025.01.14	00:40:24.636	0.83953				2
2025.01.14	00:40:26.344	0.83956				2
2025.01.14	00:40:30.004	0.83954				2
2025.01.14	00:40:30.315	0.83953				2
2025.01.14	00:40:31.150	0.83954				2
2025.01.14	00:40:32.294	0.83953				2
2025.01.14	00:40:32.645	0.83954				2
2025.01.14	00:40:34.398	0.83956				2
2025.01.14	00:40:35.044	0.83957				2
2025.01.14	00:40:36.351	0.83958				2
2025.01.14	00:40:36.848	0.83959				2
2025.01.14	00:40:38.292	0.83956				2
2025.01.14	00:40:38.641	0.83954				2
2025.01.14	00:40:43.932	0.83953				2
2025.01.14	00:40:46.450	0.83956				2
2025.01.14	00:40:49.088	0.83955				2
2025.01.14	00:40:51.745	0.83951				2
2025.01.14	00:40:59.484	0.83952				2
2025.01.14	00:41:01.078	0.83952				2
2025.01.14	00:41:07.129	0.83951				2
2025.01.14	00:41:08.388	0.83954				2
2025.01.14	00:41:14.549	0.83953				2
2025.01.14	00:41:16.444		0.83995			4
2025.01.14	00:41:18.837	0.83954				2
2025.01.14	00:41:19.379	0.83949				2
2025.01.14	00:41:34.443	0.83950				2
2025.01.14	00:41:34.765	0.83953				2
2025.01.14	00:41:36.849	0.83957				2
2025.01.14	00:41:37.524	0.83955				2
2025.01.14	00:41:41.085	0.83957				2
2025.01.14	00:41:43.044	0.83956				2
2025.01.14	00:41:44.603	0.83958				2
2025.01.14	00:41:45.926	0.83956				2
2025.01.14	00:42:00.489	0.83956				2
2025.01.14	00:42:16.241		0.83999			4
2025.01.14	00:42:33.695	0.83955				2
2025.01.14	00:42:34.002	0.83956				2
2025.01.14	00:42:43.543	0.83955				2
2025.01.14	00:42:57.151	0.83956				2
2025.01.14	00:42:57.463	0.83955				2
2025.01.14	00:42:59.641	0.83956				2
2025.01.14	00:43:00.704	0.83956				2
2025.01.14	00:43:05.192		0.84010			4
2025.01.14	00:43:34.441		0.84009			4
2025.01.14	00:43:35.111		0.84000			4
2025.01.14	00:44:03.868	0.83956				2
2025.01.14	00:44:06.442	0.83954				2
2025.01.14	00:44:07.879	0.83955				2
2025.01.14	00:44:23.569	0.83954				2
2025.01.14	00:44:30.014	0.83955				2
2025.01.14	00:44:30.545	0.83953				2
2025.01.14	00:44:35.111		0.83999			4
2025.01.14	00:44:38.177	0.83952				2
2025.01.14	00:44:38.516		0.83991			4
2025.01.14	00:44:38.822	0.83947				2
2025.01.14	00:44:39.143	0.83948				2
2025.01.14	00:44:40.305	0.83947				2
2025.01.14	00:44:45.845	0.83946				2
2025.01.14	00:44:48.600	0.83947				2
2025.01.14	00:44:49.307	0.83946				2
2025.01.14	00:44:49.747	0.83945				2
2025.01.14	00:44:50.091	0.83938				2
2025.01.14	00:44:50.393	0.83941				2
2025.01.14	00:44:51.230	0.83939				2
2025.01.14	00:44:52.307	0.83938				2
2025.01.14	00:44:52.892	0.83937				2
2025.01.14	00:44:53.302	0.83939				2
2025.01.14	00:44:53.651	0.83941				2
2025.01.14	00:44:56.210	0.83940				2
2025.01.14	00:44:56.622	0.83941				2
2025.01.14	00:44:57.543	0.83939				2
2025.01.14	00:44:58.880	0.83938				2
2025.01.14	00:44:59.901	0.83939				2
2025.01.14	00:45:00.626	0.83939				2
2025.01.14	00:45:02.117	0.83931				2
2025.01.14	00:45:03.940	0.83939				2
2025.01.14	00:45:07.970	0.83951	0.83979			6
2025.01.14	00:45:23.232	0.83952				2
2025.01.14	00:45:27.850	0.83953				2
2025.01.14	00:45:29.831	0.83954				2
2025.01.14	00:45:33.847	0.83953				2
2025.01.14	00:45:38.342	0.83940	0.83969			6
2025.01.14	00:45:41.341	0.83943				2
2025.01.14	00:45:43.062	0.83941	0.83963			6
2025.01.14	00:45:43.760	0.83926				2
2025.01.14	00:45:44.094	0.83920	0.83952			6
2025.01.14	00:45:44.396	0.83915	0.83956			6
2025.01.14	00:45:44.751	0.83916				2
2025.01.14	00:45:45.276		0.83961			4
2025.01.14	00:45:45.609	0.83918	0.83960			6
2025.01.14	00:45:45.939	0.83916	0.83961			6
2025.01.14	00:45:46.415	0.83917				2
2025.01.14	00:45:47.169	0.83920				2
2025.01.14	00:45:47.473	0.83922				2
2025.01.14	00:45:48.311	0.83930	0.83963			6
2025.01.14	00:45:48.641		0.83962			4
2025.01.14	00:45:49.664	0.83928	0.83963			6
2025.01.14	00:45:50.841	0.83925	0.83951			6
2025.01.14	00:45:51.180	0.83922				2
2025.01.14	00:45:53.077	0.83920				2
2025.01.14	00:45:53.383	0.83915				2
2025.01.14	00:45:53.703	0.83920				2
2025.01.14	00:45:55.155	0.83917	0.83954			6
2025.01.14	00:45:55.537		0.83947			4
2025.01.14	00:45:56.355	0.83916	0.83951			6
2025.01.14	00:45:56.917	0.83915	0.83954			6
2025.01.14	00:45:57.698		0.83953			4
2025.01.14	00:45:58.008	0.83916				2
2025.01.14	00:45:58.381	0.83914	0.83949			6
2025.01.14	00:45:58.682		0.83947			4
2025.01.14	00:45:59.054	0.83913	0.83948			6
2025.01.14	00:45:59.933	0.83914				2
2025.01.14	00:46:00.272	0.83915	0.83947			6
2025.01.14	00:46:00.587		0.83946			4
2025.01.14	00:46:02.412		0.83945			4
2025.01.14	00:46:04.290	0.83913	0.83947			6
2025.01.14	00:46:04.774	0.83898	0.83935			6
2025.01.14	00:46:05.117	0.83901	0.83934			6
2025.01.14	00:46:06.086		0.83933			4
2025.01.14	00:46:06.561	0.83897	0.83936			6
2025.01.14	00:46:06.879		0.83937			4
2025.01.14	00:46:07.968	0.83896				2
2025.01.14	00:46:08.648	0.83895				2
2025.01.14	00:46:09.650	0.83900	0.83938			6
2025.01.14	00:46:09.953	0.83904				2
2025.01.14	00:46:11.674	0.83901				2
2025.01.14	00:46:12.058	0.83897				2
2025.01.14	00:46:12.620		0.83939			4
2025.01.14	00:46:15.996		0.83938			4
2025.01.14	00:46:16.744		0.83939			4
2025.01.14	00:46:19.749	0.83898				2
2025.01.14	00:46:21.845		0.83940			4
2025.01.14	00:46:22.436	0.83899	0.83939			6
2025.01.14	00:46:23.812	0.83887	0.83937			6
2025.01.14	00:46:24.133	0.83883	0.83914			6
2025.01.14	00:46:24.449	0.83880				2
2025.01.14	00:46:25.636	0.83881	0.83912			6
2025.01.14	00:46:27.152	0.83871	0.83902			6
2025.01.14	00:46:28.531	0.83869	0.83905			6
2025.01.14	00:46:29.344	0.83868				2
2025.01.14	00:46:30.275	0.83867	0.83906			6
2025.01.14	00:46:31.225	0.83866	0.83907			6
2025.01.14	00:46:31.564	0.83867				2
2025.01.14	00:46:31.881	0.83866	0.83908			6
2025.01.14	00:46:32.198	0.83865	0.83909			6
2025.01.14	00:46:34.552	0.83868	0.83906			6
2025.01.14	00:46:35.706	0.83867				2
2025.01.14	00:46:36.320		0.83907			4
2025.01.14	00:46:36.760	0.83862	0.83900			6
2025.01.14	00:46:37.558	0.83861	0.83901			6
2025.01.14	00:46:38.663	0.83866	0.83910			6
2025.01.14	00:46:39.204	0.83868	0.83909			6
2025.01.14	00:46:39.521	0.83883	0.83914			6
2025.01.14	00:46:39.897		0.83915			4
2025.01.14	00:46:41.886		0.83917			4
2025.01.14	00:46:42.245		0.83916			4
2025.01.14	00:46:43.152		0.83917			4
2025.01.14	00:46:47.671		0.83918			4
2025.01.14	00:46:48.928		0.83922			4
2025.01.14	00:46:53.240	0.83874	0.83918			6
2025.01.14	00:46:54.545		0.83917			4
2025.01.14	00:46:55.202	0.83873				2
2025.01.14	00:46:55.744		0.83916			4
2025.01.14	00:46:56.945		0.83917			4
2025.01.14	00:46:57.864	0.83887	0.83936			6
2025.01.14	00:46:58.166	0.83877	0.83937			6
2025.01.14	00:46:58.473		0.83936			4
2025.01.14	00:46:59.117		0.83938			4
2025.01.14	00:46:59.538	0.83872	0.83929			6
2025.01.14	00:47:00.303	0.83872				2
2025.01.14	00:47:01.145		0.83928			4
2025.01.14	00:47:02.045	0.83874	0.83920			6
2025.01.14	00:47:03.290	0.83872	0.83918			6
2025.01.14	00:47:03.593	0.83871				2
2025.01.14	00:47:03.893	0.83872	0.83927			6
2025.01.14	00:47:04.745		0.83926			4
2025.01.14	00:47:05.339	0.83843	0.83920			6
2025.01.14	00:47:05.644	0.83840	0.83923			6
2025.01.14	00:47:05.953	0.83844	0.83920			6
2025.01.14	00:47:06.729	0.83842	0.83919			6
2025.01.14	00:47:07.461	0.83845	0.83914			6
2025.01.14	00:47:07.795	0.83847				2
2025.01.14	00:47:08.127	0.83848				2
2025.01.14	00:47:08.591	0.83850	0.83917			6
2025.01.14	00:47:08.902	0.83845	0.83912			6
2025.01.14	00:47:09.848	0.83840	0.83906			6
2025.01.14	00:47:10.710	0.83845	0.83912			6
2025.01.14	00:47:11.050	0.83832	0.83926			6
2025.01.14	00:47:11.612		0.83924			4
2025.01.14	00:47:14.168	0.83813				2
2025.01.14	00:47:16.024	0.83837	0.83904			6
2025.01.14	00:47:16.355	0.83843	0.83910			6
2025.01.14	00:47:31.148	0.83826	0.83923			6
2025.01.14	00:47:32.645	0.83803	0.83917			6
2025.01.14	00:47:32.963	0.83813	0.83919			6
2025.01.14	00:47:33.900	0.83817				2
2025.01.14	00:47:37.170	0.83831				2
2025.01.14	00:47:38.121	0.83804	0.83910			6
2025.01.14	00:47:38.966	0.83816	0.83919			6
2025.01.14	00:47:40.004	0.83829	0.83914			6
2025.01.14	00:47:41.306	0.83817	0.83919			6
2025.01.14	00:47:41.922	0.83821				2
2025.01.14	00:47:43.023	0.83823				2
2025.01.14	00:47:46.145	0.83826				2
2025.01.14	00:47:46.887	0.83827				2
2025.01.14	00:47:47.305	0.83841	0.83908			6
2025.01.14	00:47:51.908	0.83835	0.83902			6
2025.01.14	00:47:52.264	0.83816	0.83936			6
2025.01.14	00:47:54.040	0.83811				2
2025.01.14	00:47:54.354	0.83823				2
2025.01.14	00:47:55.291		0.83934			4
2025.01.14	00:47:57.167		0.83919			4
2025.01.14	00:47:58.298		0.83936			4
2025.01.14	00:47:59.348		0.83935			4
2025.01.14	00:48:00.303	0.83823	0.83933			6
2025.01.14	00:48:00.686	0.83833				2
2025.01.14	00:48:01.146		0.83932			4
2025.01.14	00:48:02.344		0.83926			4
2025.01.14	00:48:02.730	0.83823	0.83905			6
2025.01.14	00:48:04.372	0.83833				2
2025.01.14	00:48:06.383		0.83903			4
2025.01.14	00:48:06.688		0.83900			4
2025.01.14	00:48:07.646		0.83902			4
2025.01.14	00:48:08.097	0.83834	0.83903			6
2025.01.14	00:48:08.610	0.83833	0.83905			6
2025.01.14	00:48:09.311		0.83899			4
2025.01.14	00:48:11.861	0.83842				2
2025.01.14	00:48:13.017		0.83901			4
2025.01.14	00:48:13.555		0.83900			4
2025.01.14	00:48:15.813		0.83904			4
2025.01.14	00:48:16.142		0.83905			4
2025.01.14	00:48:18.447	0.83843	0.83907			6
2025.01.14	00:48:20.076	0.83845	0.83906			6
2025.01.14	00:48:21.178		0.83907			4
2025.01.14	00:48:21.826		0.83909			4
2025.01.14	00:48:22.445		0.83908			4
2025.01.14	00:48:23.023	0.83844	0.83910			6
2025.01.14	00:48:24.548	0.83845	0.83909			6
2025.01.14	00:48:27.990	0.83852	0.83912			6
2025.01.14	00:48:28.320	0.83853	0.83911			6
2025.01.14	00:48:32.196	0.83852				2
2025.01.14	00:48:33.323	0.83855	0.83912			6
2025.01.14	00:48:33.959	0.83856	0.83911			6
2025.01.14	00:48:36.891	0.83853	0.83914			6
2025.01.14	00:48:38.382	0.83852				2
2025.01.14	00:48:38.682		0.83915			4
2025.01.14	00:48:43.194	0.83851	0.83916			6
2025.01.14	00:48:43.955	0.83852				2
2025.01.14	00:48:45.544	0.83851				2
2025.01.14	00:48:49.468	0.83850	0.83917			6
2025.01.14	00:48:50.044	0.83849	0.83916			6
2025.01.14	00:48:50.375	0.83850	0.83911			6
2025.01.14	00:48:51.381	0.83851				2
2025.01.14	00:48:51.824	0.83849				2
2025.01.14	00:48:52.756	0.83848				2
2025.01.14	00:48:53.577	0.83847				2
2025.01.14	00:48:54.570	0.83846	0.83918			6
2025.01.14	00:48:54.882	0.83848				2
2025.01.14	00:48:55.355	0.83851				2
2025.01.14	00:48:56.252	0.83850				2
2025.01.14	00:48:57.578	0.83833	0.83894			6
2025.01.14	00:48:57.887	0.83854	0.83908			6
2025.01.14	00:48:59.353	0.83852	0.83911			6
2025.01.14	00:49:00.372	0.83851	0.83912			6
2025.01.14	00:49:00.901	0.83833	0.83893			6
2025.01.14	00:49:01.791	0.83849	0.83909			6
2025.01.14	00:49:02.726	0.83852	0.83911			6
2025.01.14	00:49:03.033		0.83913			4
2025.01.14	00:49:03.379	0.83851	0.83914			6
2025.01.14	00:49:03.704	0.83846	0.83893			6
2025.01.14	00:49:04.009	0.83830				2
2025.01.14	00:49:06.305	0.83841				2
2025.01.14	00:49:07.777	0.83828	0.83895			6
2025.01.14	00:49:09.244	0.83832	0.83896			6
2025.01.14	00:49:09.562	0.83828				2
2025.01.14	00:49:09.916	0.83829				2
2025.01.14	00:49:10.221	0.83837				2
2025.01.14	00:49:10.522	0.83831				2
2025.01.14	00:49:10.827	0.83840	0.83895			6
2025.01.14	00:49:11.150	0.83834	0.83896			6
2025.01.14	00:49:11.561	0.83833				2
2025.01.14	00:49:11.862	0.83830				2
2025.01.14	00:49:12.220	0.83829				2
2025.01.14	00:49:13.122	0.83856	0.83907			6
2025.01.14	00:49:13.426	0.83852	0.83902			6
2025.01.14	00:49:13.742		0.83906			4
2025.01.14	00:49:14.050		0.83903			4
2025.01.14	00:49:14.673	0.83857	0.83910			6
2025.01.14	00:49:14.983	0.83858	0.83913			6
2025.01.14	00:49:15.288	0.83857	0.83912			6
2025.01.14	00:49:15.696	0.83858	0.83911			6
2025.01.14	00:49:16.063	0.83857	0.83913			6
2025.01.14	00:49:16.515	0.83855	0.83915			6
2025.01.14	00:49:17.561		0.83914			4
2025.01.14	00:49:17.865	0.83856	0.83912			6
2025.01.14	00:49:18.245		0.83909			4
2025.01.14	00:49:18.749	0.83855				2
2025.01.14	00:49:19.087		0.83950			4
2025.01.14	00:49:19.407	0.83858	0.83945			6
2025.01.14	00:49:19.710	0.83853	0.83954			6
2025.01.14	00:49:20.076	0.83854	0.83948			6
2025.01.14	00:49:20.537		0.83946			4
2025.01.14	00:49:21.280	0.83857	0.83943			6
2025.01.14	00:49:22.076	0.83854	0.83946			6
2025.01.14	00:49:22.545	0.83853				2
2025.01.14	00:49:22.961	0.83858	0.83942			6
2025.01.14	00:49:23.345		0.83945			4
2025.01.14	00:49:23.950	0.83859	0.83944			6
2025.01.14	00:49:24.484		0.83940			4
2025.01.14	00:49:26.272	0.83860	0.83939			6
2025.01.14	00:49:28.112	0.83861	0.83938			6
2025.01.14	00:49:29.947	0.83862	0.83937			6
2025.01.14	00:49:32.374	0.83851	0.83943			6
2025.01.14	00:49:32.869	0.83852	0.83941			6
2025.01.14	00:49:33.196	0.83851	0.83942			6
2025.01.14	00:49:34.395	0.83850				2
2025.01.14	00:49:35.258		0.83943			4
2025.01.14	00:49:36.244	0.83849	0.83944			6
2025.01.14	00:49:36.547		0.83942			4
2025.01.14	00:49:37.054	0.83853	0.83938			6
2025.01.14	00:49:38.345	0.83854	0.83937			6
2025.01.14	00:49:39.367	0.83855	0.83936			6
2025.01.14	00:49:40.159	0.83853	0.83938			6
2025.01.14	00:49:41.345	0.83854	0.83937			6
2025.01.14	00:49:43.109	0.83856	0.83935			6
2025.01.14	00:49:44.141	0.83857	0.83934			6
2025.01.14	00:49:44.511	0.83858	0.83933			6
2025.01.14	00:49:45.385	0.83845	0.83930			6
2025.01.14	00:49:52.189	0.83850	0.83922			6
2025.01.14	00:49:54.096	0.83849	0.83920			6
2025.01.14	00:49:54.797		0.83924			4
2025.01.14	00:49:56.047		0.83922			4
2025.01.14	00:49:57.047	0.83850	0.83906			6
2025.01.14	00:49:57.353	0.83852	0.83912			6
2025.01.14	00:49:57.700	0.83853				2
2025.01.14	00:49:59.178	0.83848	0.83902			6
2025.01.14	00:50:00.146	0.83848				2
2025.01.14	00:50:00.461	0.83847				2
2025.01.14	00:50:01.561	0.83843	0.83885			6
2025.01.14	00:50:02.172	0.83848	0.83901			6
2025.01.14	00:50:04.145	0.83847	0.83902			6
2025.01.14	00:50:05.282	0.83843				2
2025.01.14	00:50:06.425	0.83847	0.83904			6
2025.01.14	00:50:09.597		0.83905			4
2025.01.14	00:50:11.992	0.83841	0.83899			6
2025.01.14	00:50:16.149	0.83848	0.83904			6
2025.01.14	00:50:17.944	0.83852	0.83910			6
2025.01.14	00:50:18.264	0.83848	0.83904			6
2025.01.14	00:50:22.724		0.83899			4
2025.01.14	00:50:24.307	0.83841				2
2025.01.14	00:50:25.550	0.83840				2
2025.01.14	00:50:30.050	0.83841				2
2025.01.14	00:50:31.746	0.83842	0.83928			6
2025.01.14	00:50:32.064	0.83851				2
2025.01.14	00:50:32.366	0.83843				2
2025.01.14	00:50:35.074	0.83841				2
2025.01.14	00:50:35.539	0.83842				2
2025.01.14	00:50:36.544	0.83844				2
2025.01.14	00:50:36.847	0.83843				2
2025.01.14	00:50:37.319	0.83844				2
2025.01.14	00:50:38.858	0.83843				2
2025.01.14	00:50:40.424	0.83846	0.83931			6
2025.01.14	00:50:43.353	0.83847				2
2025.01.14	00:50:43.745	0.83866	0.83919			6
2025.01.14	00:50:44.067	0.83872	0.83927			6
2025.01.14	00:50:45.944	0.83873				2
2025.01.14	00:50:46.554	0.83880	0.83934			6
2025.01.14	00:50:46.968	0.83877	0.83930			6
2025.01.14	00:50:47.689	0.83875	0.83932			6
2025.01.14	00:50:48.125	0.83876	0.83942			6
2025.01.14	00:50:49.672	0.83878	0.83940			6
2025.01.14	00:50:50.322	0.83882	0.83936			6
2025.01.14	00:50:50.626	0.83871				2
2025.01.14	00:50:51.097	0.83869	0.83934			6
2025.01.14	00:50:53.047		0.83933			4
2025.01.14	00:50:54.246	0.83870	0.83932			6
2025.01.14	00:50:54.766	0.83869	0.83926			6
2025.01.14	00:50:57.307		0.83927			4
2025.01.14	00:50:57.618	0.83868	0.83925			6
2025.01.14	00:50:58.163		0.83923			4
2025.01.14	00:50:58.864	0.83871				2
2025.01.14	00:51:00.512	0.83871				2
2025.01.14	00:51:01.304		0.83922			4
2025.01.14	00:51:02.360	0.83865	0.83925			6
2025.01.14	00:51:03.467		0.83924			4
2025.01.14	00:51:04.363	0.83866				2
2025.01.14	00:51:05.068		0.83927			4
2025.01.14	00:51:06.013		0.83923			4
2025.01.14	00:51:06.372	0.83871	0.83925			6
2025.01.14	00:51:06.705	0.83865	0.83922			6
2025.01.14	00:51:07.760	0.83864	0.83924			6
2025.01.14	00:51:08.681	0.83863				2
2025.01.14	00:51:09.188		0.83923			4
2025.01.14	00:51:10.634	0.83862	0.83924			6
2025.01.14	00:51:15.679	0.83861	0.83921			6
2025.01.14	00:51:15.986	0.83875	0.83953			6
2025.01.14	00:51:16.299	0.83851				2
2025.01.14	00:51:22.881	0.83850	0.83948			6
2025.01.14	00:51:25.030		0.83953			4
2025.01.14	00:51:34.222	0.83855				2
2025.01.14	00:51:35.038	0.83851				2
2025.01.14	00:51:36.752	0.83850				2
2025.01.14	00:51:49.493	0.83874				2
2025.01.14	00:52:00.386	0.83874				2
2025.01.14	00:52:02.376	0.83876	0.83952			6
2025.01.14	00:52:03.375	0.83877	0.83950			6
2025.01.14	00:52:06.865	0.83876	0.83949			6
2025.01.14	00:52:11.555		0.83948			4
2025.01.14	00:52:21.558	0.83874	0.83947			6
2025.01.14	00:52:23.044	0.83872	0.83945			6
2025.01.14	00:52:23.620	0.83874	0.83947			6
2025.01.14	00:52:23.940	0.83876				2
2025.01.14	00:52:26.647		0.83946			4
2025.01.14	00:52:28.226	0.83877	0.83944			6
2025.01.14	00:52:28.596	0.83884	0.83937			6
2025.01.14	00:52:32.267	0.83881	0.83936			6
2025.01.14	00:52:32.645	0.83877	0.83930			6
2025.01.14	00:52:33.391	0.83881	0.83934			6
2025.01.14	00:52:34.144	0.83884	0.83937			6
2025.01.14	00:52:35.510		0.83936			4
2025.01.14	00:52:36.248	0.83881	0.83933			6
2025.01.14	00:52:37.004	0.83882	0.83934			6
2025.01.14	00:52:37.746	0.83887	0.83939			6
2025.01.14	00:52:38.647	0.83888	0.83940			6
2025.01.14	00:52:38.986	0.83886	0.83938			6
2025.01.14	00:52:46.445	0.83885	0.83936			6
2025.01.14	00:52:50.322	0.83884				2
2025.01.14	00:53:00.359	0.83884				2
2025.01.14	00:53:01.443		0.83937			4
2025.01.14	00:53:03.033		0.83938			4
2025.01.14	00:53:05.710	0.83885	0.83941			6
2025.01.14	00:53:06.855	0.83886	0.83940			6
2025.01.14	00:53:07.164		0.83939			4
2025.01.14	00:53:07.509	0.83883	0.83935			6
2025.01.14	00:53:12.553		0.83936			4
2025.01.14	00:53:18.247		0.83937			4
2025.01.14	00:53:19.719	0.83882	0.83938			6
2025.01.14	00:53:24.824	0.83881	0.83939			6
2025.01.14	00:53:25.659	0.83880	0.83940			6
2025.01.14	00:53:26.740	0.83882	0.83937			6
2025.01.14	00:53:31.446	0.83883				2
2025.01.14	00:53:35.778	0.83882				2
2025.01.14	00:53:36.416	0.83880	0.83940			6
2025.01.14	00:53:40.911	0.83879				2
2025.01.14	00:53:43.445		0.83952			4
2025.01.14	00:53:46.756	0.83880				2
2025.01.14	00:53:51.256	0.83882				2
2025.01.14	00:53:53.507	0.83881				2
2025.01.14	00:54:01.058	0.83881				2
2025.01.14	00:54:04.686	0.83877	0.83950			6
2025.01.14	00:54:05.698	0.83878				2
2025.01.14	00:54:06.594	0.83879				2
2025.01.14	00:54:08.051	0.83880				2
2025.01.14	00:54:11.304	0.83879				2
2025.01.14	00:54:11.758	0.83878				2
2025.01.14	00:54:15.564	0.83877	0.83937			6
2025.01.14	00:54:16.148		0.83935			4
2025.01.14	00:54:16.905		0.83950			4
2025.01.14	00:54:17.487	0.83876	0.83934			6
2025.01.14	00:54:17.946		0.83950			4
2025.01.14	00:54:18.249	0.83875	0.83929			6
2025.01.14	00:54:18.844		0.83931			4
2025.01.14	00:54:19.786	0.83876	0.83930			6
2025.01.14	00:54:20.359		0.83933			4
2025.01.14	00:54:20.754	0.83875	0.83935			6
2025.01.14	00:54:22.709		0.83934			4
2025.01.14	00:54:24.170	0.83874	0.83941			6
2025.01.14	00:54:25.168	0.83875	0.83933			6
2025.01.14	00:54:26.014		0.83943			4
2025.01.14	00:54:26.754	0.83872	0.83932			6
2025.01.14	00:54:27.064	0.83869	0.83934			6
2025.01.14	00:54:28.688	0.83870	0.83933			6
2025.01.14	00:54:29.397	0.83877	0.83934			6
2025.01.14	00:54:30.123	0.83878				2
2025.01.14	00:54:30.441		0.83936			4
2025.01.14	00:54:32.295	0.83879	0.83935			6
2025.01.14	00:54:33.447	0.83878	0.83936			6
2025.01.14	00:54:33.934	0.83877	0.83937			6
2025.01.14	00:54:34.555	0.83898	0.83946			6
2025.01.14	00:54:35.112		0.83950			4
2025.01.14	00:54:35.685		0.83948			4
2025.01.14	00:54:36.358		0.83952			4
2025.01.14	00:54:36.847		0.83953			4
2025.01.14	00:54:37.387		0.83954			4
2025.01.14	00:54:39.334		0.83953			4
2025.01.14	00:54:39.880		0.83951			4
2025.01.14	00:54:40.678		0.83953			4
2025.01.14	00:54:41.392		0.83956			4
2025.01.14	00:54:42.775		0.83955			4
2025.01.14	00:54:43.429	0.83902	0.83952			6
2025.01.14	00:54:43.745	0.83901	0.83956			6
2025.01.14	00:54:45.038	0.83905	0.83955			6
2025.01.14	00:54:48.274	0.83906				2
2025.01.14	00:54:49.166		0.83959			4
2025.01.14	00:54:50.169	0.83908	0.83953			6
2025.01.14	00:54:50.620	0.83912	0.83961			6
2025.01.14	00:54:50.936	0.83910	0.83963			6
2025.01.14	00:54:54.209	0.83909	0.83964			6
2025.01.14	00:54:55.561	0.83910	0.83963			6
2025.01.14	00:54:57.343	0.83911				2
2025.01.14	00:54:59.879	0.83904	0.83955			6
2025.01.14	00:55:00.667	0.83904				2
2025.01.14	00:55:02.427		0.83954			4
2025.01.14	00:55:03.187	0.83894	0.83939			6
2025.01.14	00:55:04.057	0.83884	0.83933			6
2025.01.14	00:55:04.429	0.83883	0.83929			6
2025.01.14	00:55:05.576		0.83928			4
2025.01.14	00:55:08.189	0.83882				2
2025.01.14	00:55:08.656	0.83883	0.83930			6
2025.01.14	00:55:09.040	0.83882	0.83928			6
2025.01.14	00:55:09.438	0.83879	0.83931			6
2025.01.14	00:55:10.142	0.83878	0.83927			6
2025.01.14	00:55:12.395	0.83877	0.83928			6
2025.01.14	00:55:15.533		0.83927			4
2025.01.14	00:55:16.570	0.83878	0.83922			6
2025.01.14	00:55:31.419	0.83879				2
2025.01.14	00:55:39.247	0.83892	0.83935			6
2025.01.14	00:55:39.590		0.83941			4
2025.01.14	00:55:39.960		0.83943			4
2025.01.14	00:55:40.301		0.83945			4
2025.01.14	00:55:45.071		0.83947			4
2025.01.14	00:55:47.309		0.83948			4
2025.01.14	00:55:49.328		0.83947			4
2025.01.14	00:55:49.810		0.83946			4
2025.01.14	00:55:51.148	0.83894	0.83944			6
2025.01.14	00:55:52.337	0.83895	0.83943			6
2025.01.14	00:55:53.334	0.83896				2
2025.01.14	00:55:56.945		0.83942			4
2025.01.14	00:55:57.391	0.83895	0.83943			6
2025.01.14	00:55:58.372		0.83944			4
2025.01.14	00:55:58.693	0.83893				2
2025.01.14	00:55:59.044		0.83942			4
2025.01.14	00:56:00.388	0.83893				2
2025.01.14	00:56:00.846		0.83944			4
2025.01.14	00:56:02.565		0.83942			4
2025.01.14	00:56:02.945		0.83944			4
2025.01.14	00:56:06.546		0.83943			4
2025.01.14	00:56:08.347	0.83894				2
2025.01.14	00:56:09.272	0.83893				2
2025.01.14	00:56:09.644	0.83894	0.83942			6
2025.01.14	00:56:10.335	0.83902	0.83935			6
2025.01.14	00:56:13.597	0.83897	0.83934			6
2025.01.14	00:56:13.905	0.83898	0.83946			6
2025.01.14	00:56:14.377	0.83899	0.83944			6
2025.01.14	00:56:14.843	0.83900	0.83949			6
2025.01.14	00:56:15.327		0.83948			4
2025.01.14	00:56:15.649	0.83896	0.83942			6
2025.01.14	00:56:15.955	0.83895	0.83940			6
2025.01.14	00:56:16.686	0.83893	0.83937			6
2025.01.14	00:56:17.022	0.83889	0.83943			6
2025.01.14	00:56:17.322	0.83886	0.83937			6
2025.01.14	00:56:17.638	0.83878	0.83944			6
2025.01.14	00:56:17.942	0.83883	0.83963			6
2025.01.14	00:56:18.246	0.83875	0.83945			6
2025.01.14	00:56:18.552	0.83878	0.83937			6
2025.01.14	00:56:18.868	0.83876	0.83945			6
2025.01.14	00:56:19.763	0.83878				2
2025.01.14	00:56:20.161	0.83879	0.83944			6
2025.01.14	00:56:21.545		0.83941			4
2025.01.14	00:56:22.034	0.83881	0.83942			6
2025.01.14	00:56:22.689	0.83885	0.83938			6
2025.01.14	00:56:23.326	0.83878	0.83970			6
2025.01.14	00:56:23.644		0.83972			4
2025.01.14	00:56:24.327	0.83880	0.83975			6
2025.01.14	00:56:24.670	0.83881	0.83974			6
2025.01.14	00:56:25.328	0.83882	0.83973			6
2025.01.14	00:56:26.348		0.83972			4
2025.01.14	00:56:26.705		0.83975			4
2025.01.14	00:56:27.853		0.83974			4
2025.01.14	00:56:28.402	0.83883	0.83973			6
2025.01.14	00:56:29.351		0.83949			4
2025.01.14	00:56:29.944		0.83951			4
2025.01.14	00:56:30.356	0.83882	0.83952			6
2025.01.14	00:56:34.291	0.83880	0.83954			6
2025.01.14	00:56:35.260	0.83881				2
2025.01.14	00:56:36.100	0.83882	0.83953			6
2025.01.14	00:56:36.524		0.83952			4
2025.01.14	00:56:37.098	0.83885	0.83949			6
2025.01.14	00:56:38.013	0.83888	0.83947			6
2025.01.14	00:56:38.552	0.83890	0.83945			6
2025.01.14	00:56:39.656	0.83888	0.83941			6
2025.01.14	00:56:40.492	0.83885	0.83944			6
2025.01.14	00:56:41.328	0.83886	0.83943			6
2025.01.14	00:56:45.837	0.83879	0.83946			6
2025.01.14	00:56:46.241		0.83942			4
2025.01.14	00:56:46.994	0.83878				2
2025.01.14	00:56:48.615	0.83877	0.83943			6
2025.01.14	00:56:49.449		0.83941			4
2025.01.14	00:56:51.658	0.83876	0.83940			6
2025.01.14	00:56:52.920	0.83878	0.83938			6
2025.01.14	00:56:56.184	0.83877	0.83935			6
2025.01.14	00:56:57.610		0.83934			4
2025.01.14	00:57:05.621	0.83872	0.83931			6
2025.01.14	00:57:09.246		0.83929			4
2025.01.14	00:57:10.920	0.83871				2
2025.01.14	00:57:12.139	0.83872	0.83930			6
2025.01.14	00:57:12.546	0.83873	0.83929			6
2025.01.14	00:57:13.138		0.83933			4
2025.01.14	00:57:14.573	0.83872				2
2025.01.14	00:57:15.538		0.83932			4
2025.01.14	00:57:16.141		0.83933			4
2025.01.14	00:57:17.064	0.83869	0.83932			6
2025.01.14	00:57:17.430	0.83874	0.83931			6
2025.01.14	00:57:21.249		0.83932			4
2025.01.14	00:57:23.200	0.83866	0.83925			6
2025.01.14	00:57:25.508	0.83874				2
2025.01.14	00:57:27.174	0.83872				2
2025.01.14	00:57:27.554		0.83922			4
2025.01.14	00:57:28.744		0.83923			4
2025.01.14	00:57:38.045		0.83922			4
2025.01.14	00:57:40.600		0.83923			4
2025.01.14	00:57:42.846		0.83922			4
2025.01.14	00:57:47.869	0.83870				2
2025.01.14	00:57:50.344	0.83869	0.83923			6
2025.01.14	00:57:54.245	0.83870	0.83922			6
2025.01.14	00:57:56.125	0.83872	0.83921			6
2025.01.14	00:57:58.868		0.83920			4
2025.01.14	00:57:59.581	0.83859	0.83913			6
2025.01.14	00:58:00.327	0.83859	0.83908			6
2025.01.14	00:58:00.698	0.83857	0.83909			6
2025.01.14	00:58:01.303	0.83859	0.83911			6
2025.01.14	00:58:02.140		0.83909			4
2025.01.14	00:58:04.133	0.83860				2
2025.01.14	00:58:04.444		0.83910			4
2025.01.14	00:58:05.151	0.83854	0.83909			6
2025.01.14	00:58:05.742	0.83855	0.83908			6
2025.01.14	00:58:06.380	0.83854	0.83909			6
2025.01.14	00:58:09.860	0.83855	0.83908			6
2025.01.14	00:58:11.859	0.83862	0.83910			6
2025.01.14	00:58:12.167	0.83870	0.83911			6
2025.01.14	00:58:12.495	0.83869	0.83914			6
2025.01.14	00:58:13.148		0.83913			4
2025.01.14	00:58:13.762	0.83870	0.83912			6
2025.01.14	00:58:15.570		0.83913			4
2025.01.14	00:58:17.830	0.83856	0.83919			6
2025.01.14	00:58:18.182		0.83923			4
2025.01.14	00:58:19.146	0.83857	0.83922			6
2025.01.14	00:58:19.925	0.83858				2
2025.01.14	00:58:21.579	0.83860	0.83923			6
2025.01.14	00:58:21.912	0.83859	0.83924			6
2025.01.14	00:58:23.330		0.83925			4
2025.01.14	00:58:24.597	0.83860	0.83924			6
2025.01.14	00:58:27.182	0.83858	0.83927			6
2025.01.14	00:58:31.147		0.83928			4
2025.01.14	00:58:31.467		0.83927			4
2025.01.14	00:58:32.777	0.83857	0.83929			6
2025.01.14	00:58:34.080	0.83870	0.83931			6
2025.01.14	00:58:34.385		0.83936			4
2025.01.14	00:58:35.039	0.83871	0.83935			6
2025.01.14	00:58:35.462	0.83872				2
2025.01.14	00:58:36.037	0.83875	0.83932			6
2025.01.14	00:58:38.044		0.83933			4
2025.01.14	00:58:39.405		0.83927			4
2025.01.14	00:58:40.322		0.83926			4
2025.01.14	00:58:41.194		0.83925			4
2025.01.14	00:58:41.608		0.83926			4
2025.01.14	00:58:42.405		0.83924			4
2025.01.14	00:58:42.854		0.83928			4
2025.01.14	00:58:43.213	0.83877	0.83929			6
2025.01.14	00:58:46.145		0.83928			4
2025.01.14	00:58:48.340		0.83927			4
2025.01.14	00:58:48.974		0.83926			4
2025.01.14	00:59:01.559	0.83877				2
2025.01.14	00:59:03.922	0.83853	0.83924			6
2025.01.14	00:59:04.222	0.83851				2
2025.01.14	00:59:05.535	0.83843	0.83916			6
2025.01.14	00:59:06.387	0.83849	0.83922			6
2025.01.14	00:59:28.048	0.83846	0.83878			6
2025.01.14	00:59:28.360	0.83843	0.83875			6
2025.01.14	00:59:51.533	0.83846	0.83878			6
2025.01.14	01:00:00.146	0.83846	0.83873			6
2025.01.14	01:00:00.450		0.83878			4
2025.01.14	01:00:00.763	0.83859	0.83889			6
2025.01.14	01:00:01.068	0.83834				2
2025.01.14	01:00:01.683	0.83832				2
2025.01.14	01:00:01.988	0.83825				2
2025.01.14	01:00:02.304	0.83824	0.83971			6
2025.01.14	01:00:02.623		0.83944			4
2025.01.14	01:00:02.936	0.83818	0.83938			6
2025.01.14	01:00:03.281	0.83814	0.83909			6
2025.01.14	01:00:03.584	0.83818	0.83926			6
2025.01.14	01:00:03.885	0.83827	0.83912			6
2025.01.14	01:00:04.190		0.83911			4
2025.01.14	01:00:04.492	0.83839	0.83913			6
2025.01.14	01:00:04.817		0.83960			4
2025.01.14	01:00:07.746	0.83845				2
2025.01.14	01:00:08.146	0.83856				2
2025.01.14	01:00:08.497	0.83839				2
2025.01.14	01:00:08.803	0.83825				2
2025.01.14	01:00:09.110	0.83839				2
2025.01.14	01:00:09.447	0.83862				2
2025.01.14	01:00:09.764	0.83861				2
2025.01.14	01:00:10.067	0.83839				2
2025.01.14	01:00:10.745	0.83848				2
2025.01.14	01:00:11.058	0.83851				2
2025.01.14	01:00:11.447	0.83854	0.83888			6
2025.01.14	01:00:11.762	0.83862				2
2025.01.14	01:00:12.147	0.83858				2
2025.01.14	01:00:12.459	0.83854				2
2025.01.14	01:00:12.787	0.83878	0.83899			6
2025.01.14	01:00:13.459	0.83876				2
2025.01.14	01:00:14.483	0.83874				2
2025.01.14	01:00:15.928	0.83876				2
2025.01.14	01:00:16.250	0.83884	0.83907			6
2025.01.14	01:00:16.582	0.83882				2
2025.01.14	01:00:16.980	0.83888	0.83917			6
2025.01.14	01:00:17.347		0.83918			4
2025.01.14	01:00:18.772	0.83893	0.83921			6
2025.01.14	01:00:19.409		0.83917			4
2025.01.14	01:00:19.781	0.83894				2
2025.01.14	01:00:20.090	0.83898	0.83923			6
2025.01.14	01:00:20.466	0.83892				2
2025.01.14	01:00:21.270	0.83895				2
2025.01.14	01:00:24.246	0.83889	0.83918			6
2025.01.14	01:00:24.568		0.83920			4
2025.01.14	01:00:24.927	0.83888	0.83921			6
2025.01.14	01:00:25.388	0.83889	0.83920			6
2025.01.14	01:00:26.004	0.83892	0.83922			6
2025.01.14	01:00:26.387	0.83889	0.83920			6
2025.01.14	01:00:26.749		0.83916			4
2025.01.14	01:00:28.331	0.83884	0.83914			6
2025.01.14	01:00:30.847	0.83892	0.83920			6
2025.01.14	01:00:31.207		0.83919			4
2025.01.14	01:00:34.267	0.83893	0.83922			6
2025.01.14	01:00:34.710		0.83921			4
2025.01.14	01:00:36.359		0.83923			4
2025.01.14	01:00:36.682	0.83895	0.83920			6
2025.01.14	01:00:37.080		0.83919			4
2025.01.14	01:00:37.651		0.83920			4
2025.01.14	01:00:37.964	0.83897				2
2025.01.14	01:00:38.345		0.83921			4
2025.01.14	01:00:38.947	0.83900				2
2025.01.14	01:00:39.336		0.83923			4
2025.01.14	01:00:39.674	0.83899	0.83925			6
2025.01.14	01:00:40.127		0.83922			4
2025.01.14	01:00:40.522	0.83901	0.83924			6
2025.01.14	01:00:40.906	0.83900	0.83923			6
2025.01.14	01:00:41.304		0.83922			4
2025.01.14	01:00:41.945		0.83923			4
2025.01.14	01:00:42.310	0.83901				2
2025.01.14	01:00:42.845		0.83924			4
2025.01.14	01:00:43.337	0.83899				2
2025.01.14	01:00:44.920		0.83923			4
2025.01.14	01:00:45.254	0.83898	0.83924			6
2025.01.14	01:00:45.560		0.83925			4
2025.01.14	01:00:45.992	0.83901	0.83930			6
2025.01.14	01:00:46.398		0.83927			4
2025.01.14	01:00:47.504	0.83902				2
2025.01.14	01:00:48.336	0.83903	0.83928			6
2025.01.14	01:00:49.178	0.83907	0.83930			6
2025.01.14	01:00:49.560	0.83909	0.83934			6
2025.01.14	01:00:50.347	0.83907				2
2025.01.14	01:00:50.756	0.83902	0.83929			6
2025.01.14	01:00:51.065	0.83900	0.83931			6
2025.01.14	01:00:51.372		0.83925			4
2025.01.14	01:00:52.504	0.83896	0.83921			6
2025.01.14	01:00:53.412	0.83898				2
2025.01.14	01:00:53.919		0.83920			4
2025.01.14	01:00:54.499	0.83895	0.83919			6
2025.01.14	01:00:55.523		0.83917			4
2025.01.14	01:00:55.848		0.83918			4
2025.01.14	01:00:56.646	0.83898	0.83919			6
2025.01.14	01:00:57.007		0.83920			4
2025.01.14	01:00:57.585	0.83894	0.83922			6
2025.01.14	01:00:57.889	0.83893	0.83919			6
2025.01.14	01:00:58.379		0.83918			4
2025.01.14	01:00:59.061	0.83891	0.83917			6
2025.01.14	01:00:59.363		0.83913			4
2025.01.14	01:01:00.317	0.83900				2
2025.01.14	01:01:00.635	0.83899	0.83915			6
2025.01.14	01:01:01.103	0.83898				2
2025.01.14	01:01:01.565	0.83900				2
2025.01.14	01:01:02.047	0.83905	0.83921			6
2025.01.14	01:01:02.395	0.83906				2
2025.01.14	01:01:05.647	0.83914	0.83930			6
2025.01.14	01:01:06.244		0.83929			4
2025.01.14	01:01:07.716	0.83913				2
2025.01.14	01:01:08.985	0.83916	0.83932			6
2025.01.14	01:01:09.522	0.83914				2
2025.01.14	01:01:09.829		0.83931			4
2025.01.14	01:01:10.155		0.83929			4
2025.01.14	01:01:11.084	0.83915	0.83932			6
2025.01.14	01:01:12.249		0.83931			4
2025.01.14	01:01:13.565		0.83932			4
2025.01.14	01:01:15.041		0.83931			4
2025.01.14	01:01:16.474	0.83916	0.83930			6
2025.01.14	01:01:16.821		0.83935			4
2025.01.14	01:01:18.125	0.83912	0.83933			6
2025.01.14	01:01:18.450		0.83930			4
2025.01.14	01:01:19.747	0.83913	0.83933			6
2025.01.14	01:01:20.060	0.83912	0.83931			6
2025.01.14	01:01:20.362		0.83930			4
2025.01.14	01:01:23.325	0.83910	0.83929			6
2025.01.14	01:01:27.527		0.83927			4
2025.01.14	01:01:28.985	0.83906	0.83923			6
2025.01.14	01:01:30.185	0.83902	0.83920			6
2025.01.14	01:01:30.551	0.83905	0.83924			6
2025.01.14	01:01:31.688	0.83907				2
2025.01.14	01:01:33.572	0.83905	0.83923			6
2025.01.14	01:01:33.976	0.83906				2
2025.01.14	01:01:34.359	0.83909	0.83924			6
2025.01.14	01:01:35.045	0.83906	0.83923			6
2025.01.14	01:01:35.872	0.83908	0.83922			6
2025.01.14	01:01:36.775	0.83907				2
2025.01.14	01:01:37.088	0.83905	0.83921			6
2025.01.14	01:01:37.445		0.83919			4
2025.01.14	01:01:38.146	0.83909	0.83922			6
2025.01.14	01:01:38.457		0.83925			4
2025.01.14	01:01:40.242	0.83910	0.83927			6
2025.01.14	01:01:41.945		0.83928			4
2025.01.14	01:01:44.539	0.83913	0.83927			6
2025.01.14	01:01:44.944		0.83930			4
2025.01.14	01:01:45.832		0.83931			4
2025.01.14	01:01:46.346		0.83930			4
2025.01.14	01:01:49.536		0.83932			4
2025.01.14	01:01:50.955	0.83915				2
2025.01.14	01:01:54.105	0.83917	0.83931			6
2025.01.14	01:01:57.233		0.83932			4
2025.01.14	01:01:58.671	0.83918				2
2025.01.14	01:01:58.987	0.83917	0.83933			6
2025.01.14	01:02:00.247	0.83917				2
2025.01.14	01:02:00.621	0.83910	0.83929			6
2025.01.14	01:02:00.970		0.83928			4
2025.01.14	01:02:01.439		0.83929			4
2025.01.14	01:02:02.639		0.83928			4
2025.01.14	01:02:03.245		0.83926			4
2025.01.14	01:02:03.854	0.83911	0.83930			6
2025.01.14	01:02:05.099		0.83929			4
2025.01.14	01:02:07.451	0.83912	0.83930			6
2025.01.14	01:02:07.949	0.83913	0.83931			6
2025.01.14	01:02:08.265	0.83910	0.83926			6
2025.01.14	01:02:08.575		0.83927			4
2025.01.14	01:02:08.973	0.83912				2
2025.01.14	01:02:09.288		0.83929			4
2025.01.14	01:02:09.668	0.83913				2
2025.01.14	01:02:11.198	0.83915				2
2025.01.14	01:02:12.037	0.83916	0.83932			6
2025.01.14	01:02:13.160	0.83902	0.83920			6
2025.01.14	01:02:13.463	0.83900	0.83918			6
2025.01.14	01:02:14.385	0.83902	0.83920			6
2025.01.14	01:02:14.692	0.83900	0.83915			6
2025.01.14	01:02:15.304	0.83901				2
2025.01.14	01:02:18.050	0.83902	0.83916			6
2025.01.14	01:02:18.750	0.83908	0.83922			6
2025.01.14	01:02:19.288		0.83923			4
2025.01.14	01:02:19.710	0.83902	0.83918			6
2025.01.14	01:02:20.466	0.83900	0.83915			6
2025.01.14	01:02:22.068	0.83904	0.83918			6
2025.01.14	01:02:22.723	0.83905	0.83920			6
2025.01.14	01:02:24.920	0.83906				2
2025.01.14	01:02:25.385	0.83913	0.83927			6
2025.01.14	01:02:26.228	0.83917	0.83931			6
2025.01.14	01:02:28.427	0.83918	0.83932			6
2025.01.14	01:02:30.797	0.83919	0.83931			6
2025.01.14	01:02:31.107	0.83911	0.83925			6
2025.01.14	01:02:31.498	0.83912	0.83926			6
2025.01.14	01:02:32.148	0.83913				2
2025.01.14	01:02:32.508	0.83911	0.83925			6
2025.01.14	01:02:33.954	0.83912				2
2025.01.14	01:02:35.099	0.83907	0.83926			6
2025.01.14	01:02:35.405	0.83906	0.83921			6
2025.01.14	01:02:36.209		0.83920			4
2025.01.14	01:02:36.663		0.83919			4
2025.01.14	01:02:38.945	0.83905				2
2025.01.14	01:02:39.956		0.83918			4
2025.01.14	01:02:41.432	0.83906				2
2025.01.14	01:02:41.874	0.83907	0.83919			6
2025.01.14	01:02:42.857		0.83918			4
2025.01.14	01:02:43.692		0.83919			4
2025.01.14	01:02:44.345		0.83918			4
2025.01.14	01:02:45.258	0.83906	0.83922			6
2025.01.14	01:02:45.568	0.83913	0.83926			6
2025.01.14	01:02:46.344	0.83905	0.83917			6
2025.01.14	01:02:46.889	0.83906				2
2025.01.14	01:02:48.958	0.83907	0.83920			6
2025.01.14	01:02:49.341	0.83908	0.83919			6
2025.01.14	01:02:53.345	0.83909				2
2025.01.14	01:02:54.885		0.83920			4
2025.01.14	01:02:55.445	0.83910	0.83921			6
2025.01.14	01:02:55.747	0.83908	0.83922			6
2025.01.14	01:02:56.062	0.83906	0.83917			6
2025.01.14	01:02:58.556	0.83908	0.83919			6
2025.01.14	01:03:00.523	0.83908				2
2025.01.14	01:03:01.094		0.83918			4
2025.01.14	01:03:01.981	0.83907				2
2025.01.14	01:03:02.554	0.83906	0.83916			6
2025.01.14	01:03:06.712	0.83901	0.83910			6
2025.01.14	01:03:07.851	0.83900				2
2025.01.14	01:03:11.734		0.83912			4
2025.01.14	01:03:12.247	0.83901	0.83911			6
2025.01.14	01:03:16.771	0.83895	0.83907			6
2025.01.14	01:03:17.159	0.83903	0.83913			6
2025.01.14	01:03:17.489	0.83904	0.83914			6
2025.01.14	01:03:17.945	0.83900	0.83910			6
2025.01.14	01:03:20.700	0.83899	0.83909			6
2025.01.14	01:03:21.391	0.83900	0.83910			6
2025.01.14	01:03:21.706	0.83899	0.83909			6
2025.01.14	01:03:23.645	0.83895	0.83905			6
2025.01.14	01:03:23.954	0.83894	0.83904			6
2025.01.14	01:03:24.272	0.83895	0.83907			6
2025.01.14	01:03:25.060	0.83896	0.83906			6
2025.01.14	01:03:25.452	0.83897	0.83907			6
2025.01.14	01:03:31.376	0.83898	0.83908			6
2025.01.14	01:03:31.728	0.83899	0.83909			6
2025.01.14	01:03:35.268		0.83908			4
2025.01.14	01:03:36.392	0.83898				2
2025.01.14	01:03:40.768	0.83900	0.83910			6
2025.01.14	01:03:43.148	0.83901				2
2025.01.14	01:03:44.312	0.83903				2
2025.01.14	01:03:46.386	0.83902				2
2025.01.14	01:03:49.405	0.83901	0.83911			6
2025.01.14	01:03:50.047		0.83909			4
2025.01.14	01:03:56.112	0.83892	0.83903			6
2025.01.14	01:03:56.420	0.83894	0.83901			6
2025.01.14	01:03:56.766		0.83902			4
2025.01.14	01:03:57.495	0.83895				2
2025.01.14	01:03:59.647		0.83904			4
2025.01.14	01:03:59.962	0.83896				2
2025.01.14	01:04:00.357	0.83896	0.83905			6
2025.01.14	01:04:00.845		0.83904			4
2025.01.14	01:04:01.761	0.83897	0.83905			6
2025.01.14	01:04:05.901	0.83891	0.83900			6
2025.01.14	01:04:06.282	0.83894	0.83901			6
2025.01.14	01:04:11.766	0.83899	0.83904			6
2025.01.14	01:04:12.067	0.83900	0.83906			6
2025.01.14	01:04:12.382	0.83899				2
2025.01.14	01:04:12.785	0.83903	0.83908			6
2025.01.14	01:04:13.101		0.83909			4
2025.01.14	01:04:13.884	0.83910	0.83916			6
2025.01.14	01:04:14.196	0.83911				2
2025.01.14	01:04:14.617	0.83906				2
2025.01.14	01:04:15.788	0.83905	0.83915			6
2025.01.14	01:04:16.413	0.83906				2
2025.01.14	01:04:18.737	0.83905	0.83916			6
2025.01.14	01:04:19.444	0.83906				2
2025.01.14	01:04:19.900	0.83905	0.83915			6
2025.01.14	01:04:21.545	0.83906				2
2025.01.14	01:04:23.585		0.83913			4
2025.01.14	01:04:26.367	0.83902	0.83909			6
2025.01.14	01:04:26.694	0.83901	0.83910			6
2025.01.14	01:04:27.845	0.83898	0.83909			6
2025.01.14	01:04:30.370	0.83902	0.83910			6
2025.01.14	01:04:33.469	0.83905	0.83912			6
2025.01.14	01:04:36.868		0.83913			4
2025.01.14	01:04:38.535	0.83910	0.83912			6
2025.01.14	01:04:40.363	0.83905	0.83913			6
2025.01.14	01:04:40.792	0.83907	0.83914			6
2025.01.14	01:04:41.164		0.83915			4
2025.01.14	01:04:42.866	0.83905	0.83914			6
2025.01.14	01:04:43.184		0.83913			4
2025.01.14	01:04:43.490	0.83908	0.83918			6
2025.01.14	01:04:44.388	0.83915	0.83921			6
2025.01.14	01:04:44.706	0.83911	0.83924			6
2025.01.14	01:04:45.018		0.83922			4
2025.01.14	01:04:45.370	0.83909	0.83916			6
2025.01.14	01:04:45.683	0.83910	0.83918			6
2025.01.14	01:04:47.564		0.83917			4
2025.01.14	01:04:48.107	0.83915	0.83923			6
2025.01.14	01:04:48.435		0.83924			4
2025.01.14	01:04:49.444		0.83925			4
2025.01.14	01:04:50.948		0.83924			4
2025.01.14	01:04:53.422	0.83918				2
2025.01.14	01:04:53.732		0.83925			4
2025.01.14	01:04:54.824	0.83919	0.83927			6
2025.01.14	01:04:55.537	0.83924	0.83934			6
2025.01.14	01:04:55.843		0.83933			4
2025.01.14	01:04:56.344		0.83932			4
2025.01.14	01:04:57.171	0.83921				2
2025.01.14	01:04:57.525		0.83931			4
2025.01.14	01:04:57.918	0.83924	0.83934			6
2025.01.14	01:04:58.260	0.83925	0.83935			6
2025.01.14	01:04:59.046		0.83934			4
2025.01.14	01:04:59.751	0.83923	0.83931			6
2025.01.14	01:05:00.180	0.83921				2
2025.01.14	01:05:01.263		0.83930			4
2025.01.14	01:05:02.306		0.83931			4
2025.01.14	01:05:02.795		0.83930			4
2025.01.14	01:05:07.144		0.83929			4
2025.01.14	01:05:08.321	0.83920	0.83930			6
2025.01.14	01:05:08.661	0.83919				2
2025.01.14	01:05:10.145	0.83920	0.83928			6
2025.01.14	01:05:10.450	0.83922				2
2025.01.14	01:05:12.880	0.83919	0.83929			6
2025.01.14	01:05:14.109	0.83918				2
2025.01.14	01:05:14.766		0.83925			4
2025.01.14	01:05:15.089	0.83917				2
2025.01.14	01:05:15.395	0.83919				2
2025.01.14	01:05:18.949	0.83921	0.83928			6
2025.01.14	01:05:20.353		0.83929			4
2025.01.14	01:05:27.074	0.83919				2
2025.01.14	01:05:31.424	0.83920	0.83927			6
2025.01.14	01:05:31.743		0.83928			4
2025.01.14	01:05:40.507	0.83921	0.83929			6
2025.01.14	01:05:41.720	0.83928	0.83935			6
2025.01.14	01:05:47.972		0.83936			4
2025.01.14	01:05:48.284		0.83937			4
2025.01.14	01:05:49.116		0.83936			4
2025.01.14	01:05:53.407		0.83935			4
2025.01.14	01:05:53.758	0.83927				2
2025.01.14	01:05:56.247	0.83925	0.83934			6
2025.01.14	01:05:56.945		0.83933			4
2025.01.14	01:06:00.592	0.83927	0.83929			6
2025.01.14	01:06:01.202	0.83925	0.83927			6
2025.01.14	01:06:02.409	0.83922	0.83931			6
2025.01.14	01:06:03.178		0.83932			4
2025.01.14	01:06:04.570	0.83925	0.83930			6
2025.01.14	01:06:04.873		0.83933			4
2025.01.14	01:06:05.622	0.83928				2
2025.01.14	01:06:05.923		0.83937			4
2025.01.14	01:06:09.553		0.83936			4
2025.01.14	01:06:12.247	0.83927	0.83935			6
2025.01.14	01:06:24.169	0.83926				2
2025.01.14	01:06:28.177	0.83928	0.83936			6
2025.01.14	01:06:32.328	0.83932	0.83941			6
2025.01.14	01:06:32.629	0.83935				2
2025.01.14	01:06:32.935		0.83942			4
2025.01.14	01:06:34.215	0.83934	0.83941			6
2025.01.14	01:06:35.886	0.83933	0.83942			6
2025.01.14	01:06:36.246		0.83941			4
2025.01.14	01:06:37.097	0.83932				2
2025.01.14	01:06:37.747	0.83933				2
2025.01.14	01:06:38.674	0.83932	0.83942			6
2025.01.14	01:06:38.983	0.83933	0.83941			6
2025.01.14	01:06:40.850		0.83940			4
2025.01.14	01:06:41.162	0.83932				2
2025.01.14	01:06:41.790	0.83930				2
2025.01.14	01:06:42.546		0.83939			4
2025.01.14	01:06:44.041	0.83929	0.83938			6
2025.01.14	01:06:44.418	0.83927	0.83934			6
2025.01.14	01:06:45.545		0.83935			4
2025.01.14	01:06:50.664		0.83936			4
2025.01.14	01:06:52.351	0.83928				2
2025.01.14	01:06:54.567		0.83937			4
2025.01.14	01:06:55.783	0.83927				2
2025.01.14	01:07:00.245	0.83927	0.83938			6
2025.01.14	01:07:06.047	0.83922	0.83932			6
2025.01.14	01:07:06.974		0.83933			4
2025.01.14	01:07:12.348		0.83934			4
2025.01.14	01:07:12.653	0.83927				2
2025.01.14	01:07:12.963		0.83935			4
2025.01.14	01:07:13.812	0.83924	0.83933			6
2025.01.14	01:07:15.845		0.83934			4
2025.01.14	01:07:20.386	0.83925	0.83933			6
2025.01.14	01:07:21.374	0.83924	0.83934			6
2025.01.14	01:07:23.107	0.83926	0.83935			6
2025.01.14	01:07:23.410	0.83925	0.83936			6
2025.01.14	01:07:23.717	0.83924	0.83934			6
2025.01.14	01:07:24.155		0.83933			4
2025.01.14	01:07:26.350		0.83934			4
2025.01.14	01:07:28.621		0.83933			4
2025.01.14	01:07:31.746	0.83927	0.83937			6
2025.01.14	01:07:32.072	0.83929	0.83938			6
2025.01.14	01:07:33.442	0.83930	0.83939			6
2025.01.14	01:07:35.312	0.83931	0.83940			6
2025.01.14	01:07:37.930		0.83941			4
2025.01.14	01:07:46.755		0.83942			4
2025.01.14	01:07:49.013		0.83941			4
2025.01.14	01:07:50.948		0.83942			4
2025.01.14	01:07:52.450		0.83941			4
2025.01.14	01:07:54.591		0.83942			4
2025.01.14	01:07:55.445		0.83941			4
2025.01.14	01:07:58.484	0.83935	0.83943			6
2025.01.14	01:08:00.191	0.83935	0.83944			6
2025.01.14	01:08:00.607	0.83933	0.83942			6
2025.01.14	01:08:01.634	0.83934				2
2025.01.14	01:08:06.346	0.83933				2
2025.01.14	01:08:09.768		0.83941			4
2025.01.14	01:08:12.805	0.83934	0.83942			6
2025.01.14	01:08:13.157		0.83941			4
2025.01.14	01:08:20.350		0.83943			4
2025.01.14	01:08:22.056		0.83942			4
2025.01.14	01:08:32.460	0.83935	0.83941			6
2025.01.14	01:08:32.763		0.83942			4
2025.01.14	01:08:40.349	0.83932	0.83939			6
2025.01.14	01:08:40.671	0.83931	0.83937			6
2025.01.14	01:08:46.122	0.83930	0.83938			6
2025.01.14	01:08:49.157	0.83932	0.83939			6
2025.01.14	01:09:00.474	0.83932				2
2025.01.14	01:09:03.978	0.83933	0.83940			6
2025.01.14	01:09:12.162	0.83935	0.83941			6
2025.01.14	01:09:12.811	0.83931	0.83938			6
2025.01.14	01:09:15.245	0.83932				2
2025.01.14	01:09:22.445	0.83931				2
2025.01.14	01:09:27.029	0.83935	0.83943			6
2025.01.14	01:09:27.787	0.83933	0.83939			6
2025.01.14	01:09:28.144	0.83932				2
2025.01.14	01:09:31.295	0.83931				2
2025.01.14	01:09:32.056	0.83932	0.83940			6
2025.01.14	01:09:33.852	0.83933				2
2025.01.14	01:09:35.404	0.83930	0.83936			6
2025.01.14	01:09:39.461	0.83926	0.83933			6
2025.01.14	01:09:39.797		0.83934			4
2025.01.14	01:09:43.089	0.83928	0.83935			6
2025.01.14	01:09:43.392	0.83931	0.83938			6
2025.01.14	01:09:43.704	0.83930	0.83936			6
2025.01.14	01:09:45.232		0.83937			4
2025.01.14	01:09:46.063	0.83929	0.83935			6
2025.01.14	01:09:51.372		0.83936			4
2025.01.14	01:09:52.067		0.83935			4
2025.01.14	01:09:54.836		0.83937			4
2025.01.14	01:09:55.428		0.83936			4
2025.01.14	01:09:57.513	0.83930				2
2025.01.14	01:09:58.348	0.83929				2
2025.01.14	01:09:58.683	0.83930	0.83937			6
2025.01.14	01:09:59.621		0.83938			4
2025.01.14	01:10:00.173	0.83930				2
2025.01.14	01:10:00.762	0.83929	0.83936			6
2025.01.14	01:10:04.302		0.83935			4
2025.01.14	01:10:07.625		0.83936			4
2025.01.14	01:10:13.151		0.83935			4
2025.01.14	01:10:18.214		0.83936			4
2025.01.14	01:10:19.400		0.83934			4
2025.01.14	01:10:19.706	0.83928				2
2025.01.14	01:10:21.529	0.83927				2
2025.01.14	01:10:22.145	0.83926	0.83933			6
2025.01.14	01:10:22.765	0.83923	0.83929			6
2025.01.14	01:10:25.801		0.83930			4
2025.01.14	01:10:26.102	0.83924	0.83931			6
2025.01.14	01:10:27.573	0.83923	0.83930			6
2025.01.14	01:10:29.778		0.83929			4
2025.01.14	01:10:30.323		0.83930			4
2025.01.14	01:10:30.938		0.83929			4
2025.01.14	01:10:31.238		0.83930			4
2025.01.14	01:10:31.544	0.83921	0.83927			6
2025.01.14	01:10:33.164	0.83920				2
2025.01.14	01:10:36.370		0.83926			4
2025.01.14	01:10:42.346		0.83927			4
2025.01.14	01:10:42.661		0.83926			4
2025.01.14	01:10:43.390		0.83927			4
2025.01.14	01:10:44.480	0.83921				2
2025.01.14	01:10:46.933	0.83923	0.83929			6
2025.01.14	01:10:47.321		0.83930			4
2025.01.14	01:10:47.726	0.83924				2
2025.01.14	01:10:49.089	0.83923				2
2025.01.14	01:10:51.545		0.83929			4
2025.01.14	01:10:55.414	0.83924				2
2025.01.14	01:10:56.449		0.83930			4
2025.01.14	01:10:57.097		0.83931			4
2025.01.14	01:10:57.682		0.83930			4
2025.01.14	01:10:59.347		0.83931			4
2025.01.14	01:11:00.066	0.83924				2
2025.01.14	01:11:11.113		0.83930			4
2025.01.14	01:11:11.645		0.83931			4
2025.01.14	01:11:18.344		0.83930			4
2025.01.14	01:11:24.622	0.83929	0.83936			6
2025.01.14	01:11:24.929	0.83930				2
2025.01.14	01:11:26.175		0.83937			4
2025.01.14	01:11:30.322		0.83936			4
2025.01.14	01:11:31.897		0.83935			4
2025.01.14	01:11:42.552		0.83937			4
2025.01.14	01:11:43.172	0.83928	0.83935			6
2025.01.14	01:11:45.731	0.83934	0.83939			6
2025.01.14	01:11:46.043	0.83930	0.83935			6
2025.01.14	01:11:46.721		0.83936			4
2025.01.14	01:11:47.767	0.83928	0.83933			6
2025.01.14	01:11:48.646		0.83934			4
2025.01.14	01:11:49.463	0.83929	0.83935			6
2025.01.14	01:11:50.646	0.83930				2
2025.01.14	01:11:52.676	0.83929				2
2025.01.14	01:11:53.462		0.83934			4
2025.01.14	01:11:54.321	0.83928				2
2025.01.14	01:11:54.635		0.83935			4
2025.01.14	01:11:54.980		0.83934			4
2025.01.14	01:11:56.945		0.83935			4
2025.01.14	01:11:57.374		0.83934			4
2025.01.14	01:11:57.690		0.83935			4
2025.01.14	01:11:58.457	0.83929				2
2025.01.14	01:11:58.861	0.83928	0.83934			6
2025.01.14	01:12:01.241	0.83928				2
2025.01.14	01:12:02.308	0.83924	0.83930			6
2025.01.14	01:12:06.549		0.83931			4
2025.01.14	01:12:06.876	0.83928	0.83933			6
2025.01.14	01:12:07.597		0.83934			4
2025.01.14	01:12:08.247	0.83925	0.83931			6
2025.01.14	01:12:10.336	0.83926	0.83932			6
2025.01.14	01:12:15.691	0.83929	0.83935			6
2025.01.14	01:12:16.105		0.83936			4
2025.01.14	01:12:16.500		0.83935			4
2025.01.14	01:12:18.690	0.83926	0.83934			6
2025.01.14	01:12:19.576	0.83925	0.83932			6
2025.01.14	01:12:20.596	0.83929	0.83935			6
2025.01.14	01:12:22.082		0.83936			4
2025.01.14	01:12:23.075		0.83937			4
2025.01.14	01:12:24.915	0.83928				2
2025.01.14	01:12:27.028	0.83923	0.83931			6
2025.01.14	01:12:27.346	0.83925				2
2025.01.14	01:12:29.219	0.83930	0.83935			6
2025.01.14	01:12:30.046	0.83929				2
2025.01.14	01:12:30.358		0.83934			4
2025.01.14	01:12:31.249	0.83928	0.83935			6
2025.01.14	01:12:32.248	0.83930	0.83937			6
2025.01.14	01:12:36.014	0.83923	0.83928			6
2025.01.14	01:12:36.323	0.83919	0.83924			6
2025.01.14	01:12:36.652	0.83918	0.83923			6
2025.01.14	01:12:37.510	0.83917				2
2025.01.14	01:12:38.303	0.83911	0.83920			6
2025.01.14	01:12:38.624		0.83921			4
2025.01.14	01:12:38.951	0.83912	0.83919			6
2025.01.14	01:12:42.046		0.83918			4
2025.01.14	01:12:42.350	0.83914	0.83921			6
2025.01.14	01:12:42.652	0.83916	0.83922			6
2025.01.14	01:12:44.104	0.83917	0.83923			6
2025.01.14	01:12:44.422	0.83915	0.83924			6
2025.01.14	01:12:44.928		0.83923			4
2025.01.14	01:12:45.928	0.83911	0.83918			6
2025.01.14	01:12:50.547		0.83917			4
2025.01.14	01:12:54.043	0.83910	0.83916			6
2025.01.14	01:12:54.347	0.83911				2
2025.01.14	01:12:54.735	0.83920	0.83926			6
2025.01.14	01:12:55.750		0.83925			4
2025.01.14	01:12:56.270		0.83927			4
2025.01.14	01:12:56.602	0.83921				2
2025.01.14	01:13:00.364	0.83921				2
2025.01.14	01:13:01.258	0.83920				2
2025.01.14	01:13:06.161	0.83921	0.83929			6
2025.01.14	01:13:06.495	0.83922	0.83930			6
2025.01.14	01:13:06.805		0.83931			4
2025.01.14	01:13:08.044	0.83921				2
2025.01.14	01:13:08.354		0.83929			4
2025.01.14	01:13:08.676	0.83919	0.83926			6
2025.01.14	01:13:09.054		0.83925			4
2025.01.14	01:13:10.173	0.83916	0.83923			6
2025.01.14	01:13:10.484	0.83914	0.83924			6
2025.01.14	01:13:10.803		0.83923			4
2025.01.14	01:13:12.996		0.83920			4
2025.01.14	01:13:14.091	0.83913				2
2025.01.14	01:13:14.402	0.83914	0.83921			6
2025.01.14	01:13:14.967		0.83922			4
2025.01.14	01:13:18.264	0.83911	0.83917			6
2025.01.14	01:13:18.609		0.83918			4
2025.01.14	01:13:19.941	0.83912				2
2025.01.14	01:13:20.247	0.83911				2
2025.01.14	01:13:25.777	0.83910				2
2025.01.14	01:13:26.096	0.83911				2
2025.01.14	01:13:26.660	0.83915	0.83921			6
2025.01.14	01:13:28.708	0.83913	0.83920			6
2025.01.14	01:13:29.277	0.83911	0.83919			6
2025.01.14	01:13:29.583	0.83913	0.83920			6
2025.01.14	01:13:29.890	0.83911	0.83919			6
2025.01.14	01:13:36.385		0.83917			4
2025.01.14	01:13:36.712	0.83910	0.83916			6
2025.01.14	01:13:37.693		0.83918			4
2025.01.14	01:13:38.906		0.83915			4
2025.01.14	01:13:39.224	0.83909	0.83914			6
2025.01.14	01:13:39.835	0.83910				2
2025.01.14	01:13:41.590	0.83909				2
2025.01.14	01:13:44.445	0.83910				2
2025.01.14	01:13:47.198	0.83908				2
2025.01.14	01:13:47.527	0.83909				2
2025.01.14	01:13:48.939		0.83916			4
2025.01.14	01:13:49.557		0.83914			4
2025.01.14	01:13:53.659	0.83907	0.83913			6
2025.01.14	01:13:54.013	0.83908	0.83914			6
2025.01.14	01:13:55.394		0.83915			4
2025.01.14	01:13:55.746	0.83909				2
2025.01.14	01:13:56.332	0.83908	0.83914			6
2025.01.14	01:13:57.902		0.83915			4
2025.01.14	01:13:59.375		0.83914			4
2025.01.14	01:14:00.358	0.83908				2
2025.01.14	01:14:01.157		0.83915			4
2025.01.14	01:14:01.871		0.83914			4
2025.01.14	01:14:02.220		0.83915			4
2025.01.14	01:14:02.604		0.83914			4
2025.01.14	01:14:10.721	0.83911	0.83916			6
2025.01.14	01:14:11.022		0.83917			4
2025.01.14	01:14:13.804		0.83916			4
2025.01.14	01:14:14.151	0.83910	0.83914			6
2025.01.14	01:14:14.466	0.83909				2
2025.01.14	01:14:16.349		0.83915			4
2025.01.14	01:14:16.996	0.83908				2
2025.01.14	01:14:17.302	0.83910	0.83916			6
2025.01.14	01:14:17.817	0.83909	0.83915			6
2025.01.14	01:14:18.223		0.83916			4
2025.01.14	01:14:19.302	0.83916	0.83920			6
2025.01.14	01:14:20.358	0.83917	0.83921			6
2025.01.14	01:14:22.350	0.83915	0.83920			6
2025.01.14	01:14:22.654	0.83914	0.83919			6
2025.01.14	01:14:23.985	0.83915	0.83923			6
2025.01.14	01:14:24.287	0.83913	0.83921			6
2025.01.14	01:14:24.590	0.83914				2
2025.01.14	01:14:25.421	0.83913				2
2025.01.14	01:14:25.817	0.83915	0.83920			6
2025.01.14	01:14:28.015	0.83914	0.83919			6
2025.01.14	01:14:28.341	0.83916	0.83923			6
2025.01.14	01:14:28.673	0.83919	0.83924			6
2025.01.14	01:14:29.024	0.83920				2
2025.01.14	01:14:29.366	0.83922	0.83926			6
2025.01.14	01:14:29.679	0.83921	0.83928			6
2025.01.14	01:14:30.374		0.83926			4
2025.01.14	01:14:30.938	0.83920	0.83925			6
2025.01.14	01:14:31.245	0.83919				2
2025.01.14	01:14:41.371	0.83920	0.83928			6
2025.01.14	01:14:41.699	0.83921				2
2025.01.14	01:14:42.114	0.83922	0.83929			6
2025.01.14	01:14:42.449	0.83923				2
2025.01.14	01:14:44.647		0.83930			4
2025.01.14	01:14:44.953	0.83922	0.83929			6
2025.01.14	01:14:50.558	0.83921				2
2025.01.14	01:14:52.173	0.83922	0.83928			6
2025.01.14	01:14:52.664		0.83930			4
2025.01.14	01:14:52.972	0.83923				2
2025.01.14	01:14:57.138	0.83924				2
2025.01.14	01:15:00.375	0.83924				2
2025.01.14	01:15:00.770	0.83920	0.83924			6
2025.01.14	01:15:01.084	0.83922	0.83929			6
2025.01.14	01:15:01.391	0.83921				2
2025.01.14	01:15:01.775		0.83928			4
2025.01.14	01:15:02.106		0.83929			4
2025.01.14	01:15:02.415		0.83928			4
2025.01.14	01:15:03.159	0.83922	0.83929			6
2025.01.14	01:15:04.354	0.83923	0.83930			6
2025.01.14	01:15:06.033		0.83929			4
2025.01.14	01:15:08.338	0.83921				2
2025.01.14	01:15:08.671		0.83927			4
2025.01.14	01:15:09.771		0.83925			4
2025.01.14	01:15:10.087	0.83920				2
2025.01.14	01:15:11.417	0.83918	0.83924			6
2025.01.14	01:15:11.932	0.83919				2
2025.01.14	01:15:12.309	0.83920				2
2025.01.14	01:15:13.197		0.83925			4
2025.01.14	01:15:13.504	0.83923	0.83927			6
2025.01.14	01:15:14.873	0.83924	0.83928			6
2025.01.14	01:15:15.177	0.83918	0.83922			6
2025.01.14	01:15:15.478	0.83916	0.83921			6
2025.01.14	01:15:18.304	0.83919	0.83924			6
2025.01.14	01:15:19.583	0.83917	0.83923			6
2025.01.14	01:15:19.896	0.83918	0.83924			6
2025.01.14	01:15:20.293	0.83913	0.83919			6
2025.01.14	01:15:20.614	0.83912	0.83916			6
2025.01.14	01:15:21.244	0.83910	0.83915			6
2025.01.14	01:15:21.563	0.83905	0.83908			6
2025.01.14	01:15:21.942	0.83907	0.83911			6
2025.01.14	01:15:25.593	0.83912	0.83917			6
2025.01.14	01:15:27.822	0.83913	0.83918			6
2025.01.14	01:15:28.123	0.83914				2
2025.01.14	01:15:28.446	0.83919	0.83923			6
2025.01.14	01:15:28.766	0.83918	0.83922			6
2025.01.14	01:15:29.241	0.83921	0.83924			6
2025.01.14	01:15:30.140	0.83918				2
2025.01.14	01:15:30.926	0.83915	0.83920			6
2025.01.14	01:15:32.847	0.83916				2
2025.01.14	01:15:33.976	0.83917	0.83919			6
2025.01.14	01:15:34.283	0.83918				2
2025.01.14	01:15:34.615	0.83920	0.83924			6
2025.01.14	01:15:34.922	0.83919	0.83925			6
2025.01.14	01:15:35.242	0.83921	0.83926			6
2025.01.14	01:15:35.618	0.83922	0.83925			6
2025.01.14	01:15:36.241	0.83921	0.83927			6
2025.01.14	01:15:36.575	0.83924				2
2025.01.14	01:15:36.882	0.83923	0.83928			6
2025.01.14	01:15:37.211	0.83925				2
2025.01.14	01:15:37.663		0.83930			4
2025.01.14	01:15:39.130	0.83923	0.83929			6
2025.01.14	01:15:39.516		0.83928			4
2025.01.14	01:15:40.391		0.83929			4
2025.01.14	01:15:41.950	0.83922	0.83927			6
2025.01.14	01:15:42.484	0.83921				2
2025.01.14	01:15:43.204		0.83926			4
2025.01.14	01:15:43.751	0.83920				2
2025.01.14	01:15:44.155	0.83922				2
2025.01.14	01:15:45.202	0.83921				2
2025.01.14	01:15:45.881	0.83922				2
2025.01.14	01:15:47.085	0.83920	0.83925			6
2025.01.14	01:15:47.977	0.83919				2
2025.01.14	01:15:48.321	0.83920				2
2025.01.14	01:15:49.965		0.83926			4
2025.01.14	01:15:51.263	0.83919	0.83925			6
2025.01.14	01:15:51.662	0.83920				2
2025.01.14	01:15:53.537	0.83919	0.83923			6
2025.01.14	01:15:54.745	0.83918	0.83925			6
2025.01.14	01:15:55.075	0.83919				2
2025.01.14	01:15:56.349	0.83918	0.83924			6
2025.01.14	01:15:58.241	0.83917	0.83923			6
2025.01.14	01:15:59.458	0.83918				2
2025.01.14	01:15:59.775	0.83917				2
2025.01.14	01:16:00.106	0.83914	0.83920			6
2025.01.14	01:16:00.501		0.83921			4
2025.01.14	01:16:01.028	0.83917	0.83923			6
2025.01.14	01:16:01.558		0.83922			4
2025.01.14	01:16:04.311	0.83916				2
2025.01.14	01:16:05.565	0.83917				2
2025.01.14	01:16:07.501	0.83914	0.83917			6
2025.01.14	01:16:11.341		0.83919			4
2025.01.14	01:16:17.898	0.83913				2
2025.01.14	01:16:18.699		0.83920			4
2025.01.14	01:16:19.004	0.83914				2
2025.01.14	01:16:22.124	0.83913	0.83919			6
2025.01.14	01:16:25.959	0.83914				2
2025.01.14	01:16:26.324	0.83913				2
2025.01.14	01:16:26.671		0.83917			4
2025.01.14	01:16:26.989	0.83914	0.83919			6
2025.01.14	01:16:27.379	0.83916	0.83921			6
2025.01.14	01:16:27.736	0.83917				2
2025.01.14	01:16:28.044	0.83919	0.83922			6
2025.01.14	01:16:28.345	0.83918				2
2025.01.14	01:16:29.401	0.83917	0.83923			6
2025.01.14	01:16:32.790		0.83922			4
2025.01.14	01:16:33.572	0.83916	0.83921			6
2025.01.14	01:16:33.896	0.83917				2
2025.01.14	01:16:34.199	0.83915				2
2025.01.14	01:16:34.709		0.83920			4
2025.01.14	01:16:37.377	0.83916	0.83922			6
2025.01.14	01:16:38.040	0.83917				2
2025.01.14	01:16:38.353	0.83916				2
2025.01.14	01:16:38.661	0.83917				2
2025.01.14	01:16:39.542	0.83916				2
2025.01.14	01:16:39.893	0.83915				2
2025.01.14	01:16:40.355	0.83916	0.83923			6
2025.01.14	01:16:41.790		0.83922			4
2025.01.14	01:16:43.527		0.83921			4
2025.01.14	01:16:43.872	0.83915	0.83922			6
2025.01.14	01:16:46.062	0.83916				2
2025.01.14	01:16:48.194	0.83915				2
2025.01.14	01:16:48.954	0.83914	0.83921			6
2025.01.14	01:16:51.958	0.83913				2
2025.01.14	01:16:52.262	0.83915	0.83920			6
2025.01.14	01:16:54.353		0.83921			4
2025.01.14	01:16:56.447		0.83919			4
2025.01.14	01:16:56.922	0.83914	0.83920			6
2025.01.14	01:16:57.820	0.83913				2
2025.01.14	01:16:58.170		0.83917			4
2025.01.14	01:16:58.485	0.83911				2
2025.01.14	01:16:59.391	0.83910	0.83916			6
2025.01.14	01:17:00.214	0.83911				2
2025.01.14	01:17:00.523		0.83917			4
2025.01.14	01:17:03.183	0.83913	0.83918			6
2025.01.14	01:17:03.484	0.83914				2
2025.01.14	01:17:04.281	0.83913	0.83917			6
2025.01.14	01:17:04.805	0.83912				2
2025.01.14	01:17:05.122	0.83911				2
2025.01.14	01:17:05.522	0.83913				2
2025.01.14	01:17:06.505	0.83912				2
2025.01.14	01:17:10.357	0.83910				2
2025.01.14	01:17:11.855		0.83916			4
2025.01.14	01:17:12.521		0.83917			4
2025.01.14	01:17:12.944	0.83911				2
2025.01.14	01:17:14.226	0.83913	0.83920			6
2025.01.14	01:17:15.382	0.83917	0.83923			6
2025.01.14	01:17:15.686	0.83918				2
2025.01.14	01:17:16.044		0.83924			4
2025.01.14	01:17:18.212	0.83917				2
2025.01.14	01:17:18.527	0.83919	0.83923			6
2025.01.14	01:17:19.019	0.83918				2
2025.01.14	01:17:19.743	0.83917				2
2025.01.14	01:17:20.346		0.83924			4
2025.01.14	01:17:20.649	0.83919				2
2025.01.14	01:17:21.141	0.83918	0.83925			6
2025.01.14	01:17:21.465	0.83919				2
2025.01.14	01:17:22.339		0.83926			4
2025.01.14	01:17:23.065	0.83916	0.83921			6
2025.01.14	01:17:23.386		0.83920			4
2025.01.14	01:17:24.365	0.83912				2
2025.01.14	01:17:24.754		0.83918			4
2025.01.14	01:17:25.384	0.83914	0.83919			6
2025.01.14	01:17:26.346	0.83913	0.83917			6
2025.01.14	01:17:26.872	0.83912				2
2025.01.14	01:17:27.246	0.83911	0.83916			6
2025.01.14	01:17:27.913		0.83917			4
2025.01.14	01:17:28.278	0.83910				2
2025.01.14	01:17:28.611		0.83916			4
2025.01.14	01:17:30.195	0.83908				2
2025.01.14	01:17:32.090		0.83915			4
2025.01.14	01:17:34.572	0.83907	0.83914			6
2025.01.14	01:17:34.974	0.83908	0.83913			6
2025.01.14	01:17:35.786	0.83907				2
2025.01.14	01:17:36.235	0.83908				2
2025.01.14	01:17:36.826	0.83909				2
2025.01.14	01:17:37.300	0.83908	0.83914			6
2025.01.14	01:17:38.372	0.83909	0.83913			6
2025.01.14	01:17:40.354	0.83906	0.83912			6
2025.01.14	01:17:40.664	0.83905	0.83911			6
2025.01.14	01:17:41.819	0.83907				2
2025.01.14	01:17:42.123		0.83912			4
2025.01.14	01:17:42.889	0.83906				2
2025.01.14	01:17:43.215		0.83911			4
2025.01.14	01:17:43.867	0.83905				2
2025.01.14	01:17:45.627		0.83910			4
2025.01.14	01:17:46.273		0.83909			4
2025.01.14	01:17:47.816	0.83906	0.83910			6
2025.01.14	01:17:48.699	0.83908	0.83911			6
2025.01.14	01:17:50.177		0.83910			4
2025.01.14	01:17:50.886	0.83907	0.83912			6
2025.01.14	01:17:51.895	0.83909	0.83914			6
2025.01.14	01:17:52.715		0.83911			4
2025.01.14	01:17:53.119	0.83910	0.83913			6
2025.01.14	01:17:55.805		0.83911			4
2025.01.14	01:17:56.766	0.83909	0.83910			6
2025.01.14	01:17:57.343	0.83908	0.83911			6
2025.01.14	01:17:57.657		0.83912			4
2025.01.14	01:17:58.692	0.83909	0.83913			6
2025.01.14	01:17:59.144		0.83912			4
2025.01.14	01:17:59.648	0.83910				2
2025.01.14	01:18:00.236	0.83910	0.83913			6
2025.01.14	01:18:01.127	0.83908	0.83911			6
2025.01.14	01:18:01.450	0.83907				2
2025.01.14	01:18:02.723		0.83910			4
2025.01.14	01:18:03.574	0.83906				2
2025.01.14	01:18:04.753	0.83904	0.83909			6
2025.01.14	01:18:07.607	0.83902	0.83908			6
2025.01.14	01:18:10.470		0.83905			4
2025.01.14	01:18:13.623	0.83903				2
2025.01.14	01:18:13.948		0.83906			4
2025.01.14	01:18:17.676	0.83902	0.83905			6
2025.01.14	01:18:18.897	0.83900				2
2025.01.14	01:18:22.048		0.83903			4
2025.01.14	01:18:22.367	0.83901				2
2025.01.14	01:18:22.681		0.83904			4
2025.01.14	01:18:23.002	0.83900				2
2025.01.14	01:18:23.860	0.83899	0.83901			6
2025.01.14	01:18:24.178	0.83898				2
2025.01.14	01:18:24.544	0.83897				2
2025.01.14	01:18:25.806	0.83903	0.83904			6
2025.01.14	01:18:26.147	0.83901				2
2025.01.14	01:18:26.517	0.83900				2
2025.01.14	01:18:26.832		0.83903			4
2025.01.14	01:18:29.944	0.83901	0.83904			6
2025.01.14	01:18:30.265	0.83902				2
2025.01.14	01:18:31.760	0.83901				2
2025.01.14	01:18:32.269	0.83902				2
2025.01.14	01:18:45.501	0.83900				2
2025.01.14	01:18:46.935		0.83903			4
2025.01.14	01:18:49.334		0.83904			4
2025.01.14	01:18:50.044	0.83901				2
2025.01.14	01:18:50.387	0.83899				2
2025.01.14	01:18:50.720	0.83898				2
2025.01.14	01:18:51.021	0.83899				2
2025.01.14	01:18:51.368	0.83898				2
2025.01.14	01:18:52.304	0.83899				2
2025.01.14	01:18:52.621	0.83900				2
2025.01.14	01:18:54.641	0.83902	0.83906			6
2025.01.14	01:18:54.972	0.83901				2
2025.01.14	01:18:55.276	0.83902	0.83907			6
2025.01.14	01:18:58.347	0.83903	0.83908			6
2025.01.14	01:18:59.045		0.83907			4
2025.01.14	01:19:00.421	0.83903				2
2025.01.14	01:19:04.928	0.83901	0.83906			6
2025.01.14	01:19:05.701		0.83907			4
2025.01.14	01:19:06.043		0.83906			4
2025.01.14	01:19:06.847	0.83903				2
2025.01.14	01:19:07.544		0.83907			4
2025.01.14	01:19:07.852	0.83902				2
2025.01.14	01:19:08.511		0.83908			4
2025.01.14	01:19:13.222	0.83903	0.83907			6
2025.01.14	01:19:18.709	0.83902	0.83906			6
2025.01.14	01:19:26.680		0.83907			4
2025.01.14	01:19:31.371	0.83908	0.83912			6
2025.01.14	01:19:31.700	0.83914	0.83915			6
2025.01.14	01:19:32.007	0.83915	0.83918			6
2025.01.14	01:19:36.362		0.83920			4
2025.01.14	01:19:38.132	0.83914				2
2025.01.14	01:19:38.446	0.83911	0.83917			6
2025.01.14	01:19:38.749	0.83913				2
2025.01.14	01:19:40.687	0.83912				2
2025.01.14	01:19:41.004		0.83916			4
2025.01.14	01:19:42.852	0.83911				2
2025.01.14	01:19:43.524	0.83912				2
2025.01.14	01:19:43.838	0.83911				2
2025.01.14	01:19:44.140	0.83910	0.83917			6
2025.01.14	01:19:44.442	0.83913	0.83918			6
2025.01.14	01:19:45.282	0.83914				2
2025.01.14	01:19:46.174	0.83913	0.83917			6
2025.01.14	01:19:47.286	0.83912				2
2025.01.14	01:19:49.901	0.83910	0.83915			6
2025.01.14	01:19:51.658		0.83917			4
2025.01.14	01:19:52.345		0.83916			4
2025.01.14	01:19:52.868		0.83917			4
2025.01.14	01:19:54.717	0.83908	0.83914			6
2025.01.14	01:19:59.825	0.83909	0.83915			6
2025.01.14	01:20:00.148	0.83906	0.83912			6
2025.01.14	01:20:00.573	0.83907				2
2025.01.14	01:20:01.136	0.83906	0.83913			6
2025.01.14	01:20:03.845		0.83912			4
2025.01.14	01:20:06.440	0.83912	0.83913			6
2025.01.14	01:20:07.303	0.83903	0.83908			6
2025.01.14	01:20:07.627	0.83905	0.83907			6
2025.01.14	01:20:07.972	0.83910	0.83911			6
2025.01.14	01:20:08.274	0.83909	0.83912			6
2025.01.14	01:20:08.944	0.83908				2
2025.01.14	01:20:09.742	0.83909				2
2025.01.14	01:20:10.172	0.83908				2
2025.01.14	01:20:11.820	0.83906	0.83910			6
2025.01.14	01:20:12.222	0.83907				2
2025.01.14	01:20:13.745		0.83909			4
2025.01.14	01:20:14.062	0.83908	0.83910			6
2025.01.14	01:20:14.403	0.83907				2
2025.01.14	01:20:15.245	0.83908				2
2025.01.14	01:20:15.562	0.83905	0.83908			6
2025.01.14	01:20:16.184	0.83903				2
2025.01.14	01:20:17.292	0.83904				2
2025.01.14	01:20:17.613	0.83903				2
2025.01.14	01:20:18.323	0.83904				2
2025.01.14	01:20:21.137	0.83903				2
2025.01.14	01:20:21.989	0.83904	0.83909			6
2025.01.14	01:20:22.746		0.83910			4
2025.01.14	01:20:23.073		0.83908			4
2025.01.14	01:20:23.471	0.83903				2
2025.01.14	01:20:25.388	0.83907	0.83911			6
2025.01.14	01:20:25.707	0.83910				2
2025.01.14	01:20:26.208	0.83909				2
2025.01.14	01:20:26.614	0.83906	0.83909			6
2025.01.14	01:20:28.025	0.83905				2
2025.01.14	01:20:29.349	0.83906				2
2025.01.14	01:20:30.067	0.83904				2
2025.01.14	01:20:32.877	0.83900	0.83902			6
2025.01.14	01:20:33.223		0.83903			4
2025.01.14	01:20:33.525	0.83903	0.83904			6
2025.01.14	01:20:34.324	0.83902				2
2025.01.14	01:20:38.946		0.83906			4
2025.01.14	01:20:39.259	0.83903				2
2025.01.14	01:20:39.823	0.83901	0.83904			6
2025.01.14	01:20:44.666	0.83903	0.83906			6
2025.01.14	01:20:46.236	0.83901	0.83905			6
2025.01.14	01:20:48.080		0.83904			4
2025.01.14	01:20:53.340	0.83904	0.83905			6
2025.01.14	01:20:54.351	0.83903	0.83904			6
2025.01.14	01:20:54.713	0.83902				2
2025.01.14	01:21:00.074	0.83902				2
2025.01.14	01:21:01.822	0.83904	0.83905			6
2025.01.14	01:21:02.167	0.83902	0.83904			6
2025.01.14	01:21:02.927	0.83903				2
2025.01.14	01:21:03.261	0.83902				2
2025.01.14	01:21:04.744	0.83903	0.83905			6
2025.01.14	01:21:05.064	0.83899	0.83903			6
2025.01.14	01:21:05.995	0.83901	0.83904			6
2025.01.14	01:21:06.935	0.83903	0.83905			6
2025.01.14	01:21:12.019		0.83904			4
2025.01.14	01:21:12.656	0.83901				2
2025.01.14	01:21:21.623	0.83900	0.83905			6
2025.01.14	01:21:21.924	0.83902				2
2025.01.14	01:21:22.244	0.83900	0.83904			6
2025.01.14	01:21:23.122	0.83902	0.83905			6
2025.01.14	01:21:23.588	0.83903	0.83906			6
2025.01.14	01:21:25.753	0.83900	0.83905			6
2025.01.14	01:21:26.120	0.83902				2
2025.01.14	01:21:26.448	0.83900	0.83904			6
2025.01.14	01:21:26.755	0.83901				2
2025.01.14	01:21:29.333	0.83899	0.83903			6
2025.01.14	01:21:29.645	0.83898				2
2025.01.14	01:21:30.356	0.83904	0.83907			6
2025.01.14	01:21:30.663	0.83906	0.83908			6
2025.01.14	01:21:30.977	0.83907	0.83909			6
2025.01.14	01:21:31.280	0.83904	0.83907			6
2025.01.14	01:21:31.587	0.83901	0.83905			6
2025.01.14	01:21:32.356	0.83902				2
2025.01.14	01:21:32.890	0.83903				2
2025.01.14	01:21:33.204	0.83902				2
2025.01.14	01:21:33.511	0.83900	0.83906			6
2025.01.14	01:21:33.847	0.83901				2
2025.01.14	01:21:34.232		0.83905			4
2025.01.14	01:21:34.763	0.83900				2
2025.01.14	01:21:35.522	0.83899	0.83904			6
2025.01.14	01:21:35.823	0.83901				2
2025.01.14	01:21:36.911	0.83902				2
2025.01.14	01:21:38.748	0.83901				2
2025.01.14	01:21:39.105	0.83900				2
2025.01.14	01:21:40.670	0.83903	0.83905			6
2025.01.14	01:21:41.006	0.83901	0.83903			6
2025.01.14	01:21:42.101	0.83900	0.83904			6
2025.01.14	01:21:43.155	0.83901				2
2025.01.14	01:21:43.594	0.83902				2
2025.01.14	01:21:43.940	0.83901	0.83903			6
2025.01.14	01:21:44.349	0.83900	0.83906			6
2025.01.14	01:21:44.662		0.83905			4
2025.01.14	01:21:45.294		0.83906			4
2025.01.14	01:21:48.354	0.83904	0.83905			6
2025.01.14	01:21:48.684	0.83903	0.83904			6
2025.01.14	01:21:48.987	0.83902				2
2025.01.14	01:22:00.226	0.83902				2
2025.01.14	01:22:00.540		0.83905			4
2025.01.14	01:22:03.286		0.83904			4
2025.01.14	01:22:04.433	0.83899	0.83901			6
2025.01.14	01:22:04.744	0.83900	0.83902			6
2025.01.14	01:22:08.785	0.83902	0.83904			6
2025.01.14	01:22:10.353	0.83901	0.83903			6
2025.01.14	01:22:10.666	0.83904	0.83906			6
2025.01.14	01:22:10.982	0.83903	0.83905			6
2025.01.14	01:22:11.390	0.83904				2
2025.01.14	01:22:12.908	0.83900	0.83903			6
2025.01.14	01:22:21.959	0.83901	0.83904			6
2025.01.14	01:22:23.764	0.83900				2
2025.01.14	01:22:24.396	0.83901				2
2025.01.14	01:22:24.703	0.83899				2
2025.01.14	01:22:27.930	0.83902	0.83905			6
2025.01.14	01:22:29.442	0.83901	0.83904			6
2025.01.14	01:22:29.979	0.83902	0.83905			6
2025.01.14	01:22:34.373	0.83901	0.83904			6
2025.01.14	01:22:34.772	0.83903				2
2025.01.14	01:22:35.085	0.83899	0.83902			6
2025.01.14	01:22:35.715	0.83901				2
2025.01.14	01:22:40.250	0.83900				2
2025.01.14	01:22:43.477	0.83901				2
2025.01.14	01:22:43.799	0.83899				2
2025.01.14	01:22:47.742	0.83903	0.83908			6
2025.01.14	01:22:48.363	0.83904	0.83907			6
2025.01.14	01:22:48.733		0.83908			4
2025.01.14	01:22:50.316	0.83908	0.83911			6
2025.01.14	01:22:50.630		0.83912			4
2025.01.14	01:22:50.941	0.83910				2
2025.01.14	01:22:51.242	0.83909				2
2025.01.14	01:22:53.175	0.83910				2
2025.01.14	01:22:54.358	0.83909				2
2025.01.14	01:22:55.998	0.83910	0.83914			6
2025.01.14	01:22:56.818		0.83915			4
2025.01.14	01:22:59.034		0.83916			4
2025.01.14	01:23:00.362	0.83910				2
2025.01.14	01:23:02.278	0.83911	0.83915			6
2025.01.14	01:23:09.401	0.83910				2
2025.01.14	01:23:13.105	0.83911				2
2025.01.14	01:23:13.616	0.83910				2
2025.01.14	01:23:22.771	0.83906	0.83912			6
2025.01.14	01:23:23.407		0.83911			4
2025.01.14	01:23:25.823	0.83905				2
2025.01.14	01:23:30.687	0.83904	0.83910			6
2025.01.14	01:23:37.289		0.83911			4
2025.01.14	01:23:38.157	0.83908	0.83913			6
2025.01.14	01:23:38.481		0.83914			4
2025.01.14	01:23:43.373	0.83909				2
2025.01.14	01:23:45.901	0.83908				2
2025.01.14	01:23:46.643	0.83909				2
2025.01.14	01:23:48.696	0.83911	0.83915			6
2025.01.14	01:23:51.218	0.83913				2
2025.01.14	01:23:54.466	0.83910	0.83912			6
2025.01.14	01:23:55.101	0.83909	0.83911			6
2025.01.14	01:23:55.402	0.83907	0.83910			6
2025.01.14	01:23:55.722	0.83903	0.83907			6
2025.01.14	01:23:59.508	0.83902	0.83906			6
2025.01.14	01:23:59.810		0.83904			4
2025.01.14	01:24:00.122	0.83900				2
2025.01.14	01:24:00.441	0.83905	0.83906			6
2025.01.14	01:24:01.127	0.83903	0.83907			6
2025.01.14	01:24:03.027	0.83905	0.83906			6
2025.01.14	01:24:03.332	0.83903	0.83904			6
2025.01.14	01:24:05.491	0.83902				2
2025.01.14	01:24:05.876	0.83901				2
2025.01.14	01:24:06.781		0.83906			4
2025.01.14	01:24:07.116		0.83907			4
2025.01.14	01:24:07.418	0.83902				2
2025.01.14	01:24:08.093	0.83901	0.83906			6
2025.01.14	01:24:08.439	0.83902	0.83907			6
2025.01.14	01:24:13.854	0.83901				2
2025.01.14	01:24:14.358	0.83902				2
2025.01.14	01:24:17.935	0.83905	0.83908			6
2025.01.14	01:24:19.079	0.83908	0.83910			6
2025.01.14	01:24:19.385		0.83911			4
2025.01.14	01:24:21.433		0.83912			4
2025.01.14	01:24:21.744	0.83907	0.83914			6
2025.01.14	01:24:24.802		0.83913			4
2025.01.14	01:24:25.869		0.83912			4
2025.01.14	01:24:26.729		0.83913			4
2025.01.14	01:24:28.379	0.83909	0.83914			6
2025.01.14	01:24:30.182	0.83906	0.83912			6
2025.01.14	01:24:30.545	0.83907	0.83913			6
2025.01.14	01:24:30.950	0.83905	0.83912			6
2025.01.14	01:24:31.263	0.83908				2
2025.01.14	01:24:31.632	0.83907	0.83910			6
2025.01.14	01:24:31.978	0.83906	0.83911			6
2025.01.14	01:24:36.721	0.83907	0.83908			6
2025.01.14	01:24:37.034	0.83904				2
2025.01.14	01:24:37.355	0.83903				2
2025.01.14	01:24:38.142	0.83905	0.83909			6
2025.01.14	01:24:41.462		0.83910			4
2025.01.14	01:24:46.594	0.83906				2
2025.01.14	01:24:46.914	0.83904				2
2025.01.14	01:24:47.318		0.83911			4
2025.01.14	01:24:49.746	0.83905				2
2025.01.14	01:24:57.192		0.83912			4
2025.01.14	01:24:57.543	0.83906				2
2025.01.14	01:24:57.848	0.83907	0.83914			6
2025.01.14	01:24:58.275	0.83908				2
2025.01.14	01:25:00.355	0.83908				2
2025.01.14	01:25:00.776	0.83906	0.83912			6
2025.01.14	01:25:01.078	0.83910	0.83914			6
2025.01.14	01:25:01.383	0.83909	0.83915			6
2025.01.14	01:25:03.541	0.83908				2
2025.01.14	01:25:09.290	0.83909				2
2025.01.14	01:25:11.107	0.83908				2
2025.01.14	01:25:12.063		0.83914			4
2025.01.14	01:25:16.474	0.83906	0.83909			6
2025.01.14	01:25:17.083	0.83909	0.83912			6
2025.01.14	01:25:17.801	0.83907	0.83913			6
2025.01.14	01:25:20.399		0.83912			4
2025.01.14	01:25:20.715		0.83913			4
2025.01.14	01:25:21.023		0.83912			4
2025.01.14	01:25:21.758		0.83913			4
2025.01.14	01:25:23.150	0.83909				2
2025.01.14	01:25:23.464	0.83908				2
2025.01.14	01:25:24.647		0.83915			4
2025.01.14	01:25:25.805	0.83909				2
2025.01.14	01:25:26.150	0.83908				2
2025.01.14	01:25:26.868	0.83907	0.83913			6
2025.01.14	01:25:28.110	0.83906				2
2025.01.14	01:25:30.675	0.83908				2
2025.01.14	01:25:32.868	0.83907				2
2025.01.14	01:25:33.208	0.83904	0.83911			6
2025.01.14	01:25:33.517	0.83905				2
2025.01.14	01:25:33.978		0.83912			4
2025.01.14	01:25:34.919	0.83904	0.83911			6
2025.01.14	01:25:35.521	0.83906	0.83912			6
2025.01.14	01:25:35.917	0.83907				2
2025.01.14	01:25:36.777	0.83904				2
2025.01.14	01:25:37.083		0.83911			4
2025.01.14	01:25:39.442	0.83905	0.83912			6
2025.01.14	01:25:41.016		0.83911			4
2025.01.14	01:25:42.473		0.83912			4
2025.01.14	01:25:44.088	0.83906				2
2025.01.14	01:25:48.108	0.83905				2
2025.01.14	01:25:49.093	0.83906				2
2025.01.14	01:25:53.706	0.83903	0.83908			6
2025.01.14	01:25:54.055	0.83907	0.83909			6
2025.01.14	01:25:54.362	0.83905	0.83908			6
2025.01.14	01:25:55.779	0.83904	0.83909			6
2025.01.14	01:25:58.189	0.83905				2
2025.01.14	01:25:59.431	0.83904				2
2025.01.14	01:26:00.154	0.83903				2
