<DATE>	<TIME>	<BID>	<ASK>	<LAST>	<VOLUME>	<FLAGS>
2025.09.03	00:03:30.887	0.86838	0.87041			6
2025.09.03	00:04:11.730	0.86838				2
2025.09.03	00:04:36.133		0.87041			4
2025.09.03	00:05:00.456	0.86837	0.87013			6
2025.09.03	00:05:51.022	0.86838	0.86987			6
2025.09.03	00:06:01.612	0.86838				2
2025.09.03	00:06:51.023		0.86987			4
2025.09.03	00:07:01.611	0.86838				2
2025.09.03	00:07:51.730		0.86987			4
2025.09.03	00:08:01.730	0.86838				2
2025.09.03	00:08:58.520		0.86987			4
2025.09.03	00:09:00.383	0.86838				2
2025.09.03	00:10:00.635	0.86869	0.86987			6
2025.09.03	00:10:01.358	0.86871				2
2025.09.03	00:10:01.666	0.86869				2
2025.09.03	00:10:11.504	0.86901	0.86958			6
2025.09.03	00:11:00.267	0.86901				2
2025.09.03	00:11:04.806	0.86857	0.86988			6
2025.09.03	00:11:06.286	0.86868	0.86987			6
2025.09.03	00:11:10.520	0.86870	0.86986			6
2025.09.03	00:11:10.873	0.86901	0.86958			6
2025.09.03	00:11:11.820	0.86871	0.86987			6
2025.09.03	00:11:12.813	0.86872				2
2025.09.03	00:11:18.295	0.86901	0.86958			6
2025.09.03	00:11:19.234	0.86874	0.86987			6
2025.09.03	00:11:25.489	0.86901	0.86958			6
2025.09.03	00:11:26.396	0.86874	0.86987			6
2025.09.03	00:11:27.768	0.86878				2
2025.09.03	00:11:29.022	0.86875	0.86986			6
2025.09.03	00:11:32.893	0.86901	0.86958			6
2025.09.03	00:11:33.810	0.86875	0.86986			6
2025.09.03	00:11:40.051	0.86901	0.86958			6
2025.09.03	00:11:40.975	0.86875	0.86986			6
2025.09.03	00:11:47.079	0.86879				2
2025.09.03	00:11:49.810	0.86880				2
2025.09.03	00:11:52.087	0.86875				2
2025.09.03	00:12:01.732	0.86875				2
2025.09.03	00:12:07.283	0.86873	0.86987			6
2025.09.03	00:12:08.220	0.86875				2
2025.09.03	00:12:09.038	0.86874				2
2025.09.03	00:12:23.312	0.86877				2
2025.09.03	00:12:28.316	0.86874				2
2025.09.03	00:12:48.059		0.86986			4
2025.09.03	00:12:51.615	0.86875				2
2025.09.03	00:12:59.413	0.86878				2
2025.09.03	00:13:01.612	0.86878				2
2025.09.03	00:13:04.534	0.86875				2
2025.09.03	00:13:06.034		0.86979			4
2025.09.03	00:13:09.910	0.86876				2
2025.09.03	00:13:35.591	0.86875	0.86976			6
2025.09.03	00:13:36.128	0.86879	0.86984			6
2025.09.03	00:13:36.885	0.86877	0.86980			6
2025.09.03	00:13:40.720		0.86984			4
2025.09.03	00:13:41.037		0.86980			4
2025.09.03	00:13:42.037	0.86876	0.86977			6
2025.09.03	00:14:03.233	0.86877				2
2025.09.03	00:14:05.112	0.86878				2
2025.09.03	00:14:11.918	0.86879				2
2025.09.03	00:14:16.927	0.86878				2
2025.09.03	00:14:26.712	0.86879				2
2025.09.03	00:14:44.111	0.86880	0.86977			6
2025.09.03	00:14:48.123	0.86881				2
2025.09.03	00:14:52.618	0.86883	0.86976			6
2025.09.03	00:14:55.114	0.86881				2
2025.09.03	00:15:00.010	0.86881	0.86974			6
2025.09.03	00:15:00.453	0.86883				2
2025.09.03	00:15:02.329	0.86884				2
2025.09.03	00:15:03.699		0.86973			4
2025.09.03	00:15:23.550		0.86968			4
2025.09.03	00:15:24.055	0.86887	0.86967			6
2025.09.03	00:15:24.360		0.86968			4
2025.09.03	00:15:24.923		0.86967			4
2025.09.03	00:15:25.388		0.86968			4
2025.09.03	00:15:25.827		0.86967			4
2025.09.03	00:15:26.276		0.86968			4
2025.09.03	00:15:26.725		0.86967			4
2025.09.03	00:15:27.174		0.86968			4
2025.09.03	00:15:27.626		0.86967			4
2025.09.03	00:15:28.078	0.86886				2
2025.09.03	00:15:29.214	0.86882				2
2025.09.03	00:15:30.004		0.86968			4
2025.09.03	00:15:31.140	0.86886	0.86987			6
2025.09.03	00:15:31.809	0.86887				2
2025.09.03	00:15:52.204	0.86882	0.86981			6
2025.09.03	00:15:57.748	0.86885				2
2025.09.03	00:16:01.211	0.86885				2
2025.09.03	00:16:02.994	0.86887				2
2025.09.03	00:16:06.801	0.86886				2
2025.09.03	00:16:07.283	0.86888	0.86975			6
2025.09.03	00:16:07.785	0.86885	0.86974			6
2025.09.03	00:16:08.108		0.86987			4
2025.09.03	00:16:09.040	0.86886	0.86979			6
2025.09.03	00:16:31.845	0.86885	0.86980			6
2025.09.03	00:16:33.044		0.86974			4
2025.09.03	00:16:33.943		0.86975			4
2025.09.03	00:16:34.255		0.86974			4
2025.09.03	00:16:34.570		0.86975			4
2025.09.03	00:16:34.884		0.86982			4
2025.09.03	00:16:36.230	0.86886	0.86975			6
2025.09.03	00:16:39.016	0.86889				2
2025.09.03	00:16:41.110	0.86888				2
2025.09.03	00:16:44.093	0.86886				2
2025.09.03	00:16:46.903	0.86887				2
2025.09.03	00:16:47.362	0.86888				2
2025.09.03	00:16:48.019		0.86981			4
2025.09.03	00:17:01.613	0.86888				2
2025.09.03	00:17:15.431	0.86890				2
2025.09.03	00:17:20.438	0.86888				2
2025.09.03	00:17:29.053		0.86985			4
2025.09.03	00:17:30.048		0.86979			4
2025.09.03	00:17:45.047		0.86975			4
2025.09.03	00:17:51.611	0.86891				2
2025.09.03	00:17:56.679	0.86888				2
2025.09.03	00:18:01.612	0.86888				2
2025.09.03	00:18:05.419		0.86981			4
2025.09.03	00:18:27.893	0.86891				2
2025.09.03	00:18:32.060	0.86892				2
2025.09.03	00:18:32.892	0.86889	0.86984			6
2025.09.03	00:18:34.054	0.86890	0.86983			6
2025.09.03	00:18:38.348	0.86891				2
2025.09.03	00:18:39.646		0.86981			4
2025.09.03	00:18:48.311		0.86982			4
2025.09.03	00:18:49.230		0.86983			4
2025.09.03	00:18:49.790		0.86981			4
2025.09.03	00:18:56.114		0.86982			4
2025.09.03	00:19:02.115	0.86891				2
2025.09.03	00:19:04.139	0.86890	0.86983			6
2025.09.03	00:19:05.710		0.86982			4
2025.09.03	00:19:09.138	0.86891				2
2025.09.03	00:19:16.509		0.86987			4
2025.09.03	00:19:24.230	0.86892				2
2025.09.03	00:19:32.028	0.86891				2
2025.09.03	00:19:34.057	0.86893				2
2025.09.03	00:19:36.037	0.86892				2
2025.09.03	00:19:52.297	0.86894				2
2025.09.03	00:19:54.912	0.86893				2
2025.09.03	00:20:01.732	0.86893				2
2025.09.03	00:20:14.316	0.86887				2
2025.09.03	00:20:15.285	0.86892				2
2025.09.03	00:20:16.064	0.86893				2
2025.09.03	00:20:16.611	0.86891	0.86987			6
2025.09.03	00:20:17.790	0.86892				2
2025.09.03	00:20:18.468	0.86888				2
2025.09.03	00:20:21.140	0.86893				2
2025.09.03	00:20:21.619	0.86892				2
2025.09.03	00:20:31.042	0.86891				2
2025.09.03	00:20:32.342	0.86886				2
2025.09.03	00:20:33.084	0.86891				2
2025.09.03	00:20:37.845	0.86890				2
2025.09.03	00:20:39.196	0.86891				2
2025.09.03	00:20:39.637	0.86890				2
2025.09.03	00:20:40.724	0.86891				2
2025.09.03	00:20:41.677	0.86889				2
2025.09.03	00:20:42.343	0.86890				2
2025.09.03	00:20:42.716	0.86891				2
2025.09.03	00:20:45.841	0.86890				2
2025.09.03	00:20:46.223	0.86891				2
2025.09.03	00:20:47.298	0.86890				2
2025.09.03	00:20:48.359	0.86891				2
2025.09.03	00:20:48.810	0.86890				2
2025.09.03	00:20:56.172	0.86893				2
2025.09.03	00:20:57.844	0.86895				2
2025.09.03	00:21:01.199	0.86890				2
2025.09.03	00:21:03.071		0.87008			4
2025.09.03	00:21:21.331	0.86895				2
2025.09.03	00:21:23.410	0.86896				2
2025.09.03	00:21:27.280	0.86894				2
2025.09.03	00:21:40.084	0.86893				2
2025.09.03	00:21:40.576	0.86890				2
2025.09.03	00:21:41.078	0.86893				2
2025.09.03	00:21:41.380	0.86892				2
2025.09.03	00:21:48.313	0.86893				2
2025.09.03	00:21:54.012	0.86892				2
2025.09.03	00:21:57.610	0.86893				2
2025.09.03	00:22:03.701	0.86893	0.87008			6
2025.09.03	00:22:05.336	0.86892				2
2025.09.03	00:22:10.341	0.86891				2
2025.09.03	00:22:28.216		0.86979			4
2025.09.03	00:22:33.142	0.86893				2
2025.09.03	00:22:36.010	0.86892				2
2025.09.03	00:22:41.102	0.86897				2
2025.09.03	00:22:41.574	0.86896				2
2025.09.03	00:22:43.020	0.86892	0.86977			6
2025.09.03	00:22:44.701	0.86891	0.86972			6
2025.09.03	00:22:47.470	0.86894	0.86979			6
2025.09.03	00:22:49.309	0.86891	0.86972			6
2025.09.03	00:22:51.193	0.86895	0.86979			6
2025.09.03	00:22:53.064	0.86894	0.86977			6
2025.09.03	00:22:58.336	0.86895				2
2025.09.03	00:23:01.108	0.86894				2
2025.09.03	00:23:06.507		0.86975			4
2025.09.03	00:23:16.045	0.86895				2
2025.09.03	00:23:17.810	0.86894				2
2025.09.03	00:23:22.813	0.86895				2
2025.09.03	00:23:30.613	0.86894				2
2025.09.03	00:23:33.715	0.86895				2
2025.09.03	00:23:39.538		0.86977			4
2025.09.03	00:23:40.467		0.86968			4
2025.09.03	00:23:41.084	0.86894	0.86979			6
2025.09.03	00:23:51.212	0.86895				2
2025.09.03	00:23:54.060	0.86894				2
2025.09.03	00:23:59.057	0.86895				2
2025.09.03	00:24:02.110	0.86895				2
2025.09.03	00:24:13.213	0.86894				2
2025.09.03	00:24:15.910	0.86895				2
2025.09.03	00:24:18.344	0.86893	0.86966			6
2025.09.03	00:24:24.377		0.86968			4
2025.09.03	00:24:32.376		0.86966			4
2025.09.03	00:24:41.100	0.86894	0.86979			6
2025.09.03	00:24:44.651	0.86895				2
2025.09.03	00:24:48.010	0.86894				2
2025.09.03	00:24:52.399	0.86892	0.86967			6
2025.09.03	00:24:53.077	0.86893				2
2025.09.03	00:24:55.388		0.86971			4
2025.09.03	00:24:57.328	0.86894	0.86979			6
2025.09.03	00:25:01.357	0.86895				2
2025.09.03	00:25:02.817	0.86894				2
2025.09.03	00:25:11.508	0.86895				2
2025.09.03	00:25:25.822	0.86894				2
2025.09.03	00:25:30.310	0.86895				2
2025.09.03	00:25:42.732	0.86894				2
2025.09.03	00:25:47.736	0.86895				2
2025.09.03	00:25:50.502	0.86893	0.86971			6
2025.09.03	00:25:53.090		0.86979			4
2025.09.03	00:26:01.045	0.86893	0.86971			6
2025.09.03	00:26:17.473		0.86979			4
2025.09.03	00:26:34.172	0.86896				2
2025.09.03	00:26:47.479	0.86895	0.86968			6
2025.09.03	00:26:55.208	0.86896				2
2025.09.03	00:26:57.358		0.86979			4
2025.09.03	00:26:59.410	0.86897				2
2025.09.03	00:27:00.211	0.86897				2
2025.09.03	00:27:08.093	0.86898				2
2025.09.03	00:27:09.311	0.86897				2
2025.09.03	00:27:13.582	0.86893				2
2025.09.03	00:27:15.083		0.86969			4
2025.09.03	00:27:16.113	0.86892				2
2025.09.03	00:27:16.623		0.86973			4
2025.09.03	00:27:21.009	0.86893				2
2025.09.03	00:27:26.755		0.86971			4
2025.09.03	00:27:27.471	0.86894	0.86978			6
2025.09.03	00:27:30.153		0.86977			4
2025.09.03	00:27:36.011	0.86895				2
2025.09.03	00:27:37.470	0.86894	0.86971			6
2025.09.03	00:27:45.010	0.86895	0.86967			6
2025.09.03	00:27:45.936	0.86890				2
2025.09.03	00:27:48.907	0.86895				2
2025.09.03	00:27:50.215	0.86890				2
2025.09.03	00:27:50.517	0.86895				2
2025.09.03	00:27:51.137	0.86890				2
2025.09.03	00:27:51.758	0.86895				2
2025.09.03	00:27:52.060	0.86890				2
2025.09.03	00:27:52.678	0.86895				2
2025.09.03	00:27:53.297	0.86890				2
2025.09.03	00:27:54.237	0.86895				2
2025.09.03	00:27:54.538	0.86890				2
2025.09.03	00:27:55.157	0.86895				2
2025.09.03	00:27:55.459	0.86890				2
2025.09.03	00:27:56.079	0.86895				2
2025.09.03	00:27:56.698	0.86890				2
2025.09.03	00:27:57.317	0.86895				2
2025.09.03	00:27:57.619	0.86890				2
2025.09.03	00:27:58.237	0.86895				2
2025.09.03	00:27:58.856	0.86890				2
2025.09.03	00:27:59.162	0.86895				2
2025.09.03	00:27:59.778	0.86890				2
2025.09.03	00:28:00.080	0.86895				2
2025.09.03	00:28:00.697	0.86890				2
2025.09.03	00:28:00.998	0.86895				2
2025.09.03	00:28:01.617	0.86890				2
2025.09.03	00:28:02.237	0.86895				2
2025.09.03	00:28:02.539	0.86890				2
2025.09.03	00:28:03.157	0.86895				2
2025.09.03	00:28:03.778	0.86890				2
2025.09.03	00:28:04.717	0.86895				2
2025.09.03	00:28:05.337	0.86890				2
2025.09.03	00:28:05.642	0.86895				2
2025.09.03	00:28:06.257	0.86890				2
2025.09.03	00:28:06.558	0.86895				2
2025.09.03	00:28:07.177	0.86890				2
2025.09.03	00:28:07.798	0.86895				2
2025.09.03	00:28:08.100		0.86966			4
2025.09.03	00:28:08.416	0.86890				2
2025.09.03	00:28:08.721		0.86967			4
2025.09.03	00:28:09.037	0.86895				2
2025.09.03	00:28:09.341	0.86890	0.86966			6
2025.09.03	00:28:09.958		0.86967			4
2025.09.03	00:28:10.277	0.86895				2
2025.09.03	00:28:10.579	0.86891	0.86966			6
2025.09.03	00:28:10.882		0.86967			4
2025.09.03	00:28:11.197	0.86895				2
2025.09.03	00:28:11.500	0.86891	0.86966			6
2025.09.03	00:28:12.117	0.86895	0.86967			6
2025.09.03	00:28:12.418		0.86966			4
2025.09.03	00:28:12.737	0.86891				2
2025.09.03	00:28:13.358	0.86895	0.86967			6
2025.09.03	00:28:18.979	0.86896				2
2025.09.03	00:28:29.822	0.86895				2
2025.09.03	00:28:31.083	0.86896				2
2025.09.03	00:28:51.098	0.86895				2
2025.09.03	00:28:53.877	0.86896				2
2025.09.03	00:29:00.199	0.86896				2
2025.09.03	00:29:05.180	0.86895				2
2025.09.03	00:29:05.482	0.86896				2
2025.09.03	00:29:13.561		0.86967			4
2025.09.03	00:29:14.801	0.86900				2
2025.09.03	00:29:15.241	0.86899				2
2025.09.03	00:29:15.918	0.86900				2
2025.09.03	00:29:18.888	0.86899				2
2025.09.03	00:29:47.415	0.86900				2
2025.09.03	00:30:00.376	0.86899				2
2025.09.03	00:30:00.889	0.86901				2
2025.09.03	00:30:04.101	0.86902				2
2025.09.03	00:30:10.586	0.86903	0.86969			6
2025.09.03	00:30:11.282	0.86901				2
2025.09.03	00:30:13.190	0.86900				2
2025.09.03	00:30:15.732	0.86901				2
2025.09.03	00:30:17.469	0.86902				2
2025.09.03	00:30:18.605	0.86901				2
2025.09.03	00:30:21.270	0.86902				2
2025.09.03	00:30:25.173	0.86903				2
2025.09.03	00:30:26.123	0.86901				2
2025.09.03	00:30:29.213	0.86903				2
2025.09.03	00:30:37.326		0.86970			4
2025.09.03	00:30:38.326		0.86966			4
2025.09.03	00:31:01.728	0.86903				2
2025.09.03	00:31:09.654	0.86904				2
2025.09.03	00:31:19.216	0.86905				2
2025.09.03	00:31:28.622	0.86899				2
2025.09.03	00:31:29.908	0.86898				2
2025.09.03	00:31:30.381	0.86900				2
2025.09.03	00:31:35.849	0.86899				2
2025.09.03	00:31:38.282	0.86905				2
2025.09.03	00:31:41.612		0.86966			4
2025.09.03	00:31:43.212	0.86906				2
2025.09.03	00:31:59.411	0.86907				2
2025.09.03	00:32:00.783	0.86907				2
2025.09.03	00:32:05.110	0.86906				2
2025.09.03	00:32:06.909	0.86907				2
2025.09.03	00:32:11.205	0.86908				2
2025.09.03	00:32:21.457	0.86909				2
2025.09.03	00:32:29.144	0.86910				2
2025.09.03	00:32:30.417	0.86911				2
2025.09.03	00:32:34.429	0.86912	0.86977			6
2025.09.03	00:32:38.328		0.86981			4
2025.09.03	00:32:43.973		0.86980			4
2025.09.03	00:32:45.765	0.86910				2
2025.09.03	00:32:47.476	0.86909				2
2025.09.03	00:32:49.093	0.86908				2
2025.09.03	00:32:53.886	0.86910				2
2025.09.03	00:32:58.810	0.86911				2
2025.09.03	00:33:03.884	0.86910				2
2025.09.03	00:33:07.473		0.86977			4
2025.09.03	00:33:17.472		0.86980			4
2025.09.03	00:33:22.208	0.86911				2
2025.09.03	00:33:27.477		0.86975			4
2025.09.03	00:33:29.053		0.86978			4
2025.09.03	00:33:52.209	0.86912				2
2025.09.03	00:33:53.715	0.86911				2
2025.09.03	00:33:57.480		0.86981			4
2025.09.03	00:33:57.909	0.86912				2
2025.09.03	00:34:01.726	0.86912				2
2025.09.03	00:34:03.942		0.86978			4
2025.09.03	00:34:15.800	0.86911				2
2025.09.03	00:34:23.416	0.86912				2
2025.09.03	00:34:45.787		0.86976			4
2025.09.03	00:34:58.210	0.86911				2
2025.09.03	00:35:04.219	0.86912				2
2025.09.03	00:35:11.295		0.86978			4
2025.09.03	00:35:12.101	0.86913	0.86979			6
2025.09.03	00:35:34.433	0.86912				2
2025.09.03	00:35:35.101	0.86913	0.86977			6
2025.09.03	00:35:36.281	0.86912				2
2025.09.03	00:35:36.848	0.86913				2
2025.09.03	00:35:37.467		0.86982			4
2025.09.03	00:35:38.356	0.86915				2
2025.09.03	00:35:38.683	0.86913				2
2025.09.03	00:35:42.257	0.86914	0.86984			6
2025.09.03	00:35:49.034	0.86913				2
2025.09.03	00:35:50.929	0.86914	0.86983			6
2025.09.03	00:35:52.435		0.86979			4
2025.09.03	00:35:54.320		0.86978			4
2025.09.03	00:35:58.472		0.86979			4
2025.09.03	00:36:03.309	0.86914				2
2025.09.03	00:36:07.474		0.86982			4
2025.09.03	00:36:14.389		0.86977			4
2025.09.03	00:36:21.909	0.86913				2
2025.09.03	00:36:30.909	0.86914				2
2025.09.03	00:36:38.111	0.86913				2
2025.09.03	00:36:38.859		0.86976			4
2025.09.03	00:36:40.329	0.86914				2
2025.09.03	00:36:48.333		0.86969			4
2025.09.03	00:37:03.911	0.86914				2
2025.09.03	00:37:13.137	0.86913	0.86973			6
2025.09.03	00:37:15.611	0.86914				2
2025.09.03	00:37:17.470		0.86968			4
2025.09.03	00:37:32.055	0.86916	0.86978			6
2025.09.03	00:37:32.367	0.86915				2
2025.09.03	00:37:33.389	0.86914	0.86984			6
2025.09.03	00:37:38.003	0.86915	0.86977			6
2025.09.03	00:37:47.469		0.86972			4
2025.09.03	00:37:58.152		0.86974			4
2025.09.03	00:38:05.709	0.86914				2
2025.09.03	00:38:11.339		0.86977			4
2025.09.03	00:38:14.118		0.86982			4
2025.09.03	00:38:15.829	0.86916	0.86976			6
2025.09.03	00:38:16.818		0.86984			4
2025.09.03	00:38:17.174		0.86985			4
2025.09.03	00:38:22.174		0.86981			4
2025.09.03	00:38:24.366	0.86915	0.86983			6
2025.09.03	00:38:27.476		0.86979			4
2025.09.03	00:38:27.815	0.86914				2
2025.09.03	00:38:29.905	0.86915				2
2025.09.03	00:38:31.819		0.86983			4
2025.09.03	00:38:38.859	0.86916				2
2025.09.03	00:38:39.328	0.86917				2
2025.09.03	00:38:39.942	0.86918				2
2025.09.03	00:38:41.113	0.86917				2
2025.09.03	00:38:41.612	0.86916	0.86980			6
2025.09.03	00:38:41.913		0.86974			4
2025.09.03	00:38:45.010	0.86917				2
2025.09.03	00:38:45.524		0.86972			4
2025.09.03	00:38:47.121		0.86968			4
2025.09.03	00:38:47.713	0.86916				2
2025.09.03	00:39:00.910	0.86916				2
2025.09.03	00:39:04.452	0.86915	0.86969			6
2025.09.03	00:39:08.709	0.86916				2
2025.09.03	00:39:14.187		0.86979			4
2025.09.03	00:39:15.011	0.86917				2
2025.09.03	00:39:15.866		0.86968			4
2025.09.03	00:39:16.810	0.86916	0.86973			6
2025.09.03	00:39:20.040	0.86917				2
2025.09.03	00:39:23.544	0.86916	0.86974			6
2025.09.03	00:39:25.083		0.86976			4
2025.09.03	00:39:25.809	0.86917				2
2025.09.03	00:39:27.072	0.86916	0.86975			6
2025.09.03	00:39:29.710	0.86917				2
2025.09.03	00:39:30.611	0.86916				2
2025.09.03	00:39:34.378		0.86980			4
2025.09.03	00:39:37.486		0.86968			4
2025.09.03	00:39:38.015	0.86915				2
2025.09.03	00:39:38.655	0.86916				2
2025.09.03	00:39:41.477		0.86971			4
2025.09.03	00:39:42.141		0.86976			4
2025.09.03	00:39:45.011	0.86917				2
2025.09.03	00:39:47.471		0.86977			4
2025.09.03	00:39:52.295	0.86918	0.86982			6
2025.09.03	00:39:57.147	0.86917	0.86977			6
2025.09.03	00:40:01.147	0.86916	0.86972			6
2025.09.03	00:40:05.710	0.86917				2
2025.09.03	00:40:06.184	0.86915				2
2025.09.03	00:40:07.510	0.86917	0.86981			6
2025.09.03	00:40:09.140	0.86916	0.86968			6
2025.09.03	00:40:10.169	0.86913	0.86967			6
2025.09.03	00:40:19.729	0.86912	0.86968			6
2025.09.03	00:40:20.721	0.86913	0.86966			6
2025.09.03	00:40:26.809	0.86912	0.86967			6
2025.09.03	00:40:37.124	0.86914	0.86966			6
2025.09.03	00:40:40.511	0.86913				2
2025.09.03	00:40:41.728	0.86912	0.86967			6
2025.09.03	00:40:42.096	0.86913	0.86966			6
2025.09.03	00:40:44.361	0.86902				2
2025.09.03	00:40:44.810	0.86903				2
2025.09.03	00:40:47.712		0.86965			4
2025.09.03	00:40:50.711		0.86966			4
2025.09.03	00:40:51.216	0.86905	0.86963			6
2025.09.03	00:41:00.923	0.86905				2
2025.09.03	00:41:02.354	0.86906				2
2025.09.03	00:41:03.453		0.86962			4
2025.09.03	00:41:07.136	0.86905	0.86963			6
2025.09.03	00:41:09.252	0.86907	0.86962			6
2025.09.03	00:41:11.138	0.86906	0.86963			6
2025.09.03	00:41:18.258		0.86962			4
2025.09.03	00:41:19.565	0.86908	0.86961			6
2025.09.03	00:41:20.140	0.86907				2
2025.09.03	00:41:21.516	0.86909				2
2025.09.03	00:41:24.250	0.86908	0.86962			6
2025.09.03	00:41:33.313	0.86909				2
2025.09.03	00:41:34.381		0.86961			4
2025.09.03	00:41:39.259		0.86962			4
2025.09.03	00:41:44.709	0.86908				2
2025.09.03	00:41:45.893	0.86909				2
2025.09.03	00:41:48.611		0.86961			4
2025.09.03	00:41:50.855		0.86962			4
2025.09.03	00:41:53.140	0.86908	0.86963			6
2025.09.03	00:42:00.013	0.86909	0.86962			6
2025.09.03	00:42:03.204		0.86961			4
2025.09.03	00:42:11.207		0.86962			4
2025.09.03	00:42:18.613	0.86908				2
2025.09.03	00:42:19.613	0.86911	0.86979			6
2025.09.03	00:42:20.716		0.86976			4
2025.09.03	00:42:24.311	0.86912				2
2025.09.03	00:42:27.468		0.86972			4
2025.09.03	00:42:30.814	0.86911	0.86977			6
2025.09.03	00:42:33.587		0.86974			4
2025.09.03	00:42:35.717	0.86912				2
2025.09.03	00:42:36.840		0.86970			4
2025.09.03	00:42:37.633		0.86972			4
2025.09.03	00:42:41.110	0.86911				2
2025.09.03	00:42:43.089		0.86970			4
2025.09.03	00:42:44.411	0.86912				2
2025.09.03	00:42:47.654	0.86911				2
2025.09.03	00:42:52.632		0.86972			4
2025.09.03	00:43:02.709	0.86911				2
2025.09.03	00:43:05.987	0.86912				2
2025.09.03	00:43:07.554		0.86975			4
2025.09.03	00:43:08.080		0.86972			4
2025.09.03	00:43:12.630		0.86975			4
2025.09.03	00:43:17.566	0.86911	0.86977			6
2025.09.03	00:43:18.587		0.86975			4
2025.09.03	00:43:21.310	0.86910				2
2025.09.03	00:43:22.671	0.86911	0.86972			6
2025.09.03	00:43:23.203		0.86973			4
2025.09.03	00:43:27.832		0.86976			4
2025.09.03	00:43:28.317		0.86973			4
2025.09.03	00:43:28.988		0.86977			4
2025.09.03	00:43:29.326		0.86974			4
2025.09.03	00:43:31.574		0.86978			4
2025.09.03	00:43:32.891	0.86910	0.86977			6
2025.09.03	00:43:37.470		0.86973			4
2025.09.03	00:43:37.772	0.86911				2
2025.09.03	00:43:43.097	0.86910				2
2025.09.03	00:43:52.774	0.86912	0.86982			6
2025.09.03	00:43:53.305		0.86981			4
2025.09.03	00:43:57.910		0.86982			4
2025.09.03	00:44:02.917	0.86910	0.86977			6
2025.09.03	00:44:07.554	0.86911	0.86981			6
2025.09.03	00:44:11.109	0.86912				2
2025.09.03	00:44:13.089		0.86982			4
2025.09.03	00:44:16.737		0.86980			4
2025.09.03	00:44:18.133	0.86910	0.86974			6
2025.09.03	00:44:18.965		0.86972			4
2025.09.03	00:44:23.337		0.86974			4
2025.09.03	00:44:28.094		0.86972			4
2025.09.03	00:44:37.778		0.86974			4
2025.09.03	00:44:41.414	0.86911				2
2025.09.03	00:44:52.858		0.86977			4
2025.09.03	00:44:53.214	0.86912				2
2025.09.03	00:45:00.275	0.86911	0.86974			6
2025.09.03	00:45:03.291	0.86902	0.86959			6
2025.09.03	00:45:03.631	0.86901	0.86958			6
2025.09.03	00:45:03.935	0.86902	0.86959			6
2025.09.03	00:45:05.144	0.86901	0.86958			6
2025.09.03	00:45:05.447	0.86902	0.86959			6
2025.09.03	00:45:05.750	0.86901	0.86958			6
2025.09.03	00:45:06.960	0.86910	0.86972			6
2025.09.03	00:45:07.950	0.86911				2
2025.09.03	00:45:08.671		0.86975			4
2025.09.03	00:45:10.141	0.86923	0.86963			6
2025.09.03	00:45:12.676	0.86924				2
2025.09.03	00:45:15.011	0.86923				2
2025.09.03	00:45:18.591		0.86964			4
2025.09.03	00:45:23.213		0.86966			4
2025.09.03	00:45:27.468	0.86924				2
2025.09.03	00:45:33.403	0.86923	0.86964			6
2025.09.03	00:45:33.784	0.86922	0.86962			6
2025.09.03	00:45:38.217	0.86923	0.86963			6
2025.09.03	00:45:43.606		0.86961			4
2025.09.03	00:45:53.222		0.86962			4
2025.09.03	00:45:55.429	0.86924				2
2025.09.03	00:45:58.090		0.86963			4
2025.09.03	00:46:03.433	0.86923				2
2025.09.03	00:46:07.555	0.86922				2
2025.09.03	00:46:08.220	0.86923	0.86969			6
2025.09.03	00:46:13.090		0.86970			4
2025.09.03	00:46:18.244		0.86962			4
2025.09.03	00:46:19.157	0.86922				2
2025.09.03	00:46:23.226	0.86923				2
2025.09.03	00:46:31.963		0.86965			4
2025.09.03	00:46:37.469		0.86962			4
2025.09.03	00:46:38.162	0.86922				2
2025.09.03	00:46:39.158	0.86923	0.86961			6
2025.09.03	00:46:41.569	0.86924				2
2025.09.03	00:46:41.926	0.86925	0.86966			6
2025.09.03	00:46:42.597	0.86924				2
2025.09.03	00:46:47.474	0.86923				2
2025.09.03	00:46:48.166		0.86962			4
2025.09.03	00:46:51.194	0.86924				2
2025.09.03	00:46:51.538	0.86923				2
2025.09.03	00:46:52.477	0.86924				2
2025.09.03	00:46:53.852	0.86925				2
2025.09.03	00:46:55.676	0.86924				2
2025.09.03	00:46:59.112	0.86925				2
2025.09.03	00:47:01.572	0.86924				2
2025.09.03	00:47:03.294	0.86915	0.86948			6
2025.09.03	00:47:03.595	0.86916	0.86949			6
2025.09.03	00:47:04.202	0.86915	0.86948			6
2025.09.03	00:47:04.505	0.86916	0.86949			6
2025.09.03	00:47:06.930	0.86924	0.86962			6
2025.09.03	00:47:07.479	0.86925	0.86964			6
2025.09.03	00:47:17.501		0.86962			4
2025.09.03	00:47:18.205	0.86924				2
2025.09.03	00:47:20.453	0.86925				2
2025.09.03	00:47:21.217	0.86924				2
2025.09.03	00:47:21.908	0.86926				2
2025.09.03	00:47:23.489	0.86925				2
2025.09.03	00:47:24.729	0.86926				2
2025.09.03	00:47:29.877	0.86924				2
2025.09.03	00:47:30.177		0.86964			4
2025.09.03	00:47:40.323	0.86923	0.86961			6
2025.09.03	00:47:43.689		0.86965			4
2025.09.03	00:47:44.466		0.86964			4
2025.09.03	00:47:45.169		0.86962			4
2025.09.03	00:47:46.168		0.86964			4
2025.09.03	00:47:52.433	0.86924				2
2025.09.03	00:47:52.737	0.86925				2
2025.09.03	00:48:01.211	0.86924				2
2025.09.03	00:48:04.804	0.86925				2
2025.09.03	00:48:05.898	0.86924	0.86960			6
2025.09.03	00:48:06.198	0.86923				2
2025.09.03	00:48:16.365	0.86924				2
2025.09.03	00:48:18.010	0.86925				2
2025.09.03	00:48:27.531	0.86924				2
2025.09.03	00:48:30.612	0.86923				2
2025.09.03	00:48:49.161	0.86924	0.86961			6
2025.09.03	00:48:55.189	0.86923				2
2025.09.03	00:49:00.169	0.86924				2
2025.09.03	00:49:07.486		0.86964			4
2025.09.03	00:49:10.809	0.86923	0.86961			6
2025.09.03	00:49:15.559	0.86924				2
2025.09.03	00:49:25.616	0.86923	0.86960			6
2025.09.03	00:49:29.715	0.86922				2
2025.09.03	00:49:30.456	0.86925	0.86954			6
2025.09.03	00:49:30.903		0.86958			4
2025.09.03	00:49:31.440	0.86926	0.86955			6
2025.09.03	00:49:31.977	0.86925	0.86953			6
2025.09.03	00:49:35.411	0.86926	0.86952			6
2025.09.03	00:49:36.104	0.86924	0.86954			6
2025.09.03	00:49:37.579	0.86925	0.86953			6
2025.09.03	00:49:40.834		0.86954			4
2025.09.03	00:49:42.033	0.86926	0.86953			6
2025.09.03	00:49:43.051	0.86925	0.86954			6
2025.09.03	00:49:45.556	0.86926	0.86953			6
2025.09.03	00:49:51.310	0.86925	0.86954			6
2025.09.03	00:49:52.043	0.86927				2
2025.09.03	00:49:55.260	0.86924	0.86969			6
2025.09.03	00:49:55.647	0.86923	0.86967			6
2025.09.03	00:50:00.556	0.86923				2
2025.09.03	00:50:09.807		0.86965			4
2025.09.03	00:50:17.077		0.86963			4
2025.09.03	00:50:17.473		0.86965			4
2025.09.03	00:50:21.010	0.86922				2
2025.09.03	00:50:28.207	0.86917	0.86949			6
2025.09.03	00:50:29.111	0.86918	0.86948			6
2025.09.03	00:50:31.269	0.86921	0.86954			6
2025.09.03	00:50:34.881		0.86953			4
2025.09.03	00:50:57.012	0.86922				2
2025.09.03	00:51:01.280	0.86922				2
2025.09.03	00:51:16.811		0.86952			4
2025.09.03	00:51:22.004		0.86953			4
2025.09.03	00:51:25.810	0.86921				2
2025.09.03	00:51:36.610		0.86954			4
2025.09.03	00:52:01.292	0.86921	0.86951			6
2025.09.03	00:52:01.630	0.86920	0.86954			6
2025.09.03	00:52:05.665	0.86921	0.86953			6
2025.09.03	00:52:14.552		0.86954			4
2025.09.03	00:52:51.019	0.86923	0.86952			6
2025.09.03	00:52:51.678	0.86924	0.86951			6
2025.09.03	00:53:04.753	0.86923	0.86950			6
2025.09.03	00:53:05.322	0.86924	0.86951			6
2025.09.03	00:53:08.531		0.86950			4
2025.09.03	00:53:11.283		0.86951			4
2025.09.03	00:53:13.511	0.86923				2
2025.09.03	00:53:16.558	0.86921	0.86952			6
2025.09.03	00:53:17.065	0.86923				2
2025.09.03	00:53:18.106	0.86922				2
2025.09.03	00:53:20.718	0.86923				2
2025.09.03	00:53:22.271		0.86950			4
2025.09.03	00:53:22.592	0.86922				2
2025.09.03	00:53:23.019	0.86923				2
2025.09.03	00:53:24.312	0.86922				2
2025.09.03	00:53:27.473		0.86946			4
2025.09.03	00:53:36.310	0.86921				2
2025.09.03	00:53:37.475		0.86950			4
2025.09.03	00:53:40.211	0.86922				2
2025.09.03	00:53:47.475		0.86946			4
2025.09.03	00:53:48.441		0.86949			4
2025.09.03	00:53:51.913		0.86947			4
2025.09.03	00:53:52.917	0.86923				2
2025.09.03	00:53:53.475		0.86946			4
2025.09.03	00:53:54.643	0.86921				2
2025.09.03	00:53:55.452	0.86922				2
2025.09.03	00:53:59.742	0.86924				2
2025.09.03	00:54:00.066	0.86923				2
2025.09.03	00:54:11.611	0.86922				2
2025.09.03	00:54:37.471		0.86950			4
2025.09.03	00:54:44.155	0.86921				2
2025.09.03	00:54:47.477		0.86946			4
2025.09.03	00:54:48.465	0.86922				2
2025.09.03	00:54:56.501		0.86944			4
2025.09.03	00:55:00.443	0.86922	0.86953			6
2025.09.03	00:55:00.833	0.86923				2
2025.09.03	00:55:03.610	0.86922				2
2025.09.03	00:55:04.846	0.86923	0.86957			6
2025.09.03	00:55:05.982	0.86926	0.86964			6
2025.09.03	00:55:06.487	0.86927				2
2025.09.03	00:55:07.898	0.86928				2
2025.09.03	00:55:11.279	0.86927	0.86960			6
2025.09.03	00:55:16.036	0.86926				2
2025.09.03	00:55:17.180	0.86927				2
2025.09.03	00:55:18.202	0.86926				2
2025.09.03	00:55:21.938	0.86927				2
2025.09.03	00:55:24.845	0.86928				2
2025.09.03	00:55:30.910	0.86927				2
2025.09.03	00:55:37.812	0.86928				2
2025.09.03	00:56:00.310	0.86928				2
2025.09.03	00:56:10.755	0.86927				2
2025.09.03	00:56:11.798		0.86961			4
2025.09.03	00:56:13.912	0.86928	0.86960			6
2025.09.03	00:56:18.307		0.86959			4
2025.09.03	00:56:19.284		0.86957			4
2025.09.03	00:56:19.627		0.86960			4
2025.09.03	00:56:26.201		0.86959			4
2025.09.03	00:56:28.910		0.86961			4
2025.09.03	00:56:40.788		0.86959			4
2025.09.03	00:56:47.699	0.86927				2
2025.09.03	00:56:48.771	0.86928				2
2025.09.03	00:57:01.612	0.86928				2
2025.09.03	00:57:17.960	0.86907	0.86952			6
2025.09.03	00:57:18.578	0.86909	0.86951			6
2025.09.03	00:57:19.993	0.86907	0.86953			6
2025.09.03	00:57:20.755	0.86908	0.86951			6
2025.09.03	00:57:21.218	0.86909				2
2025.09.03	00:57:24.054	0.86911				2
2025.09.03	00:57:27.518	0.86910				2
2025.09.03	00:57:34.728		0.86950			4
2025.09.03	00:57:40.643	0.86909	0.86951			6
2025.09.03	00:57:41.237	0.86908	0.86953			6
2025.09.03	00:57:42.356	0.86907				2
2025.09.03	00:57:53.267	0.86908				2
2025.09.03	00:58:04.673	0.86908	0.86952			6
2025.09.03	00:58:22.840	0.86909	0.86951			6
2025.09.03	00:58:57.606	0.86908				2
2025.09.03	00:59:00.911	0.86908				2
2025.09.03	00:59:03.858	0.86910	0.86949			6
2025.09.03	00:59:06.239	0.86911	0.86948			6
2025.09.03	00:59:07.749	0.86909				2
2025.09.03	00:59:09.352	0.86910				2
2025.09.03	00:59:11.235	0.86911	0.86947			6
2025.09.03	00:59:15.202	0.86912	0.86945			6
2025.09.03	00:59:18.803		0.86944			4
2025.09.03	00:59:20.110		0.86943			4
2025.09.03	00:59:21.117	0.86914				2
2025.09.03	00:59:21.730	0.86915	0.86942			6
2025.09.03	00:59:25.047		0.86943			4
2025.09.03	00:59:28.644	0.86914				2
2025.09.03	00:59:29.040	0.86913				2
2025.09.03	00:59:30.983	0.86912				2
2025.09.03	00:59:32.145	0.86893	0.86933			6
2025.09.03	00:59:32.458		0.86939			4
2025.09.03	00:59:32.774		0.86937			4
2025.09.03	00:59:33.107		0.86935			4
2025.09.03	00:59:34.216		0.86933			4
2025.09.03	00:59:37.356		0.86934			4
2025.09.03	00:59:38.452		0.86933			4
2025.09.03	00:59:42.471		0.86925			4
2025.09.03	00:59:43.511		0.86924			4
2025.09.03	00:59:44.779		0.86926			4
2025.09.03	00:59:46.449		0.86928			4
2025.09.03	00:59:48.048		0.86927			4
2025.09.03	00:59:48.362		0.86928			4
2025.09.03	00:59:49.418		0.86929			4
2025.09.03	00:59:50.353	0.86899	0.86926			6
2025.09.03	00:59:50.665	0.86896	0.86925			6
2025.09.03	00:59:51.410		0.86926			4
2025.09.03	00:59:53.517		0.86927			4
2025.09.03	00:59:55.663		0.86925			4
2025.09.03	00:59:58.639		0.86923			4
2025.09.03	00:59:59.766	0.86901	0.86926			6
2025.09.03	01:00:00.312	0.86895	0.86927			6
2025.09.03	01:00:00.669	0.86892	0.86928			6
2025.09.03	01:00:00.978	0.86889	0.86929			6
2025.09.03	01:00:01.289		0.86924			4
2025.09.03	01:00:01.600		0.86926			4
2025.09.03	01:00:02.077	0.86890	0.86929			6
2025.09.03	01:00:02.797		0.86928			4
2025.09.03	01:00:03.485	0.86852	0.86938			6
2025.09.03	01:00:03.788		0.86937			4
2025.09.03	01:00:04.091	0.86850	0.86938			6
2025.09.03	01:00:04.394	0.86892	0.86929			6
2025.09.03	01:00:04.697	0.86891	0.86933			6
2025.09.03	01:00:04.998	0.86893	0.86931			6
2025.09.03	01:00:05.299	0.86852	0.86936			6
2025.09.03	01:00:05.903	0.86890	0.86929			6
2025.09.03	01:00:06.207	0.86850	0.86934			6
2025.09.03	01:00:06.509	0.86889	0.86929			6
2025.09.03	01:00:06.811	0.86890	0.86931			6
2025.09.03	01:00:07.115	0.86894	0.86920			6
2025.09.03	01:00:07.445	0.86898				2
2025.09.03	01:00:09.269	0.86901				2
2025.09.03	01:00:10.328	0.86900				2
2025.09.03	01:00:11.109	0.86901				2
2025.09.03	01:00:15.411	0.86898	0.86919			6
2025.09.03	01:00:16.787	0.86900				2
2025.09.03	01:00:18.345	0.86903	0.86920			6
2025.09.03	01:00:21.375	0.86905	0.86921			6
2025.09.03	01:00:25.808		0.86919			4
2025.09.03	01:00:26.385		0.86920			4
2025.09.03	01:00:26.806	0.86904				2
2025.09.03	01:00:30.635	0.86905	0.86923			6
2025.09.03	01:00:31.657	0.86906				2
2025.09.03	01:00:32.223		0.86922			4
2025.09.03	01:00:32.881	0.86908	0.86923			6
2025.09.03	01:00:33.993	0.86907				2
2025.09.03	01:00:51.410	0.86905	0.86921			6
2025.09.03	01:00:56.111	0.86903	0.86920			6
2025.09.03	01:00:56.455		0.86921			4
2025.09.03	01:01:00.306	0.86906	0.86920			6
2025.09.03	01:01:00.655	0.86905				2
2025.09.03	01:01:01.031	0.86906				2
2025.09.03	01:01:03.311		0.86918			4
2025.09.03	01:01:03.620	0.86905	0.86919			6
2025.09.03	01:01:04.042		0.86921			4
2025.09.03	01:01:05.074	0.86908				2
2025.09.03	01:01:05.480	0.86910	0.86924			6
2025.09.03	01:01:06.391	0.86912	0.86927			6
2025.09.03	01:01:06.855		0.86928			4
2025.09.03	01:01:09.325	0.86914				2
2025.09.03	01:01:10.998	0.86912	0.86925			6
2025.09.03	01:01:12.329	0.86908	0.86922			6
2025.09.03	01:01:14.410		0.86921			4
2025.09.03	01:01:15.270	0.86909				2
2025.09.03	01:01:16.337	0.86911	0.86924			6
2025.09.03	01:01:17.280		0.86925			4
2025.09.03	01:01:18.113	0.86913	0.86927			6
2025.09.03	01:01:20.796	0.86912	0.86925			6
2025.09.03	01:01:21.376		0.86926			4
2025.09.03	01:01:22.003	0.86915	0.86927			6
2025.09.03	01:01:22.539	0.86914				2
2025.09.03	01:01:25.416	0.86913				2
2025.09.03	01:01:26.807		0.86916			4
2025.09.03	01:01:32.032	0.86911				2
2025.09.03	01:01:34.918	0.86910				2
2025.09.03	01:01:36.693		0.86917			4
2025.09.03	01:01:37.521	0.86911				2
2025.09.03	01:01:38.319	0.86909				2
2025.09.03	01:01:41.151	0.86910				2
2025.09.03	01:01:42.759	0.86911	0.86916			6
2025.09.03	01:01:45.933	0.86910				2
2025.09.03	01:01:51.631		0.86922			4
2025.09.03	01:02:00.146	0.86915	0.86926			6
2025.09.03	01:02:00.659		0.86927			4
2025.09.03	01:02:01.246	0.86917				2
2025.09.03	01:02:03.240	0.86914	0.86925			6
2025.09.03	01:02:06.682	0.86916	0.86926			6
2025.09.03	01:02:07.375	0.86917	0.86927			6
2025.09.03	01:02:08.317		0.86928			4
2025.09.03	01:02:08.886	0.86918				2
2025.09.03	01:02:10.811	0.86922	0.86932			6
2025.09.03	01:02:11.119	0.86920				2
2025.09.03	01:02:21.611	0.86921				2
2025.09.03	01:02:30.770		0.86933			4
2025.09.03	01:02:47.131	0.86922				2
2025.09.03	01:02:49.474		0.86932			4
2025.09.03	01:03:00.435	0.86921	0.86927			6
2025.09.03	01:03:01.277		0.86925			4
2025.09.03	01:03:03.456	0.86913				2
2025.09.03	01:03:09.011	0.86914				2
2025.09.03	01:03:18.244	0.86915				2
2025.09.03	01:03:32.711	0.86917	0.86928			6
2025.09.03	01:03:52.212		0.86927			4
2025.09.03	01:04:00.777	0.86917				2
2025.09.03	01:04:01.212		0.86928			4
2025.09.03	01:04:03.914	0.86915	0.86927			6
2025.09.03	01:04:09.852	0.86917				2
2025.09.03	01:04:19.915	0.86916				2
2025.09.03	01:04:22.210	0.86917				2
2025.09.03	01:04:32.751	0.86918	0.86928			6
2025.09.03	01:04:36.613		0.86927			4
2025.09.03	01:04:40.511		0.86928			4
2025.09.03	01:04:47.629		0.86927			4
2025.09.03	01:05:00.362	0.86916	0.86926			6
2025.09.03	01:05:00.679	0.86915				2
2025.09.03	01:05:03.609		0.86925			4
2025.09.03	01:05:05.329	0.86914	0.86924			6
2025.09.03	01:05:11.350	0.86918				2
2025.09.03	01:05:15.307		0.86925			4
2025.09.03	01:05:21.962	0.86917				2
2025.09.03	01:05:30.418	0.86918				2
2025.09.03	01:05:36.460		0.86923			4
2025.09.03	01:05:36.877		0.86924			4
2025.09.03	01:05:37.474		0.86923			4
2025.09.03	01:05:40.146		0.86924			4
2025.09.03	01:05:43.503	0.86917				2
2025.09.03	01:05:57.095		0.86923			4
2025.09.03	01:06:01.598	0.86917				2
2025.09.03	01:06:02.888		0.86924			4
2025.09.03	01:06:23.554	0.86915				2
2025.09.03	01:07:05.004	0.86915	0.86924			6
2025.09.03	01:07:28.452		0.86923			4
2025.09.03	01:07:32.356	0.86916	0.86921			6
2025.09.03	01:07:57.458	0.86917				2
2025.09.03	01:08:00.778	0.86920				2
2025.09.03	01:08:01.813	0.86918				2
2025.09.03	01:08:02.592	0.86919				2
2025.09.03	01:08:03.630	0.86915				2
2025.09.03	01:08:10.161	0.86914	0.86920			6
2025.09.03	01:08:10.487		0.86919			4
2025.09.03	01:08:11.145		0.86920			4
2025.09.03	01:08:21.911	0.86913				2
2025.09.03	01:08:24.613	0.86914				2
2025.09.03	01:08:47.415	0.86913				2
2025.09.03	01:09:00.445	0.86914				2
2025.09.03	01:09:21.614		0.86920			4
2025.09.03	01:09:33.286		0.86918			4
2025.09.03	01:09:33.600		0.86920			4
2025.09.03	01:09:34.030		0.86919			4
2025.09.03	01:09:34.807		0.86920			4
2025.09.03	01:09:35.802		0.86919			4
2025.09.03	01:09:38.983		0.86920			4
2025.09.03	01:09:39.802		0.86919			4
2025.09.03	01:09:40.493		0.86920			4
2025.09.03	01:09:57.612	0.86913	0.86919			6
2025.09.03	01:09:59.412	0.86914				2
2025.09.03	01:10:00.176	0.86914				2
2025.09.03	01:10:10.249	0.86916	0.86920			6
2025.09.03	01:10:12.372		0.86919			4
2025.09.03	01:10:13.877	0.86915	0.86920			6
2025.09.03	01:10:19.886	0.86913				2
2025.09.03	01:10:22.110	0.86912				2
2025.09.03	01:10:25.213	0.86915				2
2025.09.03	01:10:30.394	0.86914				2
2025.09.03	01:10:51.613		0.86919			4
2025.09.03	01:11:03.459	0.86915				2
2025.09.03	01:11:13.663	0.86911	0.86916			6
2025.09.03	01:11:14.231	0.86912				2
2025.09.03	01:11:17.360	0.86911	0.86915			6
2025.09.03	01:11:17.672		0.86916			4
2025.09.03	01:11:22.680	0.86912				2
2025.09.03	01:11:27.481	0.86909	0.86911			6
2025.09.03	01:11:27.783		0.86910			4
2025.09.03	01:11:28.321		0.86911			4
2025.09.03	01:11:29.330		0.86910			4
2025.09.03	01:11:30.878		0.86911			4
2025.09.03	01:11:32.413	0.86907	0.86910			6
2025.09.03	01:11:33.974		0.86909			4
2025.09.03	01:11:35.071		0.86910			4
2025.09.03	01:11:37.478		0.86909			4
2025.09.03	01:11:37.922	0.86905				2
2025.09.03	01:11:44.237	0.86907	0.86910			6
2025.09.03	01:11:45.085	0.86909	0.86911			6
2025.09.03	01:11:51.776	0.86908				2
2025.09.03	01:12:00.010	0.86908				2
2025.09.03	01:12:01.615	0.86909				2
2025.09.03	01:12:01.935	0.86912	0.86918			6
2025.09.03	01:12:02.240	0.86915	0.86919			6
2025.09.03	01:12:03.458	0.86911				2
2025.09.03	01:12:03.874	0.86914	0.86920			6
2025.09.03	01:12:05.625	0.86912	0.86919			6
2025.09.03	01:12:23.410	0.86911				2
2025.09.03	01:12:45.379	0.86909	0.86918			6
2025.09.03	01:12:47.473	0.86910				2
2025.09.03	01:12:50.269	0.86911				2
2025.09.03	01:12:52.883	0.86910				2
2025.09.03	01:12:53.587	0.86916	0.86921			6
2025.09.03	01:12:56.410	0.86917				2
2025.09.03	01:12:56.955		0.86922			4
2025.09.03	01:12:58.064		0.86920			4
2025.09.03	01:12:58.375		0.86922			4
2025.09.03	01:13:00.609	0.86917				2
2025.09.03	01:13:02.309		0.86921			4
2025.09.03	01:13:03.520	0.86916				2
2025.09.03	01:13:06.011	0.86917				2
2025.09.03	01:13:07.587		0.86920			4
2025.09.03	01:13:12.450		0.86921			4
2025.09.03	01:13:12.822		0.86920			4
2025.09.03	01:13:15.011	0.86916				2
2025.09.03	01:13:37.482		0.86921			4
2025.09.03	01:13:37.917	0.86915				2
2025.09.03	01:13:40.511	0.86914				2
2025.09.03	01:13:50.827	0.86916	0.86922			6
2025.09.03	01:13:53.411	0.86917				2
2025.09.03	01:13:57.383		0.86921			4
2025.09.03	01:14:01.612	0.86917				2
2025.09.03	01:14:15.418	0.86916	0.86920			6
2025.09.03	01:14:21.641	0.86915				2
2025.09.03	01:14:23.944	0.86916				2
2025.09.03	01:14:24.552	0.86915				2
2025.09.03	01:14:46.276	0.86914				2
2025.09.03	01:15:01.609	0.86915				2
2025.09.03	01:15:06.311	0.86914				2
2025.09.03	01:15:17.110		0.86920			4
2025.09.03	01:15:20.975	0.86912	0.86919			6
2025.09.03	01:15:22.130	0.86913				2
2025.09.03	01:15:23.010		0.86920			4
2025.09.03	01:15:39.112	0.86914				2
2025.09.03	01:15:40.234	0.86915				2
2025.09.03	01:16:00.476	0.86915				2
2025.09.03	01:16:15.508		0.86919			4
2025.09.03	01:16:16.187		0.86920			4
2025.09.03	01:16:31.370	0.86916	0.86921			6
2025.09.03	01:16:41.991	0.86915				2
2025.09.03	01:17:01.061	0.86915				2
2025.09.03	01:17:03.013	0.86916				2
2025.09.03	01:17:16.796	0.86915				2
2025.09.03	01:17:31.810		0.86921			4
2025.09.03	01:17:45.668	0.86914	0.86920			6
2025.09.03	01:18:01.611	0.86913				2
2025.09.03	01:18:03.243	0.86914				2
2025.09.03	01:18:12.133	0.86916				2
2025.09.03	01:18:12.633		0.86921			4
2025.09.03	01:18:13.441		0.86920			4
2025.09.03	01:18:15.636		0.86921			4
2025.09.03	01:18:24.184	0.86917				2
2025.09.03	01:18:36.013	0.86916				2
2025.09.03	01:18:44.410	0.86917				2
2025.09.03	01:18:48.311	0.86916				2
2025.09.03	01:18:55.254	0.86917	0.86922			6
2025.09.03	01:18:56.394		0.86921			4
2025.09.03	01:19:03.979	0.86916				2
2025.09.03	01:19:48.768		0.86920			4
2025.09.03	01:20:06.089	0.86916				2
2025.09.03	01:20:28.359	0.86915	0.86917			6
2025.09.03	01:20:29.711	0.86914				2
2025.09.03	01:20:35.334	0.86915				2
2025.09.03	01:20:47.361	0.86914				2
2025.09.03	01:21:00.391	0.86914				2
2025.09.03	01:21:27.557	0.86915	0.86918			6
2025.09.03	01:21:28.661	0.86913	0.86916			6
2025.09.03	01:21:31.810	0.86914				2
2025.09.03	01:21:32.718	0.86916	0.86920			6
2025.09.03	01:21:45.364	0.86912	0.86917			6
2025.09.03	01:21:47.298	0.86913				2
2025.09.03	01:21:53.384	0.86912				2
2025.09.03	01:21:57.017	0.86913				2
2025.09.03	01:21:59.097	0.86912				2
2025.09.03	01:22:01.518	0.86912				2
2025.09.03	01:22:31.931		0.86916			4
2025.09.03	01:22:51.519	0.86910	0.86915			6
2025.09.03	01:22:51.908	0.86908	0.86916			6
2025.09.03	01:22:52.221	0.86911				2
2025.09.03	01:23:01.313	0.86912				2
2025.09.03	01:23:02.394	0.86913	0.86915			6
2025.09.03	01:23:03.080		0.86916			4
2025.09.03	01:23:04.646		0.86918			4
2025.09.03	01:23:07.855		0.86919			4
2025.09.03	01:23:09.850		0.86918			4
2025.09.03	01:23:12.178		0.86919			4
2025.09.03	01:23:12.828		0.86918			4
2025.09.03	01:23:13.158	0.86916	0.86921			6
2025.09.03	01:23:16.457		0.86920			4
2025.09.03	01:23:19.886	0.86915	0.86921			6
2025.09.03	01:23:20.365	0.86916				2
2025.09.03	01:23:27.476		0.86920			4
2025.09.03	01:23:28.864		0.86921			4
2025.09.03	01:23:37.235	0.86915				2
2025.09.03	01:23:41.109	0.86916				2
2025.09.03	01:23:47.112	0.86915				2
2025.09.03	01:23:56.166	0.86916				2
2025.09.03	01:24:00.428	0.86916				2
2025.09.03	01:24:01.537		0.86922			4
2025.09.03	01:24:07.222	0.86917				2
2025.09.03	01:24:09.973	0.86916	0.86921			6
2025.09.03	01:24:11.251	0.86914				2
2025.09.03	01:24:12.913	0.86915	0.86920			6
2025.09.03	01:24:19.045	0.86916				2
2025.09.03	01:24:24.310		0.86921			4
2025.09.03	01:24:33.910	0.86915				2
2025.09.03	01:24:37.728	0.86916				2
2025.09.03	01:24:47.111	0.86915				2
2025.09.03	01:24:53.413		0.86920			4
2025.09.03	01:24:57.487		0.86921			4
2025.09.03	01:25:03.467	0.86915				2
2025.09.03	01:25:11.282	0.86914	0.86920			6
2025.09.03	01:25:21.611	0.86915				2
2025.09.03	01:25:26.711	0.86914				2
2025.09.03	01:25:31.155	0.86916	0.86922			6
2025.09.03	01:25:38.410	0.86917				2
2025.09.03	01:25:42.586	0.86916				2
2025.09.03	01:25:46.211	0.86917				2
2025.09.03	01:25:49.843	0.86916				2
2025.09.03	01:25:57.861	0.86914	0.86920			6
2025.09.03	01:25:58.395	0.86915	0.86921			6
2025.09.03	01:26:02.460	0.86915				2
2025.09.03	01:26:06.911	0.86916				2
2025.09.03	01:26:10.382	0.86915				2
2025.09.03	01:26:11.034		0.86920			4
2025.09.03	01:26:14.011		0.86921			4
2025.09.03	01:27:04.867	0.86915				2
2025.09.03	01:27:21.468		0.86921			4
2025.09.03	01:27:41.382		0.86920			4
2025.09.03	01:27:42.910	0.86912	0.86917			6
2025.09.03	01:27:43.212		0.86918			4
2025.09.03	01:27:47.739	0.86910	0.86915			6
2025.09.03	01:27:49.371	0.86909	0.86914			6
2025.09.03	01:27:49.680		0.86915			4
2025.09.03	01:27:51.870		0.86914			4
2025.09.03	01:27:54.079		0.86915			4
2025.09.03	01:27:55.230		0.86914			4
2025.09.03	01:27:55.723		0.86915			4
2025.09.03	01:27:56.151	0.86908	0.86914			6
2025.09.03	01:27:57.892	0.86909				2
2025.09.03	01:28:00.708	0.86909	0.86915			6
2025.09.03	01:28:02.503		0.86914			4
2025.09.03	01:28:05.775		0.86913			4
2025.09.03	01:28:15.825		0.86914			4
2025.09.03	01:28:41.378		0.86915			4
2025.09.03	01:28:51.612		0.86914			4
2025.09.03	01:29:00.803	0.86909				2
2025.09.03	01:29:01.612		0.86915			4
2025.09.03	01:29:08.431	0.86908	0.86914			6
2025.09.03	01:29:08.840		0.86915			4
2025.09.03	01:29:10.051		0.86916			4
2025.09.03	01:29:17.936	0.86909	0.86915			6
2025.09.03	01:29:21.726		0.86916			4
2025.09.03	01:29:22.105	0.86910	0.86915			6
2025.09.03	01:29:22.588	0.86908	0.86914			6
2025.09.03	01:29:26.783		0.86913			4
2025.09.03	01:29:29.007	0.86911	0.86917			6
2025.09.03	01:29:29.370	0.86910	0.86916			6
2025.09.03	01:30:00.343	0.86910				2
2025.09.03	01:30:00.682	0.86911				2
2025.09.03	01:30:03.311	0.86909	0.86910			6
2025.09.03	01:30:06.692	0.86911	0.86916			6
2025.09.03	01:30:07.000	0.86910				2
2025.09.03	01:30:10.518	0.86911				2
2025.09.03	01:30:27.011	0.86910				2
2025.09.03	01:30:31.608		0.86917			4
2025.09.03	01:30:37.209	0.86911				2
2025.09.03	01:30:47.381		0.86916			4
2025.09.03	01:30:50.710	0.86910				2
2025.09.03	01:30:55.315	0.86911				2
2025.09.03	01:31:01.218	0.86911				2
2025.09.03	01:31:17.153		0.86914			4
2025.09.03	01:31:20.410	0.86910				2
2025.09.03	01:31:22.404	0.86911	0.86916			6
2025.09.03	01:31:44.411	0.86910				2
2025.09.03	01:31:45.188		0.86917			4
2025.09.03	01:31:45.502		0.86916			4
2025.09.03	01:31:47.472	0.86911				2
2025.09.03	01:32:01.612	0.86911				2
2025.09.03	01:32:15.910	0.86912				2
2025.09.03	01:32:17.175	0.86908				2
2025.09.03	01:32:22.211	0.86909	0.86915			6
2025.09.03	01:32:23.108	0.86906	0.86913			6
2025.09.03	01:32:23.987	0.86907				2
2025.09.03	01:32:31.774	0.86908	0.86914			6
2025.09.03	01:32:33.993	0.86909				2
2025.09.03	01:32:35.612	0.86907				2
2025.09.03	01:32:40.863	0.86908				2
2025.09.03	01:32:42.351	0.86907				2
2025.09.03	01:32:48.994	0.86908	0.86913			6
2025.09.03	01:32:54.910		0.86914			4
2025.09.03	01:33:00.439	0.86909				2
2025.09.03	01:33:03.184	0.86910	0.86916			6
2025.09.03	01:33:12.911		0.86915			4
2025.09.03	01:33:34.421	0.86909				2
2025.09.03	01:33:35.756	0.86910	0.86916			6
2025.09.03	01:34:00.981	0.86910				2
2025.09.03	01:34:17.962		0.86915			4
2025.09.03	01:34:20.733		0.86917			4
2025.09.03	01:34:28.837	0.86909	0.86915			6
2025.09.03	01:34:38.687		0.86916			4
2025.09.03	01:34:49.210	0.86910	0.86915			6
2025.09.03	01:34:51.123		0.86916			4
2025.09.03	01:34:54.609		0.86915			4
2025.09.03	01:35:11.728	0.86910				2
2025.09.03	01:35:29.678	0.86909				2
2025.09.03	01:35:35.786	0.86908				2
2025.09.03	01:35:48.974	0.86909				2
2025.09.03	01:35:53.798	0.86910				2
2025.09.03	01:36:00.098	0.86910	0.86915			6
2025.09.03	01:36:03.969		0.86916			4
2025.09.03	01:36:04.874		0.86915			4
2025.09.03	01:36:10.811	0.86909				2
2025.09.03	01:36:15.168	0.86910	0.86916			6
2025.09.03	01:36:18.939		0.86915			4
2025.09.03	01:36:21.130		0.86916			4
2025.09.03	01:36:31.612		0.86915			4
2025.09.03	01:36:41.612		0.86916			4
2025.09.03	01:36:51.727		0.86915			4
2025.09.03	01:37:01.051	0.86910	0.86916			6
2025.09.03	01:38:01.393	0.86910	0.86916			6
2025.09.03	01:38:02.069	0.86912	0.86918			6
2025.09.03	01:38:02.373	0.86911				2
2025.09.03	01:38:03.147	0.86905	0.86913			6
2025.09.03	01:38:03.460	0.86906				2
2025.09.03	01:38:08.176	0.86910	0.86917			6
2025.09.03	01:38:29.212		0.86916			4
2025.09.03	01:38:29.838		0.86917			4
2025.09.03	01:38:30.273		0.86916			4
2025.09.03	01:38:31.854	0.86909				2
2025.09.03	01:38:40.143	0.86908				2
2025.09.03	01:38:46.811	0.86909				2
2025.09.03	01:38:52.598		0.86917			4
2025.09.03	01:38:53.716	0.86908				2
2025.09.03	01:38:56.051	0.86909	0.86916			6
2025.09.03	01:38:58.324		0.86914			4
2025.09.03	01:39:02.572	0.86909	0.86915			6
2025.09.03	01:39:13.049		0.86914			4
2025.09.03	01:39:15.657		0.86915			4
2025.09.03	01:39:18.286		0.86916			4
2025.09.03	01:39:21.051	0.86908				2
2025.09.03	01:39:24.598		0.86914			4
2025.09.03	01:39:24.973	0.86909	0.86915			6
2025.09.03	01:39:25.867		0.86914			4
2025.09.03	01:39:32.714	0.86908	0.86915			6
2025.09.03	01:39:33.829	0.86907	0.86914			6
2025.09.03	01:39:34.323		0.86913			4
2025.09.03	01:39:53.573		0.86912			4
2025.09.03	01:39:54.112	0.86908	0.86915			6
2025.09.03	01:39:54.417	0.86909	0.86914			6
2025.09.03	01:39:55.718		0.86915			4
2025.09.03	01:40:02.539	0.86908	0.86916			6
2025.09.03	01:40:04.017		0.86914			4
2025.09.03	01:40:11.812		0.86915			4
2025.09.03	01:40:14.744		0.86914			4
2025.09.03	01:40:16.999		0.86915			4
2025.09.03	01:40:18.131		0.86914			4
2025.09.03	01:40:21.194		0.86915			4
2025.09.03	01:40:22.671	0.86911	0.86917			6
2025.09.03	01:40:32.461		0.86916			4
2025.09.03	01:40:38.813	0.86910				2
2025.09.03	01:40:47.463		0.86917			4
2025.09.03	01:41:00.313	0.86911				2
2025.09.03	01:41:05.633	0.86910				2
2025.09.03	01:41:11.628	0.86911				2
2025.09.03	01:41:51.614		0.86917			4
2025.09.03	01:42:01.076	0.86912				2
2025.09.03	01:42:18.980	0.86914	0.86919			6
2025.09.03	01:42:19.977	0.86912	0.86918			6
2025.09.03	01:42:31.211	0.86913	0.86917			6
2025.09.03	01:42:39.909	0.86912				2
2025.09.03	01:43:01.613	0.86912				2
2025.09.03	01:43:08.003		0.86918			4
2025.09.03	01:43:12.013		0.86917			4
2025.09.03	01:44:00.387	0.86912				2
2025.09.03	01:44:05.548		0.86918			4
2025.09.03	01:44:34.062		0.86917			4
2025.09.03	01:45:01.611	0.86912				2
2025.09.03	01:45:05.606	0.86908	0.86912			6
2025.09.03	01:45:07.376		0.86913			4
2025.09.03	01:45:15.264		0.86912			4
2025.09.03	01:45:19.059		0.86914			4
2025.09.03	01:45:21.910		0.86913			4
2025.09.03	01:45:34.879		0.86915			4
2025.09.03	01:45:35.222	0.86913	0.86919			6
2025.09.03	01:45:44.571	0.86912	0.86917			6
2025.09.03	01:45:47.505	0.86911	0.86916			6
2025.09.03	01:45:50.966		0.86915			4
2025.09.03	01:45:54.610	0.86910	0.86916			6
2025.09.03	01:45:56.319		0.86915			4
2025.09.03	01:45:57.891	0.86911				2
2025.09.03	01:45:58.424		0.86916			4
2025.09.03	01:45:58.915	0.86914	0.86921			6
2025.09.03	01:46:00.711	0.86914	0.86920			6
2025.09.03	01:46:09.208		0.86921			4
2025.09.03	01:46:10.574		0.86920			4
2025.09.03	01:46:16.203		0.86921			4
2025.09.03	01:46:18.616		0.86920			4
2025.09.03	01:46:19.241		0.86921			4
2025.09.03	01:46:19.921		0.86919			4
2025.09.03	01:46:21.089		0.86920			4
2025.09.03	01:46:22.819	0.86913				2
2025.09.03	01:46:26.736	0.86914				2
2025.09.03	01:46:30.418		0.86919			4
2025.09.03	01:46:45.250		0.86918			4
2025.09.03	01:46:51.325		0.86919			4
2025.09.03	01:46:58.325		0.86918			4
2025.09.03	01:47:08.976	0.86914				2
2025.09.03	01:47:25.356		0.86920			4
2025.09.03	01:47:25.661	0.86913				2
2025.09.03	01:47:32.410	0.86912	0.86918			6
2025.09.03	01:47:34.244	0.86914	0.86919			6
2025.09.03	01:47:37.239	0.86916	0.86920			6
2025.09.03	01:47:45.011	0.86915				2
2025.09.03	01:48:01.476	0.86917	0.86922			6
2025.09.03	01:48:07.209		0.86923			4
2025.09.03	01:48:09.240	0.86915	0.86920			6
2025.09.03	01:48:44.381	0.86914	0.86919			6
2025.09.03	01:48:52.210		0.86920			4
2025.09.03	01:48:58.211		0.86919			4
2025.09.03	01:49:01.211	0.86914	0.86920			6
2025.09.03	01:49:02.242		0.86918			4
2025.09.03	01:49:13.210		0.86919			4
2025.09.03	01:49:24.153		0.86918			4
2025.09.03	01:49:41.331	0.86915				2
2025.09.03	01:49:46.333	0.86914				2
2025.09.03	01:49:47.854	0.86920	0.86924			6
2025.09.03	01:50:05.274	0.86920				2
2025.09.03	01:50:14.176		0.86925			4
2025.09.03	01:51:03.398	0.86920	0.86926			6
2025.09.03	01:51:05.297		0.86925			4
2025.09.03	01:51:19.071		0.86926			4
2025.09.03	01:51:25.003		0.86927			4
2025.09.03	01:51:25.539		0.86926			4
2025.09.03	01:51:41.611		0.86927			4
2025.09.03	01:51:42.417		0.86926			4
2025.09.03	01:51:45.351		0.86925			4
2025.09.03	01:51:47.028		0.86926			4
2025.09.03	01:51:49.297		0.86925			4
2025.09.03	01:51:49.700		0.86926			4
2025.09.03	01:52:00.670	0.86920				2
2025.09.03	01:52:03.083		0.86925			4
2025.09.03	01:52:05.336	0.86915	0.86922			6
2025.09.03	01:52:06.251		0.86921			4
2025.09.03	01:52:07.278		0.86922			4
2025.09.03	01:52:09.150		0.86920			4
2025.09.03	01:52:09.627	0.86913	0.86919			6
2025.09.03	01:52:11.635	0.86915				2
2025.09.03	01:52:11.939		0.86921			4
2025.09.03	01:52:15.996		0.86920			4
2025.09.03	01:52:22.831		0.86919			4
2025.09.03	01:52:34.811		0.86920			4
2025.09.03	01:52:38.723	0.86917	0.86921			6
2025.09.03	01:52:44.153		0.86925			4
2025.09.03	01:52:47.587		0.86924			4
2025.09.03	01:52:53.518		0.86922			4
2025.09.03	01:52:54.026		0.86923			4
2025.09.03	01:52:54.537	0.86918	0.86924			6
2025.09.03	01:52:54.933		0.86925			4
2025.09.03	01:52:57.685		0.86924			4
2025.09.03	01:53:00.104	0.86919	0.86923			6
2025.09.03	01:53:06.598	0.86921	0.86926			6
2025.09.03	01:53:07.349	0.86920	0.86925			6
2025.09.03	01:53:09.337	0.86921	0.86924			6
2025.09.03	01:53:13.210		0.86925			4
2025.09.03	01:53:19.309	0.86920	0.86924			6
2025.09.03	01:53:29.320	0.86916	0.86922			6
2025.09.03	01:53:36.631	0.86918	0.86923			6
2025.09.03	01:53:45.316	0.86916				2
2025.09.03	01:53:47.382		0.86922			4
2025.09.03	01:53:55.580	0.86917	0.86923			6
2025.09.03	01:53:57.520	0.86918	0.86925			6
2025.09.03	01:54:00.090	0.86919	0.86924			6
2025.09.03	01:54:06.482	0.86918	0.86923			6
2025.09.03	01:54:07.677	0.86919	0.86924			6
2025.09.03	01:54:12.436		0.86925			4
2025.09.03	01:54:14.166		0.86926			4
2025.09.03	01:54:20.470		0.86925			4
2025.09.03	01:54:32.659	0.86921	0.86927			6
2025.09.03	01:54:37.652		0.86926			4
2025.09.03	01:54:38.053		0.86927			4
2025.09.03	01:54:41.066	0.86922	0.86926			6
2025.09.03	01:54:42.237	0.86921	0.86927			6
2025.09.03	01:54:44.457	0.86919	0.86924			6
2025.09.03	01:54:55.211		0.86925			4
2025.09.03	01:55:02.546	0.86919				2
2025.09.03	01:55:03.560		0.86924			4
2025.09.03	01:55:14.162		0.86925			4
2025.09.03	01:55:22.211		0.86924			4
2025.09.03	01:55:36.322	0.86920	0.86925			6
2025.09.03	01:55:42.883		0.86927			4
2025.09.03	01:55:44.001		0.86926			4
2025.09.03	01:55:44.307		0.86927			4
2025.09.03	01:55:45.427	0.86919	0.86925			6
2025.09.03	01:55:52.375	0.86920	0.86926			6
2025.09.03	01:55:55.974	0.86919				2
2025.09.03	01:55:56.293	0.86920	0.86925			6
2025.09.03	01:56:00.463	0.86920	0.86926			6
2025.09.03	01:56:02.754		0.86925			4
2025.09.03	01:56:05.465		0.86926			4
2025.09.03	01:56:06.669	0.86921				2
2025.09.03	01:56:09.730	0.86920				2
2025.09.03	01:56:11.277	0.86925	0.86928			6
2025.09.03	01:56:19.389	0.86922	0.86927			6
2025.09.03	01:56:20.268	0.86921				2
2025.09.03	01:56:23.719		0.86926			4
2025.09.03	01:56:24.355	0.86927	0.86931			6
2025.09.03	01:56:33.499	0.86928				2
2025.09.03	01:56:35.792		0.86932			4
2025.09.03	01:56:40.365		0.86930			4
2025.09.03	01:56:41.814		0.86932			4
2025.09.03	01:56:42.119	0.86929				2
2025.09.03	01:56:58.861	0.86925	0.86930			6
2025.09.03	01:57:00.156	0.86926	0.86931			6
2025.09.03	01:57:01.372	0.86925				2
2025.09.03	01:57:07.895	0.86926	0.86929			6
2025.09.03	01:57:08.243	0.86925				2
2025.09.03	01:57:10.037	0.86928	0.86932			6
2025.09.03	01:57:12.375	0.86926	0.86931			6
2025.09.03	01:57:17.767		0.86932			4
2025.09.03	01:57:22.798		0.86931			4
2025.09.03	01:57:24.610		0.86932			4
2025.09.03	01:57:31.612	0.86925				2
2025.09.03	01:57:42.318	0.86926				2
2025.09.03	01:57:45.359	0.86928	0.86934			6
2025.09.03	01:57:45.671		0.86933			4
2025.09.03	01:57:57.011		0.86934			4
2025.09.03	01:58:07.083	0.86928				2
2025.09.03	01:58:07.483	0.86929				2
2025.09.03	01:58:23.143	0.86931	0.86936			6
2025.09.03	01:58:27.413		0.86935			4
2025.09.03	01:58:37.212	0.86932				2
2025.09.03	01:59:02.372	0.86932				2
2025.09.03	01:59:05.952	0.86930	0.86933			6
2025.09.03	01:59:06.761		0.86934			4
2025.09.03	01:59:13.238		0.86936			4
2025.09.03	01:59:15.284	0.86926	0.86932			6
2025.09.03	01:59:20.656	0.86927	0.86931			6
2025.09.03	01:59:30.383	0.86926	0.86933			6
2025.09.03	01:59:33.780	0.86927	0.86932			6
2025.09.03	01:59:45.783		0.86933			4
2025.09.03	01:59:50.981		0.86932			4
2025.09.03	01:59:56.362		0.86931			4
2025.09.03	02:00:00.360	0.86927	0.86932			6
2025.09.03	02:00:01.408		0.86933			4
2025.09.03	02:00:04.215	0.86924	0.86927			6
2025.09.03	02:00:04.589	0.86925	0.86931			6
2025.09.03	02:00:05.272		0.86928			4
2025.09.03	02:00:05.637	0.86926	0.86932			6
2025.09.03	02:00:06.255	0.86925	0.86930			6
2025.09.03	02:00:07.761	0.86926	0.86931			6
2025.09.03	02:00:08.737		0.86932			4
2025.09.03	02:00:09.617		0.86931			4
2025.09.03	02:00:09.956	0.86925	0.86929			6
2025.09.03	02:00:10.300	0.86926	0.86930			6
2025.09.03	02:00:10.979	0.86925				2
2025.09.03	02:00:11.371		0.86929			4
2025.09.03	02:00:13.013	0.86926	0.86930			6
2025.09.03	02:00:14.339	0.86925				2
2025.09.03	02:00:19.128		0.86928			4
2025.09.03	02:00:20.137		0.86929			4
2025.09.03	02:00:27.830		0.86928			4
2025.09.03	02:00:31.715	0.86924				2
2025.09.03	02:00:35.285	0.86925				2
2025.09.03	02:00:40.186	0.86924				2
2025.09.03	02:00:42.599	0.86923	0.86927			6
2025.09.03	02:00:50.242	0.86924				2
2025.09.03	02:00:52.306		0.86928			4
2025.09.03	02:00:56.385	0.86923	0.86927			6
2025.09.03	02:01:00.608	0.86922	0.86926			6
2025.09.03	02:01:01.599	0.86921				2
2025.09.03	02:01:02.465	0.86922	0.86925			6
2025.09.03	02:01:07.861	0.86926	0.86931			6
2025.09.03	02:01:08.316	0.86927	0.86930			6
2025.09.03	02:01:22.651	0.86926				2
2025.09.03	02:01:40.184	0.86924	0.86929			6
2025.09.03	02:01:40.683	0.86926				2
2025.09.03	02:01:41.684	0.86924	0.86927			6
2025.09.03	02:01:42.179	0.86925	0.86929			6
2025.09.03	02:01:51.835	0.86923	0.86928			6
2025.09.03	02:01:55.910	0.86924				2
2025.09.03	02:01:56.298		0.86927			4
2025.09.03	02:01:57.662	0.86921	0.86926			6
2025.09.03	02:01:57.990	0.86923	0.86927			6
2025.09.03	02:01:58.772		0.86926			4
2025.09.03	02:02:00.417	0.86925	0.86928			6
2025.09.03	02:02:03.198	0.86924				2
2025.09.03	02:02:05.070	0.86922	0.86925			6
2025.09.03	02:02:06.392		0.86924			4
2025.09.03	02:02:06.699		0.86928			4
2025.09.03	02:02:07.928	0.86920	0.86923			6
2025.09.03	02:02:08.381	0.86919	0.86925			6
2025.09.03	02:02:08.688	0.86918	0.86923			6
2025.09.03	02:02:12.548	0.86919	0.86922			6
2025.09.03	02:02:13.504	0.86915	0.86920			6
2025.09.03	02:02:13.902	0.86918	0.86921			6
2025.09.03	02:02:14.406		0.86920			4
2025.09.03	02:02:14.744		0.86921			4
2025.09.03	02:02:16.707		0.86920			4
2025.09.03	02:02:20.383	0.86917				2
2025.09.03	02:02:20.698	0.86915	0.86921			6
2025.09.03	02:02:21.017	0.86916	0.86920			6
2025.09.03	02:02:22.291	0.86914	0.86917			6
2025.09.03	02:02:22.851		0.86916			4
2025.09.03	02:02:23.200	0.86913				2
2025.09.03	02:02:23.787	0.86914	0.86917			6
2025.09.03	02:02:27.107	0.86913	0.86916			6
2025.09.03	02:02:27.871		0.86915			4
2025.09.03	02:02:28.313	0.86918	0.86920			6
2025.09.03	02:02:28.638		0.86921			4
2025.09.03	02:02:29.577	0.86919	0.86922			6
2025.09.03	02:02:31.394	0.86917	0.86920			6
2025.09.03	02:02:31.699	0.86915	0.86918			6
2025.09.03	02:02:32.606	0.86914	0.86917			6
2025.09.03	02:02:34.154	0.86915	0.86918			6
2025.09.03	02:02:37.536	0.86916				2
2025.09.03	02:02:37.876		0.86920			4
2025.09.03	02:02:38.974	0.86917				2
2025.09.03	02:02:46.617	0.86918	0.86921			6
2025.09.03	02:02:49.780	0.86916	0.86920			6
2025.09.03	02:02:50.137	0.86917				2
2025.09.03	02:02:58.211	0.86916	0.86919			6
2025.09.03	02:03:00.193	0.86916				2
2025.09.03	02:03:08.322	0.86912	0.86917			6
2025.09.03	02:03:08.632		0.86916			4
2025.09.03	02:03:09.861		0.86917			4
2025.09.03	02:03:12.948		0.86916			4
2025.09.03	02:03:13.932	0.86914	0.86920			6
2025.09.03	02:03:15.699		0.86918			4
2025.09.03	02:03:16.191	0.86915				2
2025.09.03	02:03:17.073	0.86917	0.86921			6
2025.09.03	02:03:17.418	0.86918				2
2025.09.03	02:03:19.009	0.86917				2
2025.09.03	02:03:21.127	0.86914	0.86918			6
2025.09.03	02:03:23.154	0.86915	0.86919			6
2025.09.03	02:03:24.380	0.86916				2
2025.09.03	02:03:26.580		0.86921			4
2025.09.03	02:03:27.396		0.86919			4
2025.09.03	02:03:30.816	0.86917	0.86920			6
2025.09.03	02:03:33.510	0.86915	0.86921			6
2025.09.03	02:03:33.817		0.86920			4
2025.09.03	02:03:40.668		0.86919			4
2025.09.03	02:03:40.990		0.86918			4
2025.09.03	02:03:47.478	0.86914	0.86919			6
2025.09.03	02:03:53.096	0.86915	0.86918			6
2025.09.03	02:03:53.549	0.86916	0.86919			6
2025.09.03	02:03:54.436	0.86915				2
2025.09.03	02:03:55.633		0.86918			4
2025.09.03	02:03:57.186		0.86920			4
2025.09.03	02:04:00.757	0.86915				2
2025.09.03	02:04:04.545	0.86917	0.86921			6
2025.09.03	02:04:09.969	0.86918				2
2025.09.03	02:04:19.455	0.86917	0.86920			6
2025.09.03	02:04:32.487		0.86921			4
2025.09.03	02:04:32.857		0.86922			4
2025.09.03	02:04:33.165	0.86918				2
2025.09.03	02:04:35.241	0.86917				2
2025.09.03	02:04:36.457		0.86921			4
2025.09.03	02:04:43.904		0.86920			4
2025.09.03	02:04:44.215	0.86918	0.86921			6
2025.09.03	02:04:48.176	0.86917	0.86920			6
2025.09.03	02:04:49.445	0.86920	0.86921			6
2025.09.03	02:05:00.830	0.86920				2
2025.09.03	02:05:03.460	0.86917	0.86919			6
2025.09.03	02:05:06.776	0.86916				2
2025.09.03	02:05:19.211		0.86918			4
2025.09.03	02:05:28.992	0.86918	0.86920			6
2025.09.03	02:05:29.300		0.86919			4
2025.09.03	02:05:35.088		0.86921			4
2025.09.03	02:05:38.045	0.86917	0.86922			6
2025.09.03	02:05:40.632		0.86920			4
2025.09.03	02:05:41.044	0.86918	0.86922			6
2025.09.03	02:05:41.913	0.86917				2
2025.09.03	02:05:42.217	0.86918				2
2025.09.03	02:05:42.823	0.86919				2
2025.09.03	02:05:43.901	0.86918	0.86920			6
2025.09.03	02:05:44.858	0.86917				2
2025.09.03	02:05:45.161		0.86921			4
2025.09.03	02:05:48.832	0.86918	0.86923			6
2025.09.03	02:06:00.833	0.86919				2
2025.09.03	02:06:04.079	0.86915	0.86918			6
2025.09.03	02:06:04.392		0.86917			4
2025.09.03	02:06:07.084		0.86919			4
2025.09.03	02:06:13.296	0.86914				2
2025.09.03	02:06:13.601		0.86918			4
2025.09.03	02:06:14.735		0.86919			4
2025.09.03	02:06:17.481	0.86915	0.86918			6
2025.09.03	02:06:21.062		0.86917			4
2025.09.03	02:06:36.611	0.86914	0.86918			6
2025.09.03	02:06:37.067		0.86917			4
2025.09.03	02:06:43.212		0.86916			4
2025.09.03	02:07:00.424	0.86916	0.86917			6
2025.09.03	02:07:33.890		0.86918			4
2025.09.03	02:07:35.982	0.86917				2
2025.09.03	02:07:43.255	0.86916	0.86917			6
2025.09.03	02:07:45.366	0.86915				2
2025.09.03	02:07:46.378	0.86916				2
2025.09.03	02:08:01.614	0.86916				2
2025.09.03	02:08:02.339	0.86915	0.86916			6
2025.09.03	02:08:07.659	0.86912	0.86915			6
2025.09.03	02:08:11.390	0.86913	0.86914			6
2025.09.03	02:08:13.495	0.86912				2
2025.09.03	02:08:14.764	0.86911	0.86913			6
2025.09.03	02:08:15.336	0.86912				2
2025.09.03	02:08:23.804		0.86914			4
2025.09.03	02:08:24.692		0.86913			4
2025.09.03	02:08:27.452	0.86910				2
2025.09.03	02:09:00.688	0.86910				2
2025.09.03	02:09:24.944		0.86913			4
2025.09.03	02:09:34.402		0.86915			4
2025.09.03	02:09:37.357		0.86914			4
2025.09.03	02:09:48.927	0.86911				2
2025.09.03	02:10:00.756	0.86911				2
2025.09.03	02:10:09.845	0.86913	0.86916			6
2025.09.03	02:10:10.358	0.86912	0.86915			6
2025.09.03	02:10:14.647	0.86911	0.86914			6
2025.09.03	02:10:16.331		0.86913			4
2025.09.03	02:10:22.213	0.86910	0.86914			6
2025.09.03	02:10:42.038		0.86913			4
2025.09.03	02:11:01.615	0.86910				2
2025.09.03	02:11:26.110		0.86914			4
2025.09.03	02:11:38.523	0.86909	0.86912			6
2025.09.03	02:11:38.899	0.86910	0.86914			6
2025.09.03	02:11:43.773		0.86913			4
2025.09.03	02:11:54.193		0.86915			4
2025.09.03	02:11:58.327		0.86912			4
2025.09.03	02:12:00.447	0.86913	0.86916			6
2025.09.03	02:12:01.394	0.86911	0.86914			6
2025.09.03	02:12:09.939		0.86915			4
2025.09.03	02:12:11.506		0.86914			4
2025.09.03	02:12:28.324	0.86910	0.86913			6
2025.09.03	02:12:33.997	0.86914	0.86918			6
2025.09.03	02:12:50.605	0.86915				2
2025.09.03	02:13:01.612	0.86915				2
2025.09.03	02:13:10.171		0.86919			4
2025.09.03	02:13:19.054		0.86918			4
2025.09.03	02:13:21.055	0.86914	0.86917			6
2025.09.03	02:13:21.376		0.86918			4
2025.09.03	02:13:33.992	0.86915	0.86917			6
2025.09.03	02:13:34.584	0.86914	0.86918			6
2025.09.03	02:13:45.915	0.86915	0.86917			6
2025.09.03	02:14:00.440	0.86912	0.86916			6
2025.09.03	02:14:04.097	0.86913	0.86915			6
2025.09.03	02:14:06.726		0.86916			4
2025.09.03	02:14:16.037	0.86911	0.86914			6
2025.09.03	02:14:18.419		0.86913			4
2025.09.03	02:14:20.638	0.86910				2
2025.09.03	02:14:27.100	0.86911	0.86914			6
2025.09.03	02:14:36.096		0.86915			4
2025.09.03	02:14:41.453		0.86916			4
2025.09.03	02:14:42.189		0.86915			4
2025.09.03	02:14:42.652		0.86916			4
2025.09.03	02:14:46.211	0.86912	0.86915			6
2025.09.03	02:15:00.306	0.86912				2
2025.09.03	02:15:00.678		0.86916			4
2025.09.03	02:15:06.406	0.86913				2
2025.09.03	02:15:16.230		0.86915			4
2025.09.03	02:15:33.527		0.86916			4
2025.09.03	02:15:48.618		0.86915			4
2025.09.03	02:15:51.612	0.86912				2
2025.09.03	02:16:00.721	0.86912	0.86917			6
2025.09.03	02:16:20.168	0.86913				2
2025.09.03	02:16:20.551	0.86912	0.86918			6
2025.09.03	02:16:21.964		0.86917			4
2025.09.03	02:16:22.440	0.86913				2
2025.09.03	02:16:26.069		0.86916			4
2025.09.03	02:17:00.453	0.86915	0.86917			6
2025.09.03	02:17:04.747	0.86914	0.86918			6
2025.09.03	02:17:11.811		0.86917			4
2025.09.03	02:17:53.158	0.86915	0.86918			6
2025.09.03	02:17:53.980	0.86911	0.86915			6
2025.09.03	02:17:59.542	0.86912				2
2025.09.03	02:18:01.581	0.86912				2
2025.09.03	02:18:07.732	0.86914	0.86917			6
2025.09.03	02:18:29.422		0.86918			4
2025.09.03	02:18:37.595	0.86915				2
2025.09.03	02:19:00.453	0.86915				2
2025.09.03	02:19:01.819		0.86919			4
2025.09.03	02:19:02.131	0.86916				2
2025.09.03	02:19:03.014	0.86917	0.86921			6
2025.09.03	02:19:12.129		0.86920			4
2025.09.03	02:19:15.739		0.86921			4
2025.09.03	02:19:33.427	0.86918				2
2025.09.03	02:19:33.743		0.86922			4
2025.09.03	02:19:35.372	0.86917	0.86920			6
2025.09.03	02:19:56.149		0.86921			4
2025.09.03	02:20:01.926	0.86917				2
2025.09.03	02:20:08.330		0.86920			4
2025.09.03	02:20:16.196	0.86918	0.86922			6
2025.09.03	02:20:19.803	0.86917	0.86921			6
2025.09.03	02:20:20.388	0.86918	0.86922			6
2025.09.03	02:20:25.379	0.86917	0.86921			6
2025.09.03	02:20:27.039	0.86916	0.86920			6
2025.09.03	02:21:01.728	0.86916				2
2025.09.03	02:21:10.568	0.86915	0.86919			6
2025.09.03	02:21:16.720	0.86914				2
2025.09.03	02:21:18.982	0.86916	0.86920			6
2025.09.03	02:21:47.786	0.86910	0.86915			6
2025.09.03	02:22:00.450	0.86910				2
2025.09.03	02:22:01.102		0.86914			4
2025.09.03	02:22:14.123	0.86912	0.86915			6
2025.09.03	02:22:18.078	0.86910	0.86914			6
2025.09.03	02:22:36.011		0.86915			4
2025.09.03	02:22:45.261		0.86914			4
2025.09.03	02:23:00.262	0.86910				2
2025.09.03	02:23:05.790		0.86915			4
2025.09.03	02:23:25.213		0.86914			4
2025.09.03	02:23:26.935		0.86915			4
2025.09.03	02:23:32.947	0.86913	0.86916			6
2025.09.03	02:23:48.571	0.86915	0.86919			6
2025.09.03	02:24:00.653	0.86915				2
2025.09.03	02:24:34.282	0.86912	0.86916			6
2025.09.03	02:24:34.603	0.86911	0.86915			6
2025.09.03	02:24:38.754		0.86914			4
2025.09.03	02:24:40.424		0.86915			4
2025.09.03	02:25:00.743	0.86911				2
2025.09.03	02:25:11.469		0.86914			4
2025.09.03	02:25:24.816	0.86910				2
2025.09.03	02:25:32.273	0.86911				2
2025.09.03	02:25:41.221	0.86909				2
2025.09.03	02:25:41.538		0.86913			4
2025.09.03	02:25:51.611	0.86908				2
2025.09.03	02:25:55.446	0.86913	0.86916			6
2025.09.03	02:26:00.683	0.86913				2
2025.09.03	02:26:19.184		0.86917			4
2025.09.03	02:27:00.522	0.86916	0.86919			6
2025.09.03	02:27:02.359	0.86915				2
2025.09.03	02:27:25.656	0.86917				2
2025.09.03	02:27:55.261	0.86916				2
2025.09.03	02:27:55.753	0.86917				2
2025.09.03	02:27:58.507	0.86916				2
2025.09.03	02:28:00.837	0.86916	0.86919			6
2025.09.03	02:28:04.207	0.86913	0.86917			6
2025.09.03	02:28:31.201	0.86914				2
2025.09.03	02:28:35.274	0.86913				2
2025.09.03	02:29:01.848	0.86913				2
2025.09.03	02:29:06.752		0.86917			4
2025.09.03	02:29:49.455	0.86914				2
2025.09.03	02:29:53.035	0.86912	0.86915			6
2025.09.03	02:29:53.340	0.86911	0.86914			6
2025.09.03	02:29:55.985	0.86913	0.86916			6
2025.09.03	02:29:57.540	0.86912	0.86915			6
2025.09.03	02:30:00.489	0.86911	0.86914			6
2025.09.03	02:30:12.817	0.86915	0.86918			6
2025.09.03	02:30:21.864	0.86913	0.86916			6
2025.09.03	02:30:27.626		0.86914			4
2025.09.03	02:30:38.713		0.86915			4
2025.09.03	02:30:39.963		0.86914			4
2025.09.03	02:30:48.247		0.86915			4
2025.09.03	02:30:49.153		0.86914			4
2025.09.03	02:30:49.729		0.86916			4
2025.09.03	02:30:50.073	0.86916	0.86919			6
2025.09.03	02:30:58.525	0.86915	0.86918			6
2025.09.03	02:31:00.040	0.86915				2
2025.09.03	02:31:08.537		0.86919			4
2025.09.03	02:31:12.957	0.86914	0.86917			6
2025.09.03	02:31:16.023	0.86915	0.86918			6
2025.09.03	02:31:18.472		0.86919			4
2025.09.03	02:31:18.964	0.86914	0.86918			6
2025.09.03	02:31:19.279		0.86917			4
2025.09.03	02:31:36.500	0.86917	0.86921			6
2025.09.03	02:31:52.632	0.86915	0.86919			6
2025.09.03	02:32:00.037	0.86915				2
2025.09.03	02:32:00.669		0.86918			4
2025.09.03	02:32:06.630		0.86919			4
2025.09.03	02:32:17.731		0.86918			4
2025.09.03	02:32:22.141	0.86914				2
2025.09.03	02:32:22.801	0.86915				2
2025.09.03	02:33:05.361	0.86915				2
2025.09.03	02:33:19.233		0.86918			4
2025.09.03	02:33:49.211	0.86914	0.86917			6
2025.09.03	02:33:59.846	0.86915	0.86918			6
2025.09.03	02:34:00.222	0.86914	0.86916			6
2025.09.03	02:34:00.559	0.86913	0.86915			6
2025.09.03	02:34:25.987	0.86910	0.86913			6
2025.09.03	02:34:33.810		0.86914			4
2025.09.03	02:34:38.347	0.86911				2
2025.09.03	02:34:46.225		0.86915			4
2025.09.03	02:34:51.649	0.86910	0.86913			6
2025.09.03	02:34:51.960	0.86909				2
2025.09.03	02:35:00.551	0.86909				2
2025.09.03	02:35:03.000	0.86908	0.86912			6
2025.09.03	02:35:07.695	0.86909				2
2025.09.03	02:35:13.211	0.86908				2
2025.09.03	02:35:29.675		0.86911			4
2025.09.03	02:35:30.481	0.86912	0.86915			6
2025.09.03	02:35:30.880	0.86913				2
2025.09.03	02:35:32.889	0.86912				2
2025.09.03	02:35:33.763	0.86913				2
2025.09.03	02:36:00.110	0.86911				2
2025.09.03	02:36:31.788		0.86914			4
2025.09.03	02:36:52.504	0.86910	0.86912			6
2025.09.03	02:36:57.239		0.86913			4
2025.09.03	02:36:57.975	0.86912	0.86914			6
2025.09.03	02:37:00.406	0.86912				2
2025.09.03	02:37:00.757	0.86910	0.86913			6
2025.09.03	02:37:10.318	0.86911				2
2025.09.03	02:37:13.831		0.86914			4
2025.09.03	02:37:25.178	0.86910				2
2025.09.03	02:37:33.078	0.86911	0.86913			6
2025.09.03	02:37:42.352	0.86908	0.86912			6
2025.09.03	02:37:48.662	0.86909				2
2025.09.03	02:38:06.118	0.86909				2
2025.09.03	02:38:06.430		0.86913			4
2025.09.03	02:38:06.744		0.86912			4
2025.09.03	02:38:56.759	0.86911	0.86914			6
2025.09.03	02:39:00.466	0.86909	0.86913			6
2025.09.03	02:39:18.404	0.86910				2
2025.09.03	02:39:20.355	0.86909	0.86912			6
2025.09.03	02:39:24.031	0.86910				2
2025.09.03	02:39:31.305	0.86908	0.86911			6
2025.09.03	02:39:32.481	0.86909				2
2025.09.03	02:39:47.470	0.86911	0.86914			6
2025.09.03	02:39:48.231	0.86912				2
2025.09.03	02:39:48.810	0.86911				2
2025.09.03	02:39:49.144	0.86910				2
2025.09.03	02:39:52.211		0.86913			4
2025.09.03	02:40:01.784	0.86910				2
2025.09.03	02:40:44.611	0.86911				2
2025.09.03	02:40:52.391		0.86913			4
2025.09.03	02:41:03.007	0.86911	0.86914			6
2025.09.03	02:41:32.924	0.86912				2
2025.09.03	02:41:33.803		0.86915			4
2025.09.03	02:41:34.375	0.86913				2
2025.09.03	02:41:56.788		0.86916			4
2025.09.03	02:42:01.613	0.86913				2
2025.09.03	02:42:18.215	0.86912	0.86913			6
2025.09.03	02:42:18.516	0.86913	0.86916			6
2025.09.03	02:42:23.369		0.86915			4
2025.09.03	02:42:24.074	0.86912				2
2025.09.03	02:42:27.650	0.86913				2
2025.09.03	02:42:28.693	0.86912				2
2025.09.03	02:42:29.196	0.86913				2
2025.09.03	02:42:32.161	0.86912				2
2025.09.03	02:42:41.926	0.86914	0.86916			6
2025.09.03	02:43:00.355	0.86914				2
2025.09.03	02:43:23.471	0.86913				2
2025.09.03	02:43:26.311	0.86915				2
2025.09.03	02:43:26.625	0.86913				2
2025.09.03	02:43:51.611		0.86916			4
2025.09.03	02:44:00.354	0.86913				2
2025.09.03	02:44:12.819	0.86914				2
2025.09.03	02:44:13.904	0.86915				2
2025.09.03	02:44:14.801	0.86916	0.86917			6
2025.09.03	02:44:18.324	0.86914	0.86916			6
2025.09.03	02:44:20.599	0.86915	0.86917			6
2025.09.03	02:44:43.396	0.86914	0.86916			6
2025.09.03	02:44:50.551	0.86916	0.86917			6
2025.09.03	02:44:55.888	0.86914	0.86916			6
2025.09.03	02:45:00.471	0.86914				2
2025.09.03	02:45:34.399	0.86913				2
2025.09.03	02:45:38.081	0.86914				2
2025.09.03	02:45:57.381		0.86916			4
2025.09.03	02:46:00.490	0.86914				2
2025.09.03	02:46:46.349		0.86915			4
2025.09.03	02:46:52.815		0.86916			4
2025.09.03	02:46:53.604	0.86912	0.86914			6
2025.09.03	02:47:00.979	0.86912				2
2025.09.03	02:47:10.901	0.86913	0.86915			6
2025.09.03	02:47:16.034	0.86912	0.86914			6
2025.09.03	02:47:16.738	0.86913	0.86915			6
2025.09.03	02:47:23.509	0.86914	0.86916			6
2025.09.03	02:47:24.346		0.86915			4
2025.09.03	02:47:24.673	0.86913				2
2025.09.03	02:47:37.537	0.86914	0.86916			6
2025.09.03	02:48:00.116	0.86914				2
2025.09.03	02:48:37.536	0.86913	0.86915			6
2025.09.03	02:48:40.796	0.86914	0.86916			6
2025.09.03	02:48:51.165	0.86913	0.86915			6
2025.09.03	02:49:00.914	0.86913				2
2025.09.03	02:49:16.540	0.86918	0.86920			6
2025.09.03	02:49:17.293		0.86919			4
2025.09.03	02:49:19.079		0.86920			4
2025.09.03	02:49:37.306	0.86919	0.86921			6
2025.09.03	02:49:45.943	0.86918	0.86920			6
2025.09.03	02:49:47.328		0.86919			4
2025.09.03	02:49:58.031		0.86920			4
2025.09.03	02:49:58.766	0.86919				2
2025.09.03	02:49:59.083	0.86918	0.86919			6
2025.09.03	02:49:59.392	0.86919	0.86921			6
2025.09.03	02:50:00.386	0.86919				2
2025.09.03	02:50:07.711	0.86918	0.86920			6
2025.09.03	02:50:17.626	0.86919	0.86921			6
2025.09.03	02:50:30.938	0.86918	0.86920			6
2025.09.03	02:50:39.972	0.86919				2
2025.09.03	02:50:41.598	0.86918				2
2025.09.03	02:50:43.148	0.86919				2
2025.09.03	02:50:45.439	0.86918				2
2025.09.03	02:51:00.217	0.86918				2
2025.09.03	02:51:06.077	0.86919	0.86921			6
2025.09.03	02:51:06.477	0.86918	0.86920			6
2025.09.03	02:51:06.785	0.86919				2
2025.09.03	02:51:07.148		0.86921			4
2025.09.03	02:51:09.326	0.86920	0.86922			6
2025.09.03	02:51:10.338	0.86919	0.86921			6
2025.09.03	02:51:16.593	0.86921	0.86922			6
2025.09.03	02:51:16.905	0.86920				2
2025.09.03	02:51:20.615	0.86921				2
2025.09.03	02:51:44.429	0.86919	0.86921			6
2025.09.03	02:51:51.711	0.86920	0.86922			6
2025.09.03	02:51:53.471	0.86919	0.86921			6
2025.09.03	02:52:00.322	0.86919				2
2025.09.03	02:52:02.206	0.86920				2
2025.09.03	02:52:02.576	0.86921	0.86922			6
2025.09.03	02:52:12.136	0.86920				2
2025.09.03	02:52:16.670	0.86918	0.86920			6
2025.09.03	02:52:17.949	0.86917	0.86919			6
2025.09.03	02:52:18.348		0.86918			4
2025.09.03	02:52:21.757	0.86918	0.86920			6
2025.09.03	02:52:25.857	0.86917	0.86919			6
2025.09.03	02:52:28.891	0.86916	0.86918			6
2025.09.03	02:52:32.437	0.86917				2
2025.09.03	02:52:50.811		0.86919			4
2025.09.03	02:53:01.732	0.86917				2
2025.09.03	02:53:08.297	0.86918	0.86920			6
2025.09.03	02:53:47.767		0.86919			4
2025.09.03	02:53:53.932		0.86920			4
2025.09.03	02:54:00.707	0.86918				2
2025.09.03	02:54:16.944	0.86920	0.86921			6
2025.09.03	02:54:17.261	0.86921	0.86923			6
2025.09.03	02:54:18.334	0.86920	0.86922			6
2025.09.03	02:54:20.625	0.86921	0.86923			6
2025.09.03	02:54:25.546		0.86922			4
2025.09.03	02:54:26.212	0.86920				2
2025.09.03	02:54:27.163	0.86921	0.86923			6
2025.09.03	02:54:42.253	0.86923	0.86925			6
2025.09.03	02:54:42.558	0.86925	0.86926			6
2025.09.03	02:54:45.411	0.86924	0.86925			6
2025.09.03	02:54:45.913	0.86927	0.86928			6
2025.09.03	02:54:58.666		0.86929			4
2025.09.03	02:54:59.174	0.86928				2
2025.09.03	02:55:00.002	0.86928				2
2025.09.03	02:55:00.359		0.86930			4
2025.09.03	02:55:01.332	0.86927	0.86929			6
2025.09.03	02:55:04.932	0.86925	0.86927			6
2025.09.03	02:55:07.887	0.86926	0.86928			6
2025.09.03	02:55:26.049	0.86925	0.86927			6
2025.09.03	02:55:26.385		0.86926			4
2025.09.03	02:55:35.361	0.86928	0.86930			6
2025.09.03	02:55:38.916	0.86929	0.86931			6
2025.09.03	02:55:39.273	0.86930				2
2025.09.03	02:55:45.664	0.86929				2
2025.09.03	02:55:51.384	0.86930				2
2025.09.03	02:55:58.212	0.86929				2
2025.09.03	02:55:59.691	0.86928	0.86930			6
2025.09.03	02:56:00.196	0.86928				2
2025.09.03	02:56:00.768		0.86929			4
2025.09.03	02:56:02.167		0.86930			4
2025.09.03	02:56:10.497		0.86929			4
2025.09.03	02:56:11.121		0.86930			4
2025.09.03	02:56:34.521	0.86929				2
2025.09.03	02:56:35.476		0.86931			4
2025.09.03	02:56:37.711	0.86928	0.86930			6
2025.09.03	02:56:43.388		0.86929			4
2025.09.03	02:56:44.128		0.86930			4
2025.09.03	02:57:00.471	0.86928				2
2025.09.03	02:57:11.926		0.86929			4
2025.09.03	02:57:15.443		0.86930			4
2025.09.03	02:57:21.913		0.86929			4
2025.09.03	02:57:23.606	0.86927				2
2025.09.03	02:57:24.469	0.86928				2
2025.09.03	02:57:29.455	0.86929	0.86931			6
2025.09.03	02:57:29.791		0.86930			4
2025.09.03	02:57:30.839	0.86928				2
2025.09.03	02:57:31.341	0.86929				2
2025.09.03	02:57:33.113	0.86930	0.86931			6
2025.09.03	02:57:33.418	0.86929				2
2025.09.03	02:57:34.345	0.86931	0.86933			6
2025.09.03	02:57:36.558	0.86930	0.86932			6
2025.09.03	02:57:37.646	0.86931				2
2025.09.03	02:57:38.381	0.86930				2
2025.09.03	02:57:41.611	0.86931				2
2025.09.03	02:57:46.272	0.86932	0.86934			6
2025.09.03	02:57:47.289		0.86933			4
2025.09.03	02:57:48.019		0.86934			4
2025.09.03	02:57:48.538		0.86933			4
2025.09.03	02:57:50.753		0.86934			4
2025.09.03	02:57:53.257	0.86930	0.86932			6
2025.09.03	02:57:53.559		0.86931			4
2025.09.03	02:57:55.968	0.86929	0.86930			6
2025.09.03	02:57:56.278	0.86930	0.86931			6
2025.09.03	02:58:00.812	0.86929				2
2025.09.03	02:58:02.317		0.86930			4
2025.09.03	02:58:08.087		0.86931			4
2025.09.03	02:58:10.356		0.86930			4
2025.09.03	02:58:14.297		0.86931			4
2025.09.03	02:58:24.142	0.86930	0.86932			6
2025.09.03	02:58:26.784	0.86929	0.86931			6
2025.09.03	02:58:30.552	0.86930	0.86932			6
2025.09.03	02:58:31.562		0.86931			4
2025.09.03	02:58:34.046	0.86929				2
2025.09.03	02:58:36.536	0.86928	0.86930			6
2025.09.03	02:59:02.213	0.86928				2
2025.09.03	02:59:06.842	0.86929				2
2025.09.03	02:59:22.735	0.86928	0.86929			6
2025.09.03	02:59:23.093	0.86929	0.86930			6
2025.09.03	02:59:28.044	0.86928	0.86929			6
2025.09.03	02:59:31.508	0.86926	0.86928			6
2025.09.03	02:59:32.540	0.86927	0.86929			6
2025.09.03	02:59:32.854		0.86928			4
2025.09.03	02:59:33.160	0.86929	0.86931			6
2025.09.03	02:59:54.989		0.86930			4
2025.09.03	02:59:55.299	0.86928	0.86929			6
2025.09.03	02:59:56.349	0.86927				2
2025.09.03	02:59:57.562	0.86931	0.86932			6
2025.09.03	02:59:57.908	0.86932	0.86933			6
2025.09.03	02:59:58.630	0.86931				2
2025.09.03	03:00:00.306	0.86932				2
2025.09.03	03:00:01.738		0.86934			4
2025.09.03	03:00:02.966	0.86931	0.86933			6
2025.09.03	03:00:03.327	0.86932	0.86934			6
2025.09.03	03:00:03.706	0.86931	0.86933			6
2025.09.03	03:00:07.981	0.86929	0.86931			6
2025.09.03	03:00:08.718	0.86930	0.86932			6
2025.09.03	03:00:16.138		0.86931			4
2025.09.03	03:00:17.533	0.86929	0.86930			6
2025.09.03	03:00:18.088	0.86930	0.86931			6
2025.09.03	03:00:19.664	0.86931	0.86932			6
2025.09.03	03:00:23.428	0.86930	0.86931			6
2025.09.03	03:00:25.356		0.86932			4
2025.09.03	03:00:25.662	0.86928	0.86930			6
2025.09.03	03:00:29.475	0.86929				2
2025.09.03	03:00:31.577		0.86931			4
2025.09.03	03:00:31.917		0.86930			4
2025.09.03	03:00:32.289	0.86928				2
2025.09.03	03:00:33.243	0.86929				2
2025.09.03	03:00:33.628		0.86931			4
2025.09.03	03:00:37.627	0.86928	0.86930			6
2025.09.03	03:00:37.942	0.86927	0.86929			6
2025.09.03	03:00:41.971	0.86928				2
2025.09.03	03:00:45.883	0.86927				2
2025.09.03	03:00:47.532		0.86928			4
2025.09.03	03:00:47.858	0.86929	0.86931			6
2025.09.03	03:00:48.585		0.86930			4
2025.09.03	03:00:50.291		0.86931			4
2025.09.03	03:00:54.348	0.86930				2
2025.09.03	03:00:54.841	0.86929				2
2025.09.03	03:00:59.811	0.86932	0.86933			6
2025.09.03	03:01:00.346	0.86932				2
2025.09.03	03:01:02.306	0.86931	0.86932			6
2025.09.03	03:01:02.618	0.86930	0.86931			6
2025.09.03	03:01:02.989	0.86931	0.86932			6
2025.09.03	03:01:03.457	0.86930				2
2025.09.03	03:01:04.458		0.86931			4
2025.09.03	03:01:05.118	0.86932	0.86934			6
2025.09.03	03:01:05.752	0.86933				2
2025.09.03	03:01:07.155	0.86930	0.86932			6
2025.09.03	03:01:07.458	0.86929	0.86931			6
2025.09.03	03:01:08.548	0.86930	0.86932			6
2025.09.03	03:01:09.693	0.86929	0.86931			6
2025.09.03	03:01:10.001	0.86930				2
2025.09.03	03:01:10.676	0.86929				2
2025.09.03	03:01:18.362	0.86930				2
2025.09.03	03:01:19.756	0.86929				2
2025.09.03	03:01:21.156	0.86930				2
2025.09.03	03:01:21.874		0.86932			4
2025.09.03	03:01:22.887		0.86931			4
2025.09.03	03:01:28.166	0.86929				2
2025.09.03	03:01:36.341	0.86930	0.86932			6
2025.09.03	03:01:36.652	0.86932	0.86933			6
2025.09.03	03:01:36.957	0.86931				2
2025.09.03	03:01:39.047	0.86930				2
2025.09.03	03:01:39.360	0.86932				2
2025.09.03	03:01:42.232	0.86936	0.86937			6
2025.09.03	03:01:44.927	0.86935	0.86936			6
2025.09.03	03:02:01.532	0.86935				2
2025.09.03	03:02:05.883	0.86936	0.86937			6
2025.09.03	03:02:07.654	0.86937	0.86938			6
2025.09.03	03:02:07.962	0.86939	0.86940			6
2025.09.03	03:02:08.285		0.86941			4
2025.09.03	03:02:11.231	0.86940				2
2025.09.03	03:02:12.758	0.86941	0.86942			6
2025.09.03	03:02:13.273	0.86940	0.86941			6
2025.09.03	03:02:13.752	0.86941	0.86942			6
2025.09.03	03:02:15.783	0.86940	0.86941			6
2025.09.03	03:02:17.478	0.86946	0.86947			6
2025.09.03	03:02:18.117	0.86948	0.86949			6
2025.09.03	03:02:18.751	0.86950	0.86951			6
2025.09.03	03:02:20.558	0.86951	0.86952			6
2025.09.03	03:02:20.883	0.86953	0.86954			6
2025.09.03	03:02:21.201	0.86952	0.86953			6
2025.09.03	03:02:27.192	0.86951	0.86952			6
2025.09.03	03:02:27.978	0.86952	0.86953			6
2025.09.03	03:02:29.037	0.86951	0.86952			6
2025.09.03	03:02:30.389	0.86952	0.86953			6
2025.09.03	03:02:48.759	0.86951	0.86952			6
2025.09.03	03:02:58.042	0.86952	0.86953			6
2025.09.03	03:03:02.303	0.86952				2
2025.09.03	03:03:06.403	0.86951	0.86952			6
2025.09.03	03:03:06.721	0.86952	0.86953			6
2025.09.03	03:03:08.038	0.86954	0.86955			6
2025.09.03	03:03:08.339	0.86957	0.86958			6
2025.09.03	03:03:08.641	0.86958	0.86959			6
2025.09.03	03:03:16.210	0.86956	0.86957			6
2025.09.03	03:03:16.519	0.86955	0.86956			6
2025.09.03	03:03:17.353	0.86954	0.86955			6
2025.09.03	03:03:17.662	0.86955	0.86956			6
2025.09.03	03:03:20.525	0.86954	0.86955			6
2025.09.03	03:03:21.444	0.86955	0.86956			6
2025.09.03	03:03:27.513	0.86954	0.86955			6
2025.09.03	03:03:28.106	0.86951	0.86953			6
2025.09.03	03:03:28.447	0.86952				2
2025.09.03	03:03:28.768	0.86951				2
2025.09.03	03:03:31.528	0.86952				2
2025.09.03	03:03:33.555		0.86954			4
2025.09.03	03:03:33.860		0.86953			4
2025.09.03	03:03:36.475		0.86954			4
2025.09.03	03:03:37.492		0.86953			4
2025.09.03	03:03:47.416	0.86951				2
2025.09.03	03:03:53.046	0.86952				2
2025.09.03	03:04:00.833	0.86952				2
2025.09.03	03:04:04.211		0.86954			4
2025.09.03	03:04:05.739		0.86953			4
2025.09.03	03:04:08.308	0.86950	0.86952			6
2025.09.03	03:04:09.521		0.86951			4
2025.09.03	03:04:17.140	0.86948	0.86950			6
2025.09.03	03:04:18.352	0.86949				2
2025.09.03	03:04:19.564	0.86950	0.86951			6
2025.09.03	03:04:26.743	0.86948	0.86949			6
2025.09.03	03:04:27.059	0.86949	0.86951			6
2025.09.03	03:04:27.374	0.86948	0.86950			6
2025.09.03	03:04:28.094	0.86951	0.86952			6
2025.09.03	03:04:30.097	0.86950	0.86951			6
2025.09.03	03:04:33.702	0.86952	0.86953			6
2025.09.03	03:04:41.358	0.86951	0.86952			6
2025.09.03	03:04:43.001	0.86952	0.86953			6
2025.09.03	03:04:44.843	0.86948				2
2025.09.03	03:04:45.191	0.86949	0.86954			6
2025.09.03	03:04:48.524	0.86952	0.86953			6
2025.09.03	03:04:49.110	0.86950	0.86951			6
2025.09.03	03:05:00.515	0.86950				2
2025.09.03	03:05:01.120	0.86951	0.86952			6
2025.09.03	03:05:02.401	0.86950	0.86951			6
2025.09.03	03:05:09.942	0.86949				2
2025.09.03	03:05:11.060	0.86950				2
2025.09.03	03:05:14.277	0.86949				2
2025.09.03	03:05:16.108	0.86950				2
2025.09.03	03:05:16.562		0.86952			4
2025.09.03	03:05:17.964	0.86952	0.86953			6
2025.09.03	03:05:18.325	0.86954	0.86956			6
2025.09.03	03:05:19.263		0.86955			4
2025.09.03	03:05:20.921	0.86953				2
2025.09.03	03:05:25.013	0.86954	0.86956			6
2025.09.03	03:05:38.370		0.86955			4
2025.09.03	03:05:39.076		0.86956			4
2025.09.03	03:05:57.619	0.86955				2
2025.09.03	03:05:59.655		0.86957			4
2025.09.03	03:06:00.188	0.86955				2
2025.09.03	03:06:04.873	0.86956	0.86958			6
2025.09.03	03:06:17.366	0.86955	0.86956			6
2025.09.03	03:06:17.906	0.86958	0.86959			6
2025.09.03	03:06:18.220	0.86956	0.86957			6
2025.09.03	03:06:43.804	0.86957	0.86958			6
2025.09.03	03:06:45.616	0.86956	0.86957			6
2025.09.03	03:06:46.318	0.86961	0.86962			6
2025.09.03	03:06:52.541	0.86960				2
2025.09.03	03:06:52.880	0.86961				2
2025.09.03	03:06:53.360	0.86957	0.86958			6
2025.09.03	03:07:01.582	0.86957				2
2025.09.03	03:07:18.507	0.86958	0.86959			6
2025.09.03	03:07:30.492	0.86959	0.86960			6
2025.09.03	03:07:38.324	0.86958	0.86959			6
2025.09.03	03:07:39.709	0.86959	0.86960			6
2025.09.03	03:07:46.723	0.86960	0.86961			6
2025.09.03	03:07:47.039		0.86962			4
2025.09.03	03:07:52.212	0.86961				2
2025.09.03	03:07:52.716	0.86958	0.86960			6
2025.09.03	03:07:53.053		0.86959			4
2025.09.03	03:07:57.041		0.86960			4
2025.09.03	03:07:58.579	0.86957	0.86958			6
2025.09.03	03:08:00.495	0.86956	0.86957			6
2025.09.03	03:08:12.151		0.86958			4
2025.09.03	03:08:19.820	0.86957				2
2025.09.03	03:08:25.022	0.86956	0.86957			6
2025.09.03	03:08:27.831		0.86958			4
2025.09.03	03:08:29.566		0.86957			4
2025.09.03	03:08:30.646	0.86957	0.86958			6
2025.09.03	03:08:30.957	0.86956				2
2025.09.03	03:08:32.173	0.86957				2
2025.09.03	03:08:48.516	0.86956	0.86957			6
2025.09.03	03:08:58.249	0.86955	0.86956			6
2025.09.03	03:08:58.764	0.86954				2
2025.09.03	03:09:00.550	0.86954				2
2025.09.03	03:09:01.997	0.86955				2
2025.09.03	03:09:07.991	0.86954				2
2025.09.03	03:09:10.673	0.86955				2
2025.09.03	03:09:17.588		0.86957			4
2025.09.03	03:09:21.571	0.86960	0.86961			6
2025.09.03	03:09:28.214	0.86959	0.86960			6
2025.09.03	03:09:28.641		0.86961			4
2025.09.03	03:09:37.686	0.86960	0.86962			6
2025.09.03	03:09:42.752		0.86961			4
2025.09.03	03:09:45.395	0.86959	0.86960			6
2025.09.03	03:09:46.345	0.86958				2
2025.09.03	03:09:50.963	0.86959				2
2025.09.03	03:09:54.170	0.86960	0.86961			6
2025.09.03	03:09:58.500	0.86959	0.86960			6
2025.09.03	03:09:58.870	0.86958				2
2025.09.03	03:09:59.461		0.86959			4
2025.09.03	03:10:00.351	0.86959	0.86960			6
2025.09.03	03:10:01.020	0.86958	0.86959			6
2025.09.03	03:10:17.237	0.86959	0.86960			6
2025.09.03	03:10:18.973	0.86958	0.86959			6
2025.09.03	03:10:25.484	0.86959	0.86960			6
2025.09.03	03:10:32.578	0.86960	0.86961			6
2025.09.03	03:10:38.142	0.86959	0.86960			6
2025.09.03	03:10:58.216	0.86958	0.86959			6
2025.09.03	03:10:59.442	0.86959	0.86960			6
2025.09.03	03:11:00.517	0.86958	0.86959			6
2025.09.03	03:11:19.474	0.86956	0.86957			6
2025.09.03	03:11:20.891	0.86955	0.86956			6
2025.09.03	03:11:24.877	0.86954	0.86955			6
2025.09.03	03:11:27.803	0.86953				2
2025.09.03	03:11:31.891	0.86954				2
2025.09.03	03:11:34.487	0.86953				2
2025.09.03	03:11:42.694		0.86954			4
2025.09.03	03:11:43.287	0.86954	0.86955			6
2025.09.03	03:11:52.568	0.86953	0.86954			6
2025.09.03	03:11:55.780	0.86952				2
2025.09.03	03:11:58.493	0.86954	0.86955			6
2025.09.03	03:12:00.087	0.86954				2
2025.09.03	03:12:00.929		0.86956			4
2025.09.03	03:12:05.993	0.86955				2
2025.09.03	03:12:14.234	0.86954				2
2025.09.03	03:12:21.242	0.86955				2
2025.09.03	03:12:33.673	0.86954				2
2025.09.03	03:12:37.807	0.86953	0.86954			6
2025.09.03	03:12:40.256	0.86952	0.86953			6
2025.09.03	03:12:43.289	0.86951	0.86952			6
2025.09.03	03:12:44.546	0.86950	0.86951			6
2025.09.03	03:12:44.864	0.86949	0.86950			6
2025.09.03	03:13:00.272	0.86949				2
2025.09.03	03:13:00.781	0.86947	0.86948			6
2025.09.03	03:13:01.411	0.86946	0.86947			6
2025.09.03	03:13:01.717		0.86948			4
2025.09.03	03:13:02.892	0.86947				2
2025.09.03	03:13:04.052	0.86946	0.86947			6
2025.09.03	03:13:16.894		0.86948			4
2025.09.03	03:13:19.576		0.86947			4
2025.09.03	03:13:23.836		0.86948			4
2025.09.03	03:13:25.003		0.86947			4
2025.09.03	03:13:25.420		0.86948			4
2025.09.03	03:13:34.165		0.86947			4
2025.09.03	03:13:37.210		0.86948			4
2025.09.03	03:13:53.322	0.86945	0.86946			6
2025.09.03	03:13:54.411		0.86947			4
2025.09.03	03:13:58.318	0.86946				2
2025.09.03	03:14:00.369	0.86945				2
2025.09.03	03:14:02.202	0.86946				2
2025.09.03	03:14:03.241		0.86948			4
2025.09.03	03:14:04.014	0.86945	0.86947			6
2025.09.03	03:14:16.488		0.86946			4
2025.09.03	03:14:16.823		0.86947			4
2025.09.03	03:14:21.968	0.86944	0.86945			6
2025.09.03	03:14:22.279	0.86943				2
2025.09.03	03:14:28.090	0.86942	0.86943			6
2025.09.03	03:14:29.259	0.86941	0.86942			6
2025.09.03	03:14:29.941	0.86940	0.86941			6
2025.09.03	03:14:30.259	0.86938	0.86939			6
2025.09.03	03:14:32.371	0.86939	0.86941			6
2025.09.03	03:14:33.136		0.86940			4
2025.09.03	03:14:43.894	0.86938				2
2025.09.03	03:14:45.668	0.86940	0.86941			6
2025.09.03	03:14:46.536	0.86939				2
2025.09.03	03:14:47.064		0.86940			4
2025.09.03	03:14:55.288		0.86941			4
2025.09.03	03:15:01.464	0.86940				2
2025.09.03	03:15:04.021	0.86939				2
2025.09.03	03:15:07.503	0.86940				2
2025.09.03	03:15:18.587		0.86942			4
2025.09.03	03:15:28.608	0.86941				2
2025.09.03	03:15:32.587	0.86939	0.86941			6
2025.09.03	03:15:38.344	0.86940				2
2025.09.03	03:15:41.155		0.86942			4
2025.09.03	03:15:41.488	0.86941	0.86944			6
2025.09.03	03:15:41.798		0.86943			4
2025.09.03	03:15:42.142		0.86944			4
2025.09.03	03:15:42.963	0.86940				2
2025.09.03	03:15:43.311	0.86941				2
2025.09.03	03:15:46.339		0.86945			4
2025.09.03	03:15:46.888	0.86942				2
2025.09.03	03:15:47.244	0.86941				2
2025.09.03	03:15:47.549	0.86942	0.86944			6
2025.09.03	03:15:53.425		0.86943			4
2025.09.03	03:15:58.211		0.86944			4
2025.09.03	03:15:59.815	0.86943	0.86945			6
2025.09.03	03:16:00.381	0.86943				2
2025.09.03	03:16:01.612	0.86945	0.86946			6
2025.09.03	03:16:02.487		0.86947			4
2025.09.03	03:16:04.839	0.86944	0.86946			6
2025.09.03	03:16:05.988	0.86943	0.86945			6
2025.09.03	03:16:07.291	0.86944	0.86946			6
2025.09.03	03:16:07.812	0.86948	0.86951			6
2025.09.03	03:16:08.297		0.86952			4
2025.09.03	03:16:09.098		0.86951			4
2025.09.03	03:16:09.435		0.86950			4
2025.09.03	03:16:09.950		0.86951			4
2025.09.03	03:16:12.693		0.86952			4
2025.09.03	03:16:13.311	0.86949	0.86951			6
2025.09.03	03:16:18.439	0.86948				2
2025.09.03	03:16:19.032	0.86949				2
2025.09.03	03:16:21.657	0.86950	0.86952			6
2025.09.03	03:16:22.391		0.86953			4
2025.09.03	03:16:23.232	0.86949	0.86951			6
2025.09.03	03:16:24.392		0.86950			4
2025.09.03	03:16:29.436		0.86951			4
2025.09.03	03:16:29.738	0.86948				2
2025.09.03	03:16:30.347	0.86952	0.86953			6
2025.09.03	03:16:35.887	0.86951				2
2025.09.03	03:16:37.110		0.86952			4
2025.09.03	03:16:47.726	0.86950	0.86951			6
2025.09.03	03:16:48.807	0.86949				2
2025.09.03	03:16:49.127	0.86948	0.86949			6
2025.09.03	03:16:49.439	0.86949	0.86950			6
2025.09.03	03:16:53.486		0.86951			4
2025.09.03	03:16:55.440	0.86950				2
2025.09.03	03:16:57.086	0.86949	0.86950			6
2025.09.03	03:16:57.407	0.86948				2
2025.09.03	03:16:58.432		0.86949			4
2025.09.03	03:16:59.406		0.86950			4
2025.09.03	03:17:00.093	0.86949				2
2025.09.03	03:17:02.088	0.86948				2
2025.09.03	03:17:03.817	0.86949				2
2025.09.03	03:17:04.672	0.86948				2
2025.09.03	03:17:04.997	0.86947	0.86949			6
2025.09.03	03:17:05.441	0.86948	0.86950			6
2025.09.03	03:17:07.944		0.86949			4
2025.09.03	03:17:10.171		0.86950			4
2025.09.03	03:17:11.261		0.86949			4
2025.09.03	03:17:11.743	0.86946	0.86947			6
2025.09.03	03:17:18.451	0.86945				2
2025.09.03	03:17:20.394	0.86947	0.86949			6
2025.09.03	03:17:20.701	0.86949	0.86950			6
2025.09.03	03:17:22.353	0.86948				2
2025.09.03	03:17:26.390	0.86949				2
2025.09.03	03:17:31.611		0.86951			4
2025.09.03	03:17:41.843	0.86948	0.86950			6
2025.09.03	03:17:45.947	0.86949				2
2025.09.03	03:17:46.978		0.86951			4
2025.09.03	03:17:53.874	0.86950				2
2025.09.03	03:17:55.989	0.86949				2
2025.09.03	03:17:57.309	0.86950				2
2025.09.03	03:18:00.497	0.86950				2
2025.09.03	03:18:11.614	0.86949				2
2025.09.03	03:18:14.732	0.86950	0.86952			6
2025.09.03	03:18:25.821		0.86951			4
2025.09.03	03:18:26.349		0.86952			4
2025.09.03	03:18:30.438	0.86951				2
2025.09.03	03:18:30.814		0.86953			4
2025.09.03	03:18:32.846		0.86952			4
2025.09.03	03:18:33.148	0.86950	0.86951			6
2025.09.03	03:18:42.962		0.86952			4
2025.09.03	03:18:44.127	0.86951				2
2025.09.03	03:18:48.443		0.86953			4
2025.09.03	03:18:49.633		0.86952			4
2025.09.03	03:18:57.087		0.86953			4
2025.09.03	03:19:00.027	0.86951				2
2025.09.03	03:19:00.535	0.86950	0.86952			6
2025.09.03	03:19:01.676	0.86951				2
2025.09.03	03:19:04.017	0.86950				2
2025.09.03	03:19:11.839	0.86951				2
2025.09.03	03:19:13.337	0.86950				2
2025.09.03	03:19:15.617	0.86951	0.86953			6
2025.09.03	03:19:19.440		0.86952			4
2025.09.03	03:19:27.043	0.86950	0.86951			6
2025.09.03	03:19:42.437	0.86948	0.86950			6
2025.09.03	03:19:45.787	0.86949				2
2025.09.03	03:19:46.105	0.86951	0.86952			6
2025.09.03	03:19:46.441	0.86948	0.86949			6
2025.09.03	03:19:50.586	0.86952	0.86954			6
2025.09.03	03:19:50.900	0.86955	0.86956			6
2025.09.03	03:19:51.202	0.86954	0.86955			6
2025.09.03	03:19:51.612		0.86956			4
2025.09.03	03:19:52.714	0.86955				2
2025.09.03	03:20:00.356	0.86955				2
2025.09.03	03:20:04.298	0.86954	0.86955			6
2025.09.03	03:20:07.751		0.86956			4
2025.09.03	03:20:08.368		0.86955			4
2025.09.03	03:20:09.575	0.86953				2
2025.09.03	03:20:18.988		0.86954			4
2025.09.03	03:20:19.388	0.86954	0.86955			6
2025.09.03	03:20:20.404	0.86952	0.86954			6
2025.09.03	03:20:21.343		0.86953			4
2025.09.03	03:20:21.672	0.86954	0.86955			6
2025.09.03	03:20:22.107	0.86955	0.86956			6
2025.09.03	03:20:22.856	0.86953	0.86955			6
2025.09.03	03:20:23.158	0.86954				2
2025.09.03	03:20:23.460	0.86953	0.86954			6
2025.09.03	03:20:25.524	0.86954	0.86955			6
2025.09.03	03:20:29.610	0.86957	0.86958			6
2025.09.03	03:20:31.484		0.86959			4
2025.09.03	03:20:35.391		0.86958			4
2025.09.03	03:20:39.009	0.86955	0.86957			6
2025.09.03	03:20:40.425	0.86957	0.86958			6
2025.09.03	03:20:44.559	0.86954	0.86955			6
2025.09.03	03:20:46.012	0.86956	0.86957			6
2025.09.03	03:20:51.681	0.86955	0.86956			6
2025.09.03	03:20:52.300	0.86956	0.86957			6
2025.09.03	03:20:52.737	0.86961	0.86962			6
2025.09.03	03:20:55.167	0.86960	0.86961			6
2025.09.03	03:20:56.585	0.86957	0.86959			6
2025.09.03	03:21:00.316	0.86961	0.86962			6
2025.09.03	03:21:01.670	0.86962	0.86963			6
2025.09.03	03:21:01.978	0.86956	0.86958			6
2025.09.03	03:21:02.301	0.86957	0.86959			6
2025.09.03	03:21:06.686	0.86958				2
2025.09.03	03:21:07.377	0.86957				2
2025.09.03	03:21:10.840	0.86958				2
2025.09.03	03:21:11.671	0.86957				2
2025.09.03	03:21:11.977	0.86958				2
2025.09.03	03:21:13.907	0.86957	0.86958			6
2025.09.03	03:21:17.112	0.86958	0.86959			6
2025.09.03	03:21:17.498	0.86954	0.86955			6
2025.09.03	03:21:17.827	0.86953				2
2025.09.03	03:21:20.412	0.86954				2
2025.09.03	03:21:20.822	0.86953				2
2025.09.03	03:21:21.143	0.86955	0.86956			6
2025.09.03	03:21:21.661	0.86956	0.86957			6
2025.09.03	03:21:21.983	0.86955				2
2025.09.03	03:21:22.286		0.86956			4
2025.09.03	03:21:23.117	0.86954	0.86955			6
2025.09.03	03:21:23.424		0.86956			4
2025.09.03	03:21:27.011	0.86953	0.86955			6
2025.09.03	03:21:30.257	0.86955	0.86956			6
2025.09.03	03:21:35.135	0.86956	0.86957			6
2025.09.03	03:21:36.173	0.86955	0.86956			6
2025.09.03	03:21:39.972	0.86954				2
2025.09.03	03:21:44.407	0.86955				2
2025.09.03	03:21:51.003	0.86954				2
2025.09.03	03:21:52.768	0.86956	0.86957			6
2025.09.03	03:21:53.079	0.86954	0.86956			6
2025.09.03	03:21:55.787	0.86955				2
2025.09.03	03:21:56.790	0.86954				2
2025.09.03	03:22:00.298	0.86954				2
2025.09.03	03:22:06.437	0.86955				2
2025.09.03	03:22:07.060	0.86956	0.86957			6
2025.09.03	03:22:12.161	0.86955				2
2025.09.03	03:22:12.868	0.86956				2
2025.09.03	03:22:19.515	0.86955	0.86956			6
2025.09.03	03:22:24.718	0.86952	0.86954			6
2025.09.03	03:22:28.965	0.86957	0.86958			6
2025.09.03	03:22:29.658	0.86956				2
2025.09.03	03:22:30.064	0.86957	0.86959			6
2025.09.03	03:22:37.201	0.86959	0.86960			6
2025.09.03	03:22:37.526	0.86960	0.86961			6
2025.09.03	03:22:40.796	0.86959	0.86960			6
2025.09.03	03:22:42.191	0.86958				2
2025.09.03	03:22:44.089		0.86959			4
2025.09.03	03:22:46.970	0.86959	0.86960			6
2025.09.03	03:22:49.715	0.86958	0.86959			6
2025.09.03	03:22:50.102	0.86959	0.86960			6
2025.09.03	03:22:51.889	0.86958				2
2025.09.03	03:22:53.272	0.86959				2
2025.09.03	03:23:00.063	0.86959				2
2025.09.03	03:23:00.535	0.86958				2
2025.09.03	03:23:01.236	0.86959				2
2025.09.03	03:23:14.309	0.86958				2
2025.09.03	03:23:18.077	0.86959				2
2025.09.03	03:23:20.013	0.86958				2
2025.09.03	03:23:20.489	0.86959				2
2025.09.03	03:23:20.837	0.86958				2
2025.09.03	03:23:21.642	0.86959				2
2025.09.03	03:23:21.970	0.86958				2
2025.09.03	03:23:46.002	0.86959				2
2025.09.03	03:23:46.363	0.86958				2
2025.09.03	03:23:50.318		0.86960			4
2025.09.03	03:23:50.893	0.86957	0.86959			6
2025.09.03	03:23:52.927	0.86956	0.86958			6
2025.09.03	03:23:53.739	0.86957	0.86959			6
2025.09.03	03:23:54.048	0.86958				2
2025.09.03	03:23:55.922		0.86960			4
2025.09.03	03:23:56.314	0.86959				2
2025.09.03	03:23:56.674	0.86958				2
2025.09.03	03:23:57.038	0.86959				2
2025.09.03	03:23:57.381	0.86958				2
2025.09.03	03:23:59.106	0.86959	0.86961			6
2025.09.03	03:23:59.636		0.86960			4
2025.09.03	03:24:00.317	0.86959				2
2025.09.03	03:24:03.868	0.86957	0.86959			6
2025.09.03	03:24:25.404	0.86960	0.86961			6
2025.09.03	03:24:26.141	0.86959				2
2025.09.03	03:24:27.014		0.86960			4
2025.09.03	03:24:29.733	0.86958	0.86959			6
2025.09.03	03:24:30.042		0.86960			4
2025.09.03	03:24:34.623		0.86959			4
2025.09.03	03:24:35.423	0.86957				2
2025.09.03	03:24:36.836		0.86958			4
2025.09.03	03:24:38.181		0.86959			4
2025.09.03	03:24:38.536	0.86958	0.86960			6
2025.09.03	03:24:39.581	0.86959				2
2025.09.03	03:24:44.960	0.86960	0.86961			6
2025.09.03	03:24:53.019	0.86959				2
2025.09.03	03:24:54.500	0.86960				2
2025.09.03	03:24:57.223	0.86959	0.86960			6
2025.09.03	03:25:02.096	0.86959				2
2025.09.03	03:25:06.309	0.86960	0.86961			6
2025.09.03	03:25:08.850	0.86957	0.86958			6
2025.09.03	03:25:09.158	0.86958	0.86960			6
2025.09.03	03:25:16.738	0.86959				2
2025.09.03	03:25:18.546		0.86961			4
2025.09.03	03:25:21.703		0.86960			4
2025.09.03	03:25:22.053	0.86958				2
2025.09.03	03:25:23.099	0.86959				2
2025.09.03	03:25:23.633	0.86958				2
2025.09.03	03:25:23.937	0.86959				2
2025.09.03	03:25:24.537	0.86958				2
2025.09.03	03:25:43.882	0.86960	0.86961			6
2025.09.03	03:25:44.199	0.86959	0.86960			6
2025.09.03	03:25:54.541		0.86961			4
2025.09.03	03:25:57.725	0.86960				2
2025.09.03	03:26:00.316	0.86960				2
2025.09.03	03:26:08.251	0.86958	0.86960			6
2025.09.03	03:26:08.791	0.86959				2
2025.09.03	03:26:11.944	0.86958				2
2025.09.03	03:26:21.691	0.86959				2
2025.09.03	03:26:22.297		0.86961			4
2025.09.03	03:26:22.599	0.86960				2
2025.09.03	03:26:23.994	0.86959				2
2025.09.03	03:26:24.734	0.86960				2
2025.09.03	03:26:30.392	0.86959	0.86960			6
2025.09.03	03:26:33.019	0.86960	0.86961			6
2025.09.03	03:26:34.604	0.86959				2
2025.09.03	03:26:35.632	0.86958	0.86960			6
2025.09.03	03:26:37.383	0.86959	0.86961			6
2025.09.03	03:26:39.470	0.86958	0.86960			6
