<DATE>	<TIME>	<BID>	<ASK>	<LAST>	<VOLUME>	<FLAGS>
2025.10.27	00:03:31.427	0.87262	0.87356			6
2025.10.27	00:04:04.909	0.87262				2
2025.10.27	00:04:11.924	0.87237	0.87360			6
2025.10.27	00:04:13.215	0.87250	0.87356			6
2025.10.27	00:04:49.392	0.87264				2
2025.10.27	00:05:00.417	0.87264	0.87345			6
2025.10.27	00:05:00.721	0.87274	0.87361			6
2025.10.27	00:05:01.614	0.87264	0.87345			6
2025.10.27	00:05:56.615	0.87262				2
2025.10.27	00:06:00.536	0.87262				2
2025.10.27	00:06:10.434	0.87254	0.87345			6
2025.10.27	00:07:15.160	0.87254	0.87345			6
2025.10.27	00:08:00.159	0.87254	0.87352			6
2025.10.27	00:08:20.730	0.87250				2
2025.10.27	00:08:55.861	0.87267				2
2025.10.27	00:09:10.533	0.87267	0.87352			6
2025.10.27	00:10:00.443	0.87303	0.87364			6
2025.10.27	00:10:00.755	0.87304				2
2025.10.27	00:10:21.032	0.87306				2
2025.10.27	00:10:21.870	0.87304				2
2025.10.27	00:10:24.723	0.87307				2
2025.10.27	00:10:30.534	0.87305				2
2025.10.27	00:10:35.321	0.87306				2
2025.10.27	00:11:01.868	0.87306	0.87364			6
2025.10.27	00:11:03.670	0.87305				2
2025.10.27	00:11:11.784	0.87306				2
2025.10.27	00:11:12.968	0.87307				2
2025.10.27	00:11:20.734	0.87305				2
2025.10.27	00:11:46.971	0.87302	0.87363			6
2025.10.27	00:11:57.370	0.87303				2
2025.10.27	00:12:00.116	0.87303				2
2025.10.27	00:12:00.421	0.87302				2
2025.10.27	00:12:06.403	0.87303				2
2025.10.27	00:12:11.817	0.87302				2
2025.10.27	00:12:25.036	0.87299	0.87365			6
2025.10.27	00:12:32.422	0.87301				2
2025.10.27	00:12:38.345	0.87299				2
2025.10.27	00:12:44.203	0.87298				2
2025.10.27	00:12:49.491	0.87300				2
2025.10.27	00:12:51.572	0.87299				2
2025.10.27	00:12:53.170	0.87298				2
2025.10.27	00:12:56.632	0.87296				2
2025.10.27	00:12:57.367	0.87295				2
2025.10.27	00:12:58.568	0.87294				2
2025.10.27	00:12:59.167	0.87295				2
2025.10.27	00:13:00.369	0.87295				2
2025.10.27	00:13:01.820	0.87297				2
2025.10.27	00:13:11.170	0.87296				2
2025.10.27	00:13:13.870	0.87297				2
2025.10.27	00:13:18.399	0.87296				2
2025.10.27	00:13:20.748	0.87297				2
2025.10.27	00:13:25.110		0.87365			4
2025.10.27	00:13:32.468	0.87298				2
2025.10.27	00:13:40.813	0.87297				2
2025.10.27	00:13:41.189	0.87298				2
2025.10.27	00:13:42.368	0.87296				2
2025.10.27	00:13:51.823	0.87298				2
2025.10.27	00:14:00.419	0.87299				2
2025.10.27	00:14:01.630	0.87298				2
2025.10.27	00:14:09.068	0.87299				2
2025.10.27	00:14:26.169		0.87365			4
2025.10.27	00:14:29.255	0.87298				2
2025.10.27	00:14:30.368	0.87299				2
2025.10.27	00:14:30.748	0.87300				2
2025.10.27	00:14:50.870	0.87299				2
2025.10.27	00:14:51.969	0.87300				2
2025.10.27	00:14:53.471	0.87299				2
2025.10.27	00:14:57.436	0.87300				2
2025.10.27	00:15:01.626	0.87300				2
2025.10.27	00:15:02.361	0.87301				2
2025.10.27	00:15:29.167		0.87365			4
2025.10.27	00:15:31.716	0.87300				2
2025.10.27	00:15:32.095		0.87364			4
2025.10.27	00:15:34.140	0.87301				2
2025.10.27	00:15:47.291	0.87271	0.87345			6
2025.10.27	00:15:56.093	0.87284	0.87363			6
2025.10.27	00:16:02.472	0.87284				2
2025.10.27	00:16:07.649		0.87364			4
2025.10.27	00:16:09.371		0.87363			4
2025.10.27	00:16:16.267		0.87362			4
2025.10.27	00:16:23.470		0.87363			4
2025.10.27	00:16:26.034		0.87362			4
2025.10.27	00:16:40.835		0.87358			4
2025.10.27	00:16:48.071		0.87359			4
2025.10.27	00:16:56.768		0.87358			4
2025.10.27	00:17:07.574	0.87284				2
2025.10.27	00:17:14.625		0.87359			4
2025.10.27	00:17:15.029		0.87358			4
2025.10.27	00:17:21.211		0.87357			4
2025.10.27	00:17:35.447		0.87358			4
2025.10.27	00:17:37.268		0.87359			4
2025.10.27	00:17:39.068		0.87358			4
2025.10.27	00:17:40.535		0.87357			4
2025.10.27	00:18:00.535	0.87284				2
2025.10.27	00:18:03.070		0.87356			4
2025.10.27	00:18:21.498		0.87357			4
2025.10.27	00:18:22.571		0.87358			4
2025.10.27	00:18:28.570		0.87357			4
2025.10.27	00:18:30.536		0.87356			4
2025.10.27	00:18:39.671		0.87355			4
2025.10.27	00:19:00.533	0.87284				2
2025.10.27	00:19:11.155		0.87356			4
2025.10.27	00:19:18.642		0.87354			4
2025.10.27	00:19:20.536		0.87353			4
2025.10.27	00:19:22.828		0.87355			4
2025.10.27	00:19:25.270		0.87356			4
2025.10.27	00:19:33.010		0.87355			4
2025.10.27	00:20:04.570	0.87284	0.87354			6
2025.10.27	00:20:05.995	0.87285				2
2025.10.27	00:20:07.287		0.87353			4
2025.10.27	00:20:13.271		0.87354			4
2025.10.27	00:20:15.071		0.87353			4
2025.10.27	00:20:22.870	0.87286				2
2025.10.27	00:20:23.770	0.87285				2
2025.10.27	00:20:26.438		0.87354			4
2025.10.27	00:20:30.371	0.87286	0.87352			6
2025.10.27	00:20:34.268	0.87287				2
2025.10.27	00:20:40.871		0.87351			4
2025.10.27	00:21:03.067	0.87287				2
2025.10.27	00:21:05.471	0.87288				2
2025.10.27	00:21:11.289	0.87287	0.87352			6
2025.10.27	00:21:12.577		0.87351			4
2025.10.27	00:21:14.144	0.87288				2
2025.10.27	00:21:32.467		0.87350			4
2025.10.27	00:21:34.915	0.87287	0.87351			6
2025.10.27	00:21:40.749	0.87288	0.87350			6
2025.10.27	00:21:57.368	0.87289				2
2025.10.27	00:22:01.345	0.87288	0.87351			6
2025.10.27	00:22:01.835		0.87350			4
2025.10.27	00:22:10.871	0.87289				2
2025.10.27	00:22:21.891	0.87285				2
2025.10.27	00:22:22.214	0.87289				2
2025.10.27	00:22:32.974	0.87288				2
2025.10.27	00:22:33.670		0.87351			4
2025.10.27	00:22:34.193	0.87289	0.87350			6
2025.10.27	00:22:36.668		0.87349			4
2025.10.27	00:22:45.368	0.87290				2
2025.10.27	00:22:54.369	0.87289	0.87350			6
2025.10.27	00:22:55.570	0.87288				2
2025.10.27	00:23:00.536	0.87289	0.87349			6
2025.10.27	00:23:27.968	0.87290				2
2025.10.27	00:23:30.368	0.87288	0.87351			6
2025.10.27	00:23:31.268	0.87287	0.87352			6
2025.10.27	00:23:32.468	0.87286				2
2025.10.27	00:23:33.670		0.87353			4
2025.10.27	00:23:41.447	0.87285				2
2025.10.27	00:23:42.067		0.87354			4
2025.10.27	00:23:46.868		0.87355			4
2025.10.27	00:23:50.535		0.87354			4
2025.10.27	00:24:00.114	0.87285	0.87353			6
2025.10.27	00:24:00.433		0.87360			4
2025.10.27	00:24:01.414		0.87365			4
2025.10.27	00:24:07.066		0.87369			4
2025.10.27	00:24:08.568		0.87370			4
2025.10.27	00:24:30.437		0.87371			4
2025.10.27	00:24:50.768		0.87370			4
2025.10.27	00:24:51.370		0.87369			4
2025.10.27	00:25:01.868	0.87285	0.87370			6
2025.10.27	00:25:06.067		0.87371			4
2025.10.27	00:25:10.535		0.87370			4
2025.10.27	00:25:12.370		0.87369			4
2025.10.27	00:25:12.691	0.87279	0.87358			6
2025.10.27	00:25:15.164	0.87285	0.87369			6
2025.10.27	00:25:27.368		0.87368			4
2025.10.27	00:25:28.307		0.87369			4
2025.10.27	00:25:30.764		0.87370			4
2025.10.27	00:25:32.471		0.87371			4
2025.10.27	00:25:34.137		0.87370			4
2025.10.27	00:25:37.270		0.87369			4
2025.10.27	00:25:54.967		0.87370			4
2025.10.27	00:26:00.536	0.87285	0.87368			6
2025.10.27	00:26:26.620		0.87352			4
2025.10.27	00:26:27.102		0.87371			4
2025.10.27	00:26:27.629		0.87360			4
2025.10.27	00:26:28.102		0.87370			4
2025.10.27	00:26:28.602		0.87363			4
2025.10.27	00:26:29.371		0.87366			4
2025.10.27	00:26:30.421		0.87368			4
2025.10.27	00:26:30.748		0.87367			4
2025.10.27	00:26:51.370		0.87368			4
2025.10.27	00:26:56.257		0.87367			4
2025.10.27	00:27:00.437	0.87285	0.87368			6
2025.10.27	00:27:02.289		0.87364			4
2025.10.27	00:27:02.761		0.87371			4
2025.10.27	00:27:03.964		0.87370			4
2025.10.27	00:27:05.122	0.87289	0.87362			6
2025.10.27	00:27:05.681		0.87376			4
2025.10.27	00:27:06.179	0.87290	0.87358			6
2025.10.27	00:27:06.679	0.87289	0.87360			6
2025.10.27	00:27:10.955	0.87290	0.87358			6
2025.10.27	00:27:11.412	0.87291	0.87357			6
2025.10.27	00:27:23.828	0.87290	0.87358			6
2025.10.27	00:27:24.308	0.87289	0.87362			6
2025.10.27	00:27:25.340	0.87290	0.87359			6
2025.10.27	00:27:25.813	0.87291	0.87357			6
2025.10.27	00:27:26.314	0.87290	0.87358			6
2025.10.27	00:27:26.815	0.87289	0.87363			6
2025.10.27	00:27:27.314	0.87290	0.87358			6
2025.10.27	00:27:27.814	0.87289	0.87359			6
2025.10.27	00:27:30.427		0.87360			4
2025.10.27	00:27:30.910		0.87364			4
2025.10.27	00:27:31.411		0.87359			4
2025.10.27	00:27:31.912		0.87360			4
2025.10.27	00:27:34.310		0.87365			4
2025.10.27	00:27:34.806		0.87359			4
2025.10.27	00:27:35.309		0.87360			4
2025.10.27	00:27:42.644		0.87366			4
2025.10.27	00:27:43.145		0.87359			4
2025.10.27	00:27:43.647		0.87360			4
2025.10.27	00:27:49.270		0.87361			4
2025.10.27	00:27:50.770		0.87360			4
2025.10.27	00:27:57.253		0.87366			4
2025.10.27	00:27:57.753		0.87359			4
2025.10.27	00:27:58.254		0.87360			4
2025.10.27	00:28:00.123	0.87289				2
2025.10.27	00:28:00.907		0.87366			4
2025.10.27	00:28:01.410		0.87359			4
2025.10.27	00:28:01.911		0.87361			4
2025.10.27	00:28:08.372	0.87290	0.87359			6
2025.10.27	00:28:09.071	0.87289	0.87366			6
2025.10.27	00:28:09.570	0.87290	0.87358			6
2025.10.27	00:28:10.065	0.87289	0.87363			6
2025.10.27	00:28:20.168		0.87362			4
2025.10.27	00:28:22.567		0.87363			4
2025.10.27	00:28:26.509		0.87361			4
2025.10.27	00:28:26.987		0.87367			4
2025.10.27	00:28:27.484		0.87360			4
2025.10.27	00:28:27.985	0.87290	0.87358			6
2025.10.27	00:28:30.368	0.87289	0.87361			6
2025.10.27	00:28:48.554	0.87292	0.87357			6
2025.10.27	00:28:49.100	0.87293	0.87355			6
2025.10.27	00:28:49.568	0.87294				2
2025.10.27	00:28:54.556		0.87354			4
2025.10.27	00:28:56.108	0.87295				2
2025.10.27	00:28:56.557	0.87289	0.87359			6
2025.10.27	00:28:57.107		0.87363			4
2025.10.27	00:29:00.069	0.87289				2
2025.10.27	00:29:00.438		0.87362			4
2025.10.27	00:29:12.671		0.87361			4
2025.10.27	00:29:13.869		0.87362			4
2025.10.27	00:29:24.670		0.87361			4
2025.10.27	00:29:25.591		0.87363			4
2025.10.27	00:29:27.068		0.87362			4
2025.10.27	00:29:30.421	0.87295	0.87352			6
2025.10.27	00:29:30.983	0.87294	0.87353			6
2025.10.27	00:29:42.370	0.87295				2
2025.10.27	00:29:43.805	0.87297				2
2025.10.27	00:29:46.741	0.87298	0.87357			6
2025.10.27	00:29:47.109	0.87264	0.87359			6
2025.10.27	00:29:47.411	0.87271	0.87365			6
2025.10.27	00:29:47.718	0.87280	0.87379			6
2025.10.27	00:29:48.196	0.87299				2
2025.10.27	00:29:48.668	0.87257	0.87370			6
2025.10.27	00:29:48.999		0.87369			4
2025.10.27	00:29:59.696	0.87256	0.87367			6
2025.10.27	00:30:00.302	0.87259	0.87358			6
2025.10.27	00:30:00.789	0.87260	0.87357			6
2025.10.27	00:30:02.600		0.87356			4
2025.10.27	00:30:03.068	0.87261				2
2025.10.27	00:30:03.703	0.87258	0.87370			6
2025.10.27	00:30:04.242		0.87364			4
2025.10.27	00:30:05.470		0.87363			4
2025.10.27	00:30:06.368		0.87362			4
2025.10.27	00:30:07.569		0.87361			4
2025.10.27	00:30:10.268		0.87360			4
2025.10.27	00:30:11.768		0.87368			4
2025.10.27	00:30:14.367		0.87367			4
2025.10.27	00:30:16.870		0.87366			4
2025.10.27	00:30:21.368		0.87365			4
2025.10.27	00:30:30.440	0.87259	0.87357			6
2025.10.27	00:30:30.910	0.87263	0.87375			6
2025.10.27	00:30:31.413		0.87357			4
2025.10.27	00:30:31.941		0.87358			4
2025.10.27	00:30:32.584		0.87360			4
2025.10.27	00:30:38.186		0.87357			4
2025.10.27	00:30:43.376	0.87258				2
2025.10.27	00:30:44.136	0.87259	0.87356			6
2025.10.27	00:30:49.473	0.87263				2
2025.10.27	00:31:00.420	0.87263	0.87363			6
2025.10.27	00:31:01.569		0.87362			4
2025.10.27	00:31:04.573		0.87363			4
2025.10.27	00:31:10.268		0.87362			4
2025.10.27	00:31:11.483		0.87376			4
2025.10.27	00:31:11.953		0.87355			4
2025.10.27	00:31:12.448		0.87376			4
2025.10.27	00:31:12.944	0.87262	0.87356			6
2025.10.27	00:31:13.446		0.87365			4
2025.10.27	00:31:13.951		0.87363			4
2025.10.27	00:31:15.129		0.87362			4
2025.10.27	00:31:18.967		0.87361			4
2025.10.27	00:31:20.833	0.87274				2
2025.10.27	00:31:25.312	0.87275				2
2025.10.27	00:31:25.856	0.87274	0.87362			6
2025.10.27	00:31:26.430	0.87286	0.87364			6
2025.10.27	00:31:27.369		0.87363			4
2025.10.27	00:31:28.652	0.87293	0.87357			6
2025.10.27	00:31:31.063	0.87297	0.87354			6
2025.10.27	00:31:32.035	0.87299	0.87351			6
2025.10.27	00:32:00.421	0.87296	0.87355			6
2025.10.27	00:32:02.169		0.87354			4
2025.10.27	00:32:05.326	0.87297	0.87353			6
2025.10.27	00:32:06.371	0.87298				2
2025.10.27	00:32:08.006		0.87352			4
2025.10.27	00:32:09.970	0.87299	0.87351			6
2025.10.27	00:32:10.536	0.87302	0.87353			6
2025.10.27	00:32:11.768	0.87303				2
2025.10.27	00:32:16.599	0.87302				2
2025.10.27	00:32:18.368		0.87352			4
2025.10.27	00:32:20.533		0.87353			4
2025.10.27	00:32:22.223		0.87352			4
2025.10.27	00:32:22.696	0.87298	0.87356			6
2025.10.27	00:32:24.967	0.87299				2
2025.10.27	00:32:30.420	0.87301	0.87353			6
2025.10.27	00:32:32.771	0.87302				2
2025.10.27	00:33:00.434	0.87299	0.87355			6
2025.10.27	00:33:02.171		0.87356			4
2025.10.27	00:33:05.770	0.87301	0.87353			6
2025.10.27	00:33:06.126	0.87302				2
2025.10.27	00:33:30.431	0.87299	0.87355			6
2025.10.27	00:33:31.270		0.87356			4
2025.10.27	00:33:35.665	0.87301	0.87354			6
2025.10.27	00:33:36.068	0.87302	0.87353			6
2025.10.27	00:33:38.169	0.87301				2
2025.10.27	00:33:40.870	0.87302				2
2025.10.27	00:34:00.425	0.87298	0.87357			6
2025.10.27	00:34:05.596	0.87306	0.87376			6
2025.10.27	00:34:06.668	0.87307	0.87375			6
2025.10.27	00:34:25.066		0.87373			4
2025.10.27	00:34:27.669		0.87372			4
2025.10.27	00:34:29.082		0.87374			4
2025.10.27	00:34:30.371	0.87309	0.87372			6
2025.10.27	00:34:44.771		0.87373			4
2025.10.27	00:34:48.070		0.87372			4
2025.10.27	00:35:00.068	0.87309				2
2025.10.27	00:35:03.068		0.87373			4
2025.10.27	00:35:38.032	0.87307	0.87375			6
2025.10.27	00:35:39.668		0.87374			4
2025.10.27	00:36:00.186	0.87307				2
2025.10.27	00:36:03.023		0.87376			4
2025.10.27	00:36:05.016	0.87308	0.87375			6
2025.10.27	00:36:07.870	0.87307				2
2025.10.27	00:36:57.259	0.87308	0.87374			6
2025.10.27	00:37:00.429	0.87309				2
2025.10.27	00:37:32.768		0.87373			4
2025.10.27	00:38:00.071	0.87309				2
2025.10.27	00:38:35.769		0.87373			4
2025.10.27	00:38:57.136	0.87307	0.87375			6
2025.10.27	00:39:00.434	0.87308	0.87374			6
2025.10.27	00:39:30.534	0.87309	0.87373			6
2025.10.27	00:39:38.770	0.87310				2
2025.10.27	00:39:41.767	0.87309				2
2025.10.27	00:39:51.369	0.87310				2
2025.10.27	00:39:54.369	0.87309				2
2025.10.27	00:40:01.784	0.87309				2
2025.10.27	00:40:05.856		0.87374			4
2025.10.27	00:41:00.533	0.87309				2
2025.10.27	00:41:09.368		0.87374			4
2025.10.27	00:41:25.582		0.87373			4
2025.10.27	00:41:36.668	0.87310				2
2025.10.27	00:41:39.682		0.87401			4
2025.10.27	00:41:40.868	0.87309				2
2025.10.27	00:41:45.517	0.87308	0.87402			6
2025.10.27	00:41:53.820	0.87307	0.87399			6
2025.10.27	00:41:58.768	0.87306				2
2025.10.27	00:42:01.268	0.87306				2
2025.10.27	00:42:20.281	0.87307				2
2025.10.27	00:42:23.943	0.87308	0.87398			6
2025.10.27	00:42:24.518	0.87307				2
2025.10.27	00:42:28.006	0.87308				2
2025.10.27	00:42:32.843	0.87307				2
2025.10.27	00:42:49.878	0.87306	0.87399			6
2025.10.27	00:42:50.626	0.87305				2
2025.10.27	00:43:01.567	0.87305				2
2025.10.27	00:43:04.631	0.87306				2
2025.10.27	00:43:05.021		0.87398			4
2025.10.27	00:43:06.370	0.87305				2
2025.10.27	00:43:23.171	0.87303	0.87404			6
2025.10.27	00:43:23.482		0.87407			4
2025.10.27	00:43:23.820	0.87302	0.87406			6
2025.10.27	00:43:24.143	0.87301				2
2025.10.27	00:43:25.357		0.87404			4
2025.10.27	00:43:25.857		0.87406			4
2025.10.27	00:43:34.247	0.87305	0.87405			6
2025.10.27	00:43:41.360	0.87302	0.87396			6
2025.10.27	00:43:41.821	0.87301				2
2025.10.27	00:44:00.437	0.87302				2
2025.10.27	00:44:01.612	0.87301				2
2025.10.27	00:44:08.769	0.87300				2
2025.10.27	00:44:19.615	0.87290	0.87368			6
2025.10.27	00:44:25.283	0.87284	0.87377			6
2025.10.27	00:44:33.422	0.87283				2
2025.10.27	00:44:37.952		0.87369			4
2025.10.27	00:44:52.569	0.87282				2
2025.10.27	00:44:53.822		0.87377			4
2025.10.27	00:44:58.814	0.87270	0.87405			6
2025.10.27	00:44:59.155	0.87276				2
2025.10.27	00:44:59.682	0.87279				2
2025.10.27	00:45:00.394	0.87280				2
2025.10.27	00:45:00.916	0.87277				2
2025.10.27	00:45:02.665	0.87278				2
2025.10.27	00:45:03.117	0.87269	0.87380			6
2025.10.27	00:45:03.435		0.87379			4
2025.10.27	00:45:04.038		0.87378			4
2025.10.27	00:45:04.390		0.87386			4
2025.10.27	00:45:06.297	0.87278	0.87405			6
2025.10.27	00:45:09.191	0.87280				2
2025.10.27	00:45:10.637	0.87292	0.87393			6
2025.10.27	00:45:13.192	0.87290	0.87386			6
2025.10.27	00:45:14.089	0.87291				2
2025.10.27	00:45:20.204	0.87290				2
2025.10.27	00:45:22.309	0.87291				2
2025.10.27	00:45:23.286	0.87290				2
2025.10.27	00:45:24.447	0.87289	0.87393			6
2025.10.27	00:45:25.426	0.87288				2
2025.10.27	00:45:26.974	0.87289				2
2025.10.27	00:45:31.282	0.87290				2
2025.10.27	00:45:34.907	0.87289				2
2025.10.27	00:45:36.207	0.87291	0.87380			6
2025.10.27	00:45:44.169	0.87296				2
2025.10.27	00:45:45.106	0.87294				2
2025.10.27	00:45:49.309	0.87293				2
2025.10.27	00:45:58.586	0.87294				2
2025.10.27	00:46:00.534	0.87294				2
2025.10.27	00:46:12.522	0.87293				2
2025.10.27	00:46:13.096	0.87294				2
2025.10.27	00:46:20.849	0.87293				2
2025.10.27	00:46:21.182	0.87294	0.87348			6
2025.10.27	00:46:21.818		0.87349			4
2025.10.27	00:46:29.247		0.87348			4
2025.10.27	00:46:29.688	0.87293	0.87349			6
2025.10.27	00:46:33.367		0.87350			4
2025.10.27	00:46:34.005	0.87294	0.87348			6
2025.10.27	00:46:41.605	0.87295	0.87347			6
2025.10.27	00:46:43.750	0.87296	0.87346			6
2025.10.27	00:46:47.606	0.87298	0.87344			6
2025.10.27	00:46:53.361	0.87299	0.87343			6
2025.10.27	00:46:57.407		0.87344			4
2025.10.27	00:47:01.340	0.87295	0.87334			6
2025.10.27	00:47:03.167	0.87288	0.87339			6
2025.10.27	00:47:06.415	0.87295	0.87333			6
2025.10.27	00:47:08.323	0.87294	0.87334			6
2025.10.27	00:47:09.670	0.87295				2
2025.10.27	00:47:10.913		0.87333			4
2025.10.27	00:47:16.868		0.87334			4
2025.10.27	00:47:31.871		0.87333			4
2025.10.27	00:47:37.724		0.87334			4
2025.10.27	00:47:38.234	0.87297	0.87332			6
2025.10.27	00:47:44.613	0.87282	0.87314			6
2025.10.27	00:47:45.744	0.87281				2
2025.10.27	00:47:46.065	0.87266	0.87297			6
2025.10.27	00:47:47.804	0.87270	0.87294			6
2025.10.27	00:47:48.245	0.87245	0.87330			6
2025.10.27	00:47:48.558	0.87256	0.87331			6
2025.10.27	00:47:49.839	0.87257	0.87330			6
2025.10.27	00:47:51.609	0.87258				2
2025.10.27	00:47:54.068	0.87259	0.87329			6
2025.10.27	00:47:54.414	0.87258	0.87330			6
2025.10.27	00:47:56.771	0.87252	0.87336			6
2025.10.27	00:47:57.220	0.87255	0.87333			6
2025.10.27	00:47:58.270	0.87256	0.87332			6
2025.10.27	00:47:58.928	0.87258	0.87330			6
2025.10.27	00:47:59.501	0.87257	0.87331			6
2025.10.27	00:48:00.157	0.87261	0.87326			6
2025.10.27	00:48:00.469	0.87252	0.87336			6
2025.10.27	00:48:00.948	0.87250	0.87338			6
2025.10.27	00:48:01.586	0.87253	0.87335			6
2025.10.27	00:48:01.957	0.87251	0.87337			6
2025.10.27	00:48:03.436	0.87253	0.87335			6
2025.10.27	00:48:03.822	0.87247	0.87340			6
2025.10.27	00:48:05.411	0.87241	0.87347			6
2025.10.27	00:48:06.367		0.87346			4
2025.10.27	00:48:07.569	0.87242				2
2025.10.27	00:48:09.070	0.87243	0.87345			6
2025.10.27	00:48:10.537	0.87244	0.87344			6
2025.10.27	00:48:11.468	0.87245	0.87343			6
2025.10.27	00:48:12.070	0.87249	0.87339			6
2025.10.27	00:48:13.114	0.87251	0.87337			6
2025.10.27	00:48:13.605	0.87252	0.87335			6
2025.10.27	00:48:14.769	0.87253				2
2025.10.27	00:48:15.116	0.87255	0.87333			6
2025.10.27	00:48:15.667	0.87256	0.87332			6
2025.10.27	00:48:16.007	0.87258	0.87330			6
2025.10.27	00:48:16.844	0.87263	0.87325			6
2025.10.27	00:48:18.743	0.87256	0.87332			6
2025.10.27	00:48:21.069	0.87257	0.87331			6
2025.10.27	00:48:22.080	0.87258	0.87330			6
2025.10.27	00:48:22.868	0.87293	0.87348			6
2025.10.27	00:48:24.067	0.87295	0.87347			6
2025.10.27	00:48:24.368	0.87300	0.87341			6
2025.10.27	00:48:24.861	0.87304	0.87338			6
2025.10.27	00:48:26.659	0.87302	0.87339			6
2025.10.27	00:48:27.521	0.87265	0.87326			6
2025.10.27	00:48:28.033	0.87271	0.87320			6
2025.10.27	00:48:28.597	0.87267	0.87322			6
2025.10.27	00:48:29.287	0.87270	0.87318			6
2025.10.27	00:48:29.600		0.87320			4
2025.10.27	00:48:30.377		0.87319			4
2025.10.27	00:48:31.868		0.87320			4
2025.10.27	00:48:37.272		0.87319			4
2025.10.27	00:48:40.270		0.87320			4
2025.10.27	00:48:42.670		0.87319			4
2025.10.27	00:48:45.564	0.87263	0.87318			6
2025.10.27	00:48:46.882	0.87269	0.87312			6
2025.10.27	00:48:47.471		0.87313			4
2025.10.27	00:48:49.552		0.87311			4
2025.10.27	00:48:49.857	0.87268	0.87313			6
2025.10.27	00:48:50.601	0.87262	0.87319			6
2025.10.27	00:48:53.170	0.87260	0.87321			6
2025.10.27	00:48:54.370	0.87261	0.87320			6
2025.10.27	00:48:55.602	0.87269	0.87312			6
2025.10.27	00:48:55.936	0.87270	0.87311			6
2025.10.27	00:48:56.243	0.87265	0.87315			6
2025.10.27	00:48:58.795		0.87316			4
2025.10.27	00:49:00.415	0.87263	0.87317			6
2025.10.27	00:49:01.633	0.87264				2
2025.10.27	00:49:03.422	0.87252	0.87329			6
2025.10.27	00:49:03.901	0.87253	0.87328			6
2025.10.27	00:49:04.663	0.87257	0.87324			6
2025.10.27	00:49:05.205	0.87259	0.87322			6
2025.10.27	00:49:05.787	0.87262	0.87318			6
2025.10.27	00:49:06.185	0.87261	0.87320			6
2025.10.27	00:49:07.671	0.87254	0.87326			6
2025.10.27	00:49:08.106	0.87256	0.87325			6
2025.10.27	00:49:08.933	0.87257	0.87323			6
2025.10.27	00:49:10.535	0.87256	0.87325			6
2025.10.27	00:49:11.701	0.87264	0.87317			6
2025.10.27	00:49:12.864		0.87316			4
2025.10.27	00:49:13.270	0.87262	0.87319			6
2025.10.27	00:49:14.188	0.87259	0.87322			6
2025.10.27	00:49:14.610	0.87261	0.87320			6
2025.10.27	00:49:15.430	0.87262	0.87319			6
2025.10.27	00:49:15.872	0.87261	0.87320			6
2025.10.27	00:49:16.222	0.87260	0.87321			6
2025.10.27	00:49:18.977	0.87264	0.87323			6
2025.10.27	00:49:19.309	0.87262	0.87324			6
2025.10.27	00:49:19.970	0.87259	0.87328			6
2025.10.27	00:49:20.435	0.87257	0.87330			6
2025.10.27	00:49:21.038	0.87258	0.87329			6
2025.10.27	00:49:21.917	0.87257				2
2025.10.27	00:49:22.304	0.87259	0.87327			6
2025.10.27	00:49:30.434		0.87328			4
2025.10.27	00:49:31.294	0.87282	0.87331			6
2025.10.27	00:49:31.626		0.87332			4
2025.10.27	00:49:31.983	0.87285	0.87329			6
2025.10.27	00:49:37.571	0.87284				2
2025.10.27	00:49:37.944	0.87267	0.87321			6
2025.10.27	00:49:38.401		0.87322			4
2025.10.27	00:49:41.509		0.87321			4
2025.10.27	00:49:41.844	0.87268	0.87320			6
2025.10.27	00:49:43.373		0.87321			4
2025.10.27	00:49:47.008	0.87266	0.87323			6
2025.10.27	00:49:48.930	0.87267	0.87322			6
2025.10.27	00:49:56.808		0.87321			4
2025.10.27	00:49:58.163		0.87322			4
2025.10.27	00:49:59.209	0.87266				2
2025.10.27	00:50:00.535	0.87266				2
2025.10.27	00:50:02.205	0.87267	0.87321			6
2025.10.27	00:50:07.269	0.87268				2
2025.10.27	00:50:15.344	0.87267				2
2025.10.27	00:50:18.446	0.87268				2
2025.10.27	00:50:19.886	0.87266	0.87322			6
2025.10.27	00:50:23.768	0.87267				2
2025.10.27	00:50:28.608		0.87321			4
2025.10.27	00:50:31.647	0.87268	0.87320			6
2025.10.27	00:50:32.992	0.87267	0.87322			6
2025.10.27	00:50:34.281		0.87321			4
2025.10.27	00:50:48.371	0.87268				2
2025.10.27	00:50:51.456	0.87263	0.87325			6
2025.10.27	00:50:57.661	0.87268	0.87321			6
2025.10.27	00:50:58.042	0.87267	0.87322			6
2025.10.27	00:51:08.368	0.87266	0.87323			6
2025.10.27	00:51:08.717	0.87264	0.87324			6
2025.10.27	00:51:09.234		0.87325			4
2025.10.27	00:51:09.557	0.87263	0.87326			6
2025.10.27	00:51:11.777	0.87267	0.87321			6
2025.10.27	00:51:13.678		0.87322			4
2025.10.27	00:51:25.185		0.87321			4
2025.10.27	00:51:27.990	0.87268				2
2025.10.27	00:51:36.794		0.87320			4
2025.10.27	00:51:39.455	0.87266	0.87322			6
2025.10.27	00:51:41.771	0.87267				2
2025.10.27	00:51:44.193	0.87268	0.87321			6
2025.10.27	00:51:47.669	0.87267	0.87322			6
2025.10.27	00:51:58.171	0.87266				2
2025.10.27	00:52:00.537	0.87266				2
2025.10.27	00:52:05.171	0.87267				2
2025.10.27	00:52:30.569	0.87266	0.87323			6
2025.10.27	00:52:30.894	0.87267	0.87322			6
2025.10.27	00:52:42.850	0.87266	0.87323			6
2025.10.27	00:52:43.168	0.87267	0.87322			6
2025.10.27	00:52:48.736	0.87266				2
2025.10.27	00:52:49.076		0.87320			4
2025.10.27	00:52:49.380	0.87265	0.87324			6
2025.10.27	00:52:52.855	0.87268	0.87320			6
2025.10.27	00:52:53.695	0.87267	0.87321			6
2025.10.27	00:52:55.506	0.87264	0.87325			6
2025.10.27	00:52:56.288	0.87265	0.87323			6
2025.10.27	00:53:03.369	0.87266				2
2025.10.27	00:53:06.808	0.87265	0.87324			6
2025.10.27	00:53:08.637	0.87267	0.87322			6
2025.10.27	00:53:20.162	0.87268	0.87321			6
2025.10.27	00:53:21.968	0.87267	0.87322			6
2025.10.27	00:53:28.648	0.87268	0.87320			6
2025.10.27	00:53:42.498	0.87270	0.87319			6
2025.10.27	00:53:43.904	0.87269	0.87320			6
2025.10.27	00:53:53.171	0.87268				2
2025.10.27	00:53:54.516		0.87321			4
2025.10.27	00:53:54.835	0.87267				2
2025.10.27	00:53:57.815	0.87268	0.87320			6
2025.10.27	00:53:58.270	0.87266	0.87321			6
2025.10.27	00:53:58.600	0.87267	0.87320			6
2025.10.27	00:53:58.972	0.87266	0.87321			6
2025.10.27	00:54:02.770	0.87267				2
2025.10.27	00:54:06.974	0.87263				2
2025.10.27	00:54:08.121	0.87264	0.87320			6
2025.10.27	00:54:09.217	0.87266				2
2025.10.27	00:54:09.666		0.87321			4
2025.10.27	00:54:20.588	0.87267	0.87320			6
2025.10.27	00:54:20.981	0.87266				2
2025.10.27	00:54:25.172		0.87321			4
2025.10.27	00:54:28.007	0.87267	0.87320			6
2025.10.27	00:54:28.405	0.87269	0.87318			6
2025.10.27	00:54:29.322	0.87266	0.87321			6
2025.10.27	00:54:32.350	0.87263	0.87323			6
2025.10.27	00:54:34.608	0.87266	0.87321			6
2025.10.27	00:54:35.731	0.87265				2
2025.10.27	00:54:36.108	0.87266				2
2025.10.27	00:54:37.727	0.87256	0.87320			6
2025.10.27	00:54:38.831	0.87265	0.87323			6
2025.10.27	00:54:42.112	0.87267				2
2025.10.27	00:54:42.454	0.87268	0.87322			6
2025.10.27	00:54:43.188	0.87269	0.87321			6
2025.10.27	00:54:44.805	0.87270	0.87320			6
2025.10.27	00:54:46.046	0.87271	0.87319			6
2025.10.27	00:54:46.943	0.87270	0.87321			6
2025.10.27	00:54:47.599	0.87268	0.87322			6
2025.10.27	00:54:49.088	0.87265	0.87325			6
2025.10.27	00:54:49.769	0.87274	0.87316			6
2025.10.27	00:54:50.786	0.87272	0.87318			6
2025.10.27	00:54:52.598	0.87251	0.87301			6
2025.10.27	00:54:53.177	0.87244	0.87308			6
2025.10.27	00:54:54.607	0.87243				2
2025.10.27	00:54:57.496	0.87256	0.87311			6
2025.10.27	00:54:57.974	0.87280	0.87322			6
2025.10.27	00:54:58.402	0.87281	0.87321			6
2025.10.27	00:54:59.286		0.87323			4
2025.10.27	00:55:00.590	0.87281	0.87324			6
2025.10.27	00:55:01.083	0.87280				2
2025.10.27	00:55:01.457	0.87282	0.87323			6
2025.10.27	00:55:02.387	0.87281	0.87324			6
2025.10.27	00:55:04.258	0.87278				2
2025.10.27	00:55:05.323	0.87277	0.87326			6
2025.10.27	00:55:09.647	0.87287	0.87334			6
2025.10.27	00:55:10.247	0.87284	0.87338			6
2025.10.27	00:55:11.787	0.87283	0.87339			6
2025.10.27	00:55:14.843	0.87287	0.87336			6
2025.10.27	00:55:17.710	0.87288				2
2025.10.27	00:55:18.470	0.87292	0.87344			6
2025.10.27	00:55:18.800	0.87290	0.87346			6
2025.10.27	00:55:22.522	0.87297				2
2025.10.27	00:55:22.835		0.87347			4
2025.10.27	00:55:23.143	0.87298	0.87346			6
2025.10.27	00:55:24.604	0.87299	0.87349			6
2025.10.27	00:55:27.862	0.87293	0.87347			6
2025.10.27	00:55:28.292	0.87295	0.87354			6
2025.10.27	00:55:30.068	0.87296				2
2025.10.27	00:55:30.856	0.87304	0.87356			6
2025.10.27	00:55:31.623		0.87357			4
2025.10.27	00:55:32.959	0.87302				2
2025.10.27	00:55:34.118	0.87303	0.87345			6
2025.10.27	00:55:34.585	0.87302				2
2025.10.27	00:55:35.264	0.87309	0.87349			6
2025.10.27	00:55:35.791	0.87310	0.87348			6
2025.10.27	00:55:37.199	0.87311	0.87350			6
2025.10.27	00:55:37.551	0.87312	0.87349			6
2025.10.27	00:55:38.072	0.87304	0.87357			6
2025.10.27	00:55:39.060	0.87314	0.87362			6
2025.10.27	00:55:39.491		0.87363			4
2025.10.27	00:55:39.810	0.87313				2
2025.10.27	00:55:42.763	0.87312	0.87357			6
2025.10.27	00:55:43.267	0.87314	0.87355			6
2025.10.27	00:55:44.109	0.87316	0.87354			6
2025.10.27	00:55:44.444	0.87315				2
2025.10.27	00:55:44.856	0.87316				2
2025.10.27	00:55:46.640	0.87312	0.87365			6
2025.10.27	00:55:47.072	0.87311				2
2025.10.27	00:55:55.971	0.87312	0.87364			6
2025.10.27	00:56:00.734	0.87316				2
2025.10.27	00:56:05.410	0.87315	0.87365			6
2025.10.27	00:56:17.469	0.87316				2
2025.10.27	00:56:18.451		0.87364			4
2025.10.27	00:56:19.609	0.87308	0.87352			6
2025.10.27	00:56:21.248	0.87307	0.87353			6
2025.10.27	00:56:26.025	0.87305	0.87348			6
2025.10.27	00:56:26.598		0.87347			4
2025.10.27	00:56:27.752	0.87306				2
2025.10.27	00:56:31.869	0.87304	0.87349			6
2025.10.27	00:56:33.370	0.87305	0.87348			6
2025.10.27	00:56:34.871	0.87304	0.87349			6
2025.10.27	00:56:38.526	0.87309	0.87344			6
2025.10.27	00:56:40.490	0.87300				2
2025.10.27	00:56:42.368	0.87301				2
2025.10.27	00:56:44.168		0.87343			4
2025.10.27	00:56:53.767	0.87302	0.87342			6
2025.10.27	00:57:00.536	0.87302				2
2025.10.27	00:57:02.754	0.87303				2
2025.10.27	00:57:03.974	0.87313	0.87352			6
2025.10.27	00:57:04.307	0.87314				2
2025.10.27	00:57:05.119		0.87351			4
2025.10.27	00:57:06.377	0.87313				2
2025.10.27	00:57:09.371	0.87314	0.87350			6
2025.10.27	00:57:31.700	0.87316	0.87348			6
2025.10.27	00:57:56.149	0.87315	0.87350			6
2025.10.27	00:57:56.907	0.87311	0.87354			6
2025.10.27	00:57:57.363	0.87315	0.87351			6
2025.10.27	00:57:58.972	0.87311	0.87354			6
2025.10.27	00:57:59.429	0.87307	0.87358			6
2025.10.27	00:58:02.490	0.87300	0.87332			6
2025.10.27	00:58:04.003	0.87314	0.87350			6
2025.10.27	00:58:04.970	0.87315				2
2025.10.27	00:58:05.435	0.87313	0.87351			6
2025.10.27	00:58:06.148	0.87315	0.87350			6
2025.10.27	00:58:06.962	0.87304	0.87340			6
2025.10.27	00:58:08.781	0.87303				2
2025.10.27	00:58:09.333	0.87304	0.87338			6
2025.10.27	00:58:34.322	0.87313	0.87350			6
2025.10.27	00:58:35.397	0.87314	0.87349			6
2025.10.27	00:58:36.696	0.87311	0.87353			6
2025.10.27	00:58:37.396	0.87313	0.87352			6
2025.10.27	00:58:40.507	0.87310	0.87354			6
2025.10.27	00:58:41.765	0.87315	0.87350			6
2025.10.27	00:58:46.006	0.87307	0.87357			6
2025.10.27	00:58:47.755	0.87308				2
2025.10.27	00:58:48.291	0.87307				2
2025.10.27	00:58:50.856	0.87297	0.87368			6
2025.10.27	00:58:51.589	0.87300	0.87364			6
2025.10.27	00:58:58.868		0.87363			4
2025.10.27	00:59:00.535	0.87300				2
2025.10.27	00:59:02.169	0.87301	0.87362			6
2025.10.27	00:59:07.504	0.87302				2
2025.10.27	00:59:12.993		0.87361			4
2025.10.27	00:59:13.405	0.87301	0.87362			6
2025.10.27	00:59:14.019	0.87300	0.87363			6
2025.10.27	00:59:14.535	0.87299				2
2025.10.27	00:59:16.787	0.87297	0.87364			6
2025.10.27	00:59:18.455	0.87298				2
2025.10.27	00:59:27.537	0.87300	0.87362			6
2025.10.27	00:59:29.352	0.87282	0.87338			6
2025.10.27	00:59:29.662	0.87281	0.87339			6
2025.10.27	00:59:32.597	0.87282	0.87350			6
2025.10.27	00:59:33.696		0.87349			4
2025.10.27	00:59:50.538	0.87283				2
2025.10.27	00:59:51.408	0.87279	0.87350			6
2025.10.27	00:59:52.571	0.87280				2
2025.10.27	00:59:52.883	0.87279				2
2025.10.27	00:59:53.604	0.87280				2
2025.10.27	00:59:57.392	0.87277	0.87326			6
2025.10.27	01:00:00.307	0.87238	0.87301			6
2025.10.27	01:00:00.622		0.87309			4
2025.10.27	01:00:01.000		0.87298			4
2025.10.27	01:00:01.302		0.87299			4
2025.10.27	01:00:01.680	0.87237	0.87297			6
2025.10.27	01:00:01.983	0.87238	0.87305			6
2025.10.27	01:00:02.286		0.87304			4
2025.10.27	01:00:03.287		0.87305			4
2025.10.27	01:00:03.602	0.87234	0.87306			6
2025.10.27	01:00:04.581	0.87235				2
2025.10.27	01:00:04.883	0.87231				2
2025.10.27	01:00:05.535	0.87233	0.87308			6
2025.10.27	01:00:06.488		0.87307			4
2025.10.27	01:00:06.837	0.87238	0.87303			6
2025.10.27	01:00:07.221	0.87239	0.87301			6
2025.10.27	01:00:07.553	0.87240				2
2025.10.27	01:00:08.120	0.87246	0.87294			6
2025.10.27	01:00:08.487	0.87247				2
2025.10.27	01:00:08.907	0.87242	0.87297			6
2025.10.27	01:00:09.341	0.87243	0.87296			6
2025.10.27	01:00:09.781	0.87232				2
2025.10.27	01:00:10.353		0.87305			4
2025.10.27	01:00:10.741	0.87222	0.87304			6
2025.10.27	01:00:11.332	0.87215	0.87297			6
2025.10.27	01:00:11.756	0.87265	0.87320			6
2025.10.27	01:00:13.166		0.87319			4
2025.10.27	01:00:13.800		0.87320			4
2025.10.27	01:00:14.910		0.87321			4
2025.10.27	01:00:15.264		0.87318			4
2025.10.27	01:00:15.599	0.87266	0.87317			6
2025.10.27	01:00:16.282		0.87315			4
2025.10.27	01:00:17.781	0.87267	0.87314			6
2025.10.27	01:00:18.123		0.87313			4
2025.10.27	01:00:18.450	0.87266	0.87315			6
2025.10.27	01:00:18.903	0.87267	0.87313			6
2025.10.27	01:00:19.487	0.87265	0.87318			6
2025.10.27	01:00:19.825	0.87266	0.87315			6
2025.10.27	01:00:20.224		0.87314			4
2025.10.27	01:00:20.538		0.87315			4
2025.10.27	01:00:20.892	0.87267	0.87313			6
2025.10.27	01:00:21.199	0.87265	0.87316			6
2025.10.27	01:00:21.566	0.87266	0.87314			6
2025.10.27	01:00:21.869		0.87315			4
2025.10.27	01:00:22.357		0.87316			4
2025.10.27	01:00:22.735	0.87265	0.87317			6
2025.10.27	01:00:23.753	0.87266	0.87315			6
2025.10.27	01:00:24.089	0.87265	0.87316			6
2025.10.27	01:00:25.283	0.87264	0.87317			6
2025.10.27	01:00:25.598	0.87265				2
2025.10.27	01:00:25.922		0.87315			4
2025.10.27	01:00:27.716	0.87273	0.87302			6
2025.10.27	01:00:28.345		0.87307			4
2025.10.27	01:00:28.802		0.87303			4
2025.10.27	01:00:29.118		0.87304			4
2025.10.27	01:00:29.762		0.87308			4
2025.10.27	01:00:30.080		0.87304			4
2025.10.27	01:00:30.562		0.87305			4
2025.10.27	01:00:31.319	0.87274	0.87310			6
2025.10.27	01:00:31.726		0.87308			4
2025.10.27	01:00:32.036		0.87309			4
2025.10.27	01:00:32.414	0.87273				2
2025.10.27	01:00:33.384		0.87308			4
2025.10.27	01:00:34.538		0.87311			4
2025.10.27	01:00:35.743		0.87309			4
2025.10.27	01:00:36.641		0.87311			4
2025.10.27	01:00:39.276	0.87276	0.87313			6
2025.10.27	01:00:39.704	0.87277	0.87311			6
2025.10.27	01:00:40.534	0.87278	0.87313			6
2025.10.27	01:00:41.770	0.87279				2
2025.10.27	01:00:42.177	0.87281	0.87311			6
2025.10.27	01:00:43.677	0.87284				2
2025.10.27	01:00:46.078		0.87313			4
2025.10.27	01:00:47.028	0.87274	0.87308			6
2025.10.27	01:00:47.803	0.87273	0.87302			6
2025.10.27	01:00:48.115	0.87269	0.87300			6
2025.10.27	01:00:48.419	0.87270				2
2025.10.27	01:00:48.745		0.87299			4
2025.10.27	01:00:49.047		0.87301			4
2025.10.27	01:00:49.860	0.87282	0.87308			6
2025.10.27	01:00:50.242	0.87280	0.87306			6
2025.10.27	01:00:50.550	0.87279	0.87307			6
2025.10.27	01:00:50.902	0.87274	0.87306			6
2025.10.27	01:00:52.003	0.87276				2
2025.10.27	01:00:52.461	0.87274				2
2025.10.27	01:00:52.766	0.87276	0.87309			6
2025.10.27	01:00:53.083	0.87282				2
2025.10.27	01:00:53.388	0.87283				2
2025.10.27	01:00:59.691	0.87282				2
2025.10.27	01:01:00.309	0.87286	0.87308			6
2025.10.27	01:01:00.783	0.87290	0.87312			6
2025.10.27	01:01:01.339	0.87285	0.87306			6
2025.10.27	01:01:02.761	0.87286	0.87305			6
2025.10.27	01:01:03.383	0.87288	0.87306			6
2025.10.27	01:01:04.455	0.87286	0.87305			6
2025.10.27	01:01:05.424	0.87283				2
2025.10.27	01:01:06.306	0.87284				2
2025.10.27	01:01:07.268	0.87283	0.87298			6
2025.10.27	01:01:08.527		0.87297			4
2025.10.27	01:01:13.582		0.87298			4
2025.10.27	01:01:13.910		0.87297			4
2025.10.27	01:01:14.217		0.87298			4
2025.10.27	01:01:19.679	0.87288	0.87301			6
2025.10.27	01:01:25.434	0.87289				2
2025.10.27	01:01:25.810	0.87285	0.87299			6
2025.10.27	01:01:28.895	0.87283	0.87292			6
2025.10.27	01:01:29.200		0.87294			4
2025.10.27	01:01:30.863	0.87282				2
2025.10.27	01:01:34.933	0.87281	0.87292			6
2025.10.27	01:01:35.946		0.87294			4
2025.10.27	01:01:36.271	0.87280	0.87292			6
2025.10.27	01:01:36.579	0.87283	0.87294			6
2025.10.27	01:01:40.714	0.87285				2
2025.10.27	01:01:45.365	0.87286				2
2025.10.27	01:01:48.025	0.87285				2
2025.10.27	01:01:48.368	0.87284				2
2025.10.27	01:01:49.138	0.87285	0.87295			6
2025.10.27	01:01:50.713		0.87297			4
2025.10.27	01:01:52.033	0.87286				2
2025.10.27	01:01:55.320	0.87289				2
2025.10.27	01:02:00.419	0.87289				2
2025.10.27	01:02:01.777	0.87290				2
2025.10.27	01:02:08.282	0.87292				2
2025.10.27	01:02:09.742	0.87293	0.87300			6
2025.10.27	01:02:15.360	0.87288	0.87298			6
2025.10.27	01:02:15.698	0.87289				2
2025.10.27	01:02:21.735		0.87300			4
2025.10.27	01:02:22.357	0.87286	0.87297			6
2025.10.27	01:02:24.867	0.87289	0.87300			6
2025.10.27	01:02:26.469	0.87295				2
2025.10.27	01:02:28.257	0.87292	0.87298			6
2025.10.27	01:02:30.329		0.87300			4
2025.10.27	01:02:33.498	0.87294				2
2025.10.27	01:02:34.869	0.87296	0.87301			6
2025.10.27	01:02:35.180	0.87292	0.87300			6
2025.10.27	01:02:40.454	0.87289	0.87298			6
2025.10.27	01:02:44.361	0.87288	0.87295			6
2025.10.27	01:02:49.800	0.87291	0.87296			6
2025.10.27	01:02:51.904	0.87290				2
2025.10.27	01:02:56.421		0.87298			4
2025.10.27	01:03:00.464	0.87292				2
2025.10.27	01:03:02.694		0.87296			4
2025.10.27	01:03:03.502	0.87289				2
2025.10.27	01:03:04.680		0.87297			4
2025.10.27	01:03:05.906	0.87290				2
2025.10.27	01:03:08.921	0.87289				2
2025.10.27	01:03:09.269	0.87291				2
2025.10.27	01:03:09.595	0.87284				2
2025.10.27	01:03:09.897	0.87283	0.87295			6
2025.10.27	01:03:10.296	0.87282	0.87294			6
2025.10.27	01:03:12.319	0.87285	0.87295			6
2025.10.27	01:03:13.648	0.87284				2
2025.10.27	01:03:13.982	0.87283				2
2025.10.27	01:03:14.572	0.87285	0.87298			6
2025.10.27	01:03:14.879	0.87284				2
2025.10.27	01:03:15.317	0.87285	0.87297			6
2025.10.27	01:03:18.545	0.87284	0.87296			6
2025.10.27	01:03:20.736	0.87285	0.87297			6
2025.10.27	01:03:21.069		0.87298			4
2025.10.27	01:03:23.254	0.87286	0.87297			6
2025.10.27	01:03:25.576	0.87282				2
2025.10.27	01:03:27.626	0.87286	0.87298			6
2025.10.27	01:03:28.570	0.87287				2
2025.10.27	01:03:36.302	0.87285				2
2025.10.27	01:03:36.836	0.87287				2
2025.10.27	01:03:44.628	0.87288				2
2025.10.27	01:03:48.757	0.87290				2
2025.10.27	01:03:49.771	0.87288				2
2025.10.27	01:03:53.815	0.87287				2
2025.10.27	01:03:54.836	0.87290				2
2025.10.27	01:04:00.069	0.87290				2
2025.10.27	01:04:01.890	0.87291				2
2025.10.27	01:04:03.193	0.87287	0.87295			6
2025.10.27	01:04:04.255	0.87288				2
2025.10.27	01:04:05.727	0.87289				2
2025.10.27	01:04:09.917	0.87288				2
2025.10.27	01:04:13.269		0.87296			4
2025.10.27	01:04:15.381	0.87287				2
2025.10.27	01:04:17.448	0.87284				2
2025.10.27	01:04:18.344	0.87277	0.87292			6
2025.10.27	01:04:18.654	0.87283				2
2025.10.27	01:04:22.915	0.87282				2
2025.10.27	01:04:23.236		0.87293			4
2025.10.27	01:04:23.540		0.87292			4
2025.10.27	01:04:23.857	0.87281	0.87293			6
2025.10.27	01:04:24.342	0.87293	0.87300			6
2025.10.27	01:04:28.420	0.87294				2
2025.10.27	01:04:34.325	0.87296				2
2025.10.27	01:04:36.802	0.87294				2
2025.10.27	01:04:37.119		0.87301			4
2025.10.27	01:04:41.383	0.87295				2
2025.10.27	01:04:41.811	0.87294				2
2025.10.27	01:04:51.386	0.87300	0.87302			6
2025.10.27	01:04:59.807	0.87301				2
2025.10.27	01:05:00.401	0.87301				2
2025.10.27	01:05:00.836	0.87300				2
2025.10.27	01:05:03.532	0.87301				2
2025.10.27	01:05:04.778	0.87302	0.87303			6
2025.10.27	01:05:05.215	0.87298	0.87302			6
2025.10.27	01:05:08.168	0.87297				2
2025.10.27	01:05:09.464	0.87298				2
2025.10.27	01:05:12.969	0.87299				2
2025.10.27	01:05:14.731	0.87301	0.87308			6
2025.10.27	01:05:15.532	0.87300				2
2025.10.27	01:05:16.444	0.87301				2
2025.10.27	01:05:17.194	0.87303				2
2025.10.27	01:05:24.347	0.87304	0.87310			6
2025.10.27	01:05:25.653		0.87308			4
2025.10.27	01:05:26.342	0.87303				2
2025.10.27	01:05:37.099	0.87302				2
2025.10.27	01:05:43.301	0.87296	0.87304			6
2025.10.27	01:05:43.622	0.87297	0.87303			6
2025.10.27	01:05:44.137	0.87299	0.87302			6
2025.10.27	01:05:44.439	0.87300				2
2025.10.27	01:05:46.569	0.87299				2
2025.10.27	01:05:46.879	0.87298				2
2025.10.27	01:05:50.232	0.87300				2
2025.10.27	01:05:54.022	0.87298				2
2025.10.27	01:05:58.635	0.87300				2
2025.10.27	01:06:00.152	0.87298				2
2025.10.27	01:06:00.645		0.87301			4
2025.10.27	01:06:02.433	0.87297	0.87302			6
2025.10.27	01:06:02.739	0.87298				2
2025.10.27	01:06:03.143	0.87299				2
2025.10.27	01:06:03.897	0.87298				2
2025.10.27	01:06:04.646	0.87297				2
2025.10.27	01:06:05.359	0.87298	0.87301			6
2025.10.27	01:06:05.900	0.87305	0.87306			6
2025.10.27	01:06:06.212		0.87307			4
2025.10.27	01:06:06.555	0.87301				2
2025.10.27	01:06:07.111	0.87303				2
2025.10.27	01:06:12.218	0.87304	0.87308			6
2025.10.27	01:06:12.904	0.87299	0.87306			6
2025.10.27	01:06:15.381	0.87300	0.87303			6
2025.10.27	01:06:15.941		0.87305			4
2025.10.27	01:06:24.343	0.87299				2
2025.10.27	01:06:29.093	0.87302	0.87306			6
2025.10.27	01:06:29.641		0.87308			4
2025.10.27	01:06:30.166	0.87301	0.87306			6
2025.10.27	01:06:31.484	0.87299	0.87300			6
2025.10.27	01:06:31.826		0.87301			4
2025.10.27	01:06:33.377	0.87298	0.87303			6
2025.10.27	01:06:33.703	0.87299				2
2025.10.27	01:06:35.062		0.87302			4
2025.10.27	01:06:39.702	0.87298				2
2025.10.27	01:06:40.879	0.87297				2
2025.10.27	01:06:41.187	0.87298	0.87301			6
2025.10.27	01:06:49.367	0.87297				2
2025.10.27	01:06:51.976		0.87303			4
2025.10.27	01:06:52.530		0.87301			4
2025.10.27	01:06:53.103	0.87299				2
2025.10.27	01:06:55.486	0.87295				2
2025.10.27	01:06:57.068	0.87296				2
2025.10.27	01:06:59.865	0.87295				2
2025.10.27	01:07:00.348	0.87295				2
2025.10.27	01:07:00.709	0.87296				2
2025.10.27	01:07:03.719	0.87298				2
2025.10.27	01:07:05.933	0.87300				2
2025.10.27	01:07:15.381	0.87302	0.87303			6
2025.10.27	01:07:15.792	0.87295	0.87300			6
2025.10.27	01:07:18.975		0.87301			4
2025.10.27	01:07:24.195	0.87294	0.87300			6
2025.10.27	01:07:38.238	0.87295				2
2025.10.27	01:07:40.926	0.87304	0.87305			6
2025.10.27	01:07:41.320	0.87301	0.87304			6
2025.10.27	01:07:42.950	0.87303				2
2025.10.27	01:07:47.251		0.87308			4
2025.10.27	01:07:53.843	0.87301	0.87305			6
2025.10.27	01:07:56.745	0.87304				2
2025.10.27	01:07:57.060	0.87301				2
2025.10.27	01:07:59.017		0.87306			4
2025.10.27	01:08:00.308	0.87301				2
2025.10.27	01:08:00.956	0.87300				2
2025.10.27	01:08:03.482	0.87301				2
2025.10.27	01:08:05.116	0.87299				2
2025.10.27	01:08:06.342	0.87303	0.87307			6
2025.10.27	01:08:06.812	0.87304				2
2025.10.27	01:08:07.569	0.87305				2
2025.10.27	01:08:09.368	0.87304				2
2025.10.27	01:08:11.184	0.87305	0.87306			6
2025.10.27	01:08:17.108	0.87302	0.87304			6
2025.10.27	01:08:17.769	0.87303				2
2025.10.27	01:08:18.143		0.87306			4
2025.10.27	01:08:20.343	0.87304				2
2025.10.27	01:08:22.868	0.87303				2
2025.10.27	01:08:25.377	0.87304				2
2025.10.27	01:08:27.609	0.87302				2
2025.10.27	01:08:32.340	0.87303				2
2025.10.27	01:08:34.869	0.87302				2
2025.10.27	01:08:37.202	0.87303				2
2025.10.27	01:08:43.569	0.87302				2
2025.10.27	01:08:44.330	0.87303				2
2025.10.27	01:08:46.083	0.87304				2
2025.10.27	01:08:54.537	0.87303				2
2025.10.27	01:08:59.998	0.87301				2
2025.10.27	01:09:00.355	0.87301				2
2025.10.27	01:09:01.028	0.87300	0.87305			6
2025.10.27	01:09:01.385	0.87298				2
2025.10.27	01:09:01.766	0.87299				2
2025.10.27	01:09:02.725	0.87298	0.87303			6
2025.10.27	01:09:03.746	0.87296	0.87300			6
2025.10.27	01:09:08.227	0.87295				2
2025.10.27	01:09:12.406	0.87299	0.87303			6
2025.10.27	01:09:13.111		0.87301			4
2025.10.27	01:09:14.052	0.87292	0.87298			6
2025.10.27	01:09:14.361	0.87287	0.87297			6
2025.10.27	01:09:15.312		0.87293			4
2025.10.27	01:09:15.614	0.87291				2
2025.10.27	01:09:15.918	0.87292	0.87294			6
2025.10.27	01:09:19.048	0.87282	0.87290			6
2025.10.27	01:09:21.471	0.87283	0.87292			6
2025.10.27	01:09:21.787	0.87287	0.87294			6
2025.10.27	01:09:23.551	0.87288	0.87295			6
2025.10.27	01:09:32.345	0.87293	0.87297			6
2025.10.27	01:09:32.657	0.87290				2
2025.10.27	01:09:33.068	0.87291				2
2025.10.27	01:09:34.568	0.87293				2
2025.10.27	01:09:35.060		0.87299			4
2025.10.27	01:09:35.804	0.87294	0.87300			6
2025.10.27	01:09:36.120	0.87293				2
2025.10.27	01:09:37.704		0.87299			4
2025.10.27	01:09:38.016		0.87298			4
2025.10.27	01:09:40.267		0.87300			4
2025.10.27	01:09:41.036	0.87294				2
2025.10.27	01:09:43.296		0.87299			4
2025.10.27	01:09:43.598	0.87296				2
2025.10.27	01:09:45.005	0.87294				2
2025.10.27	01:09:46.376	0.87297	0.87300			6
2025.10.27	01:09:48.583	0.87295	0.87299			6
2025.10.27	01:09:57.043	0.87296	0.87300			6
2025.10.27	01:09:59.129	0.87295				2
2025.10.27	01:10:00.476	0.87296	0.87299			6
2025.10.27	01:10:01.606	0.87293				2
2025.10.27	01:10:05.395	0.87292	0.87298			6
2025.10.27	01:10:05.988	0.87290				2
2025.10.27	01:10:07.458	0.87289				2
2025.10.27	01:10:07.772	0.87290				2
2025.10.27	01:10:08.126	0.87292	0.87299			6
2025.10.27	01:10:09.984	0.87291	0.87298			6
2025.10.27	01:10:10.667	0.87293	0.87299			6
2025.10.27	01:10:11.288	0.87294				2
2025.10.27	01:10:14.168	0.87293				2
2025.10.27	01:10:14.493	0.87295				2
2025.10.27	01:10:15.382	0.87294				2
2025.10.27	01:10:15.717	0.87295				2
2025.10.27	01:10:17.468	0.87299	0.87304			6
2025.10.27	01:10:18.916	0.87296	0.87299			6
2025.10.27	01:10:20.432	0.87294				2
2025.10.27	01:10:20.751	0.87293				2
2025.10.27	01:10:21.058	0.87294				2
2025.10.27	01:10:37.822	0.87297	0.87302			6
2025.10.27	01:10:38.256	0.87296	0.87301			6
2025.10.27	01:10:41.769	0.87295				2
2025.10.27	01:10:45.396	0.87293	0.87299			6
2025.10.27	01:10:45.984	0.87294	0.87298			6
2025.10.27	01:10:46.295	0.87293				2
2025.10.27	01:10:46.825	0.87292				2
2025.10.27	01:10:49.364	0.87294	0.87299			6
2025.10.27	01:10:51.107	0.87296				2
2025.10.27	01:10:53.018	0.87299	0.87300			6
2025.10.27	01:10:54.451	0.87297	0.87299			6
2025.10.27	01:10:54.784	0.87298				2
2025.10.27	01:10:57.287	0.87296				2
2025.10.27	01:10:58.949	0.87297				2
2025.10.27	01:11:00.180	0.87297				2
2025.10.27	01:11:01.169	0.87296				2
2025.10.27	01:11:04.879	0.87297				2
2025.10.27	01:11:09.325	0.87296				2
2025.10.27	01:11:10.269	0.87297				2
2025.10.27	01:11:11.274	0.87295				2
2025.10.27	01:11:11.676	0.87296				2
2025.10.27	01:11:12.051	0.87295				2
2025.10.27	01:11:12.637	0.87296				2
2025.10.27	01:11:12.966	0.87297				2
2025.10.27	01:11:14.237	0.87296				2
2025.10.27	01:11:15.379		0.87300			4
2025.10.27	01:11:20.492	0.87297				2
2025.10.27	01:11:21.348	0.87298				2
2025.10.27	01:11:23.304	0.87299				2
2025.10.27	01:11:25.523	0.87297	0.87299			6
2025.10.27	01:11:30.388	0.87300	0.87301			6
2025.10.27	01:11:34.341	0.87301	0.87302			6
2025.10.27	01:11:35.252	0.87298	0.87299			6
2025.10.27	01:11:36.833		0.87300			4
2025.10.27	01:11:38.746	0.87299				2
2025.10.27	01:11:39.260	0.87301	0.87302			6
2025.10.27	01:11:40.029	0.87300				2
2025.10.27	01:11:41.428	0.87303	0.87308			6
2025.10.27	01:11:41.800		0.87307			4
2025.10.27	01:11:42.345		0.87306			4
2025.10.27	01:11:43.503	0.87302				2
2025.10.27	01:11:44.770	0.87303				2
2025.10.27	01:11:47.273	0.87304				2
2025.10.27	01:11:48.655	0.87305	0.87309			6
2025.10.27	01:11:49.896	0.87304	0.87306			6
2025.10.27	01:11:54.910		0.87305			4
2025.10.27	01:11:55.471	0.87303	0.87306			6
2025.10.27	01:12:00.435	0.87300	0.87305			6
2025.10.27	01:12:00.742	0.87301				2
2025.10.27	01:12:01.638	0.87300	0.87306			6
2025.10.27	01:12:02.102		0.87305			4
2025.10.27	01:12:02.878		0.87306			4
2025.10.27	01:12:03.232	0.87301				2
2025.10.27	01:12:04.703		0.87305			4
2025.10.27	01:12:05.171	0.87300				2
2025.10.27	01:12:06.061	0.87304				2
2025.10.27	01:12:07.306	0.87303				2
2025.10.27	01:12:13.239	0.87302				2
2025.10.27	01:12:14.793	0.87303				2
2025.10.27	01:12:15.442	0.87302				2
2025.10.27	01:12:17.150	0.87301				2
2025.10.27	01:12:23.173	0.87302				2
2025.10.27	01:12:24.101	0.87301				2
2025.10.27	01:12:25.084	0.87303				2
2025.10.27	01:12:27.259	0.87304	0.87306			6
2025.10.27	01:12:28.986	0.87303				2
2025.10.27	01:12:30.416	0.87304				2
2025.10.27	01:12:35.782	0.87306	0.87307			6
2025.10.27	01:12:37.119	0.87305	0.87306			6
2025.10.27	01:12:50.708	0.87304				2
2025.10.27	01:13:00.240	0.87304				2
2025.10.27	01:13:00.773	0.87302				2
2025.10.27	01:13:05.223	0.87304				2
2025.10.27	01:13:05.874	0.87303				2
2025.10.27	01:13:11.666		0.87305			4
2025.10.27	01:13:15.197	0.87302				2
2025.10.27	01:13:15.522	0.87304				2
2025.10.27	01:13:16.395	0.87302				2
2025.10.27	01:13:20.996	0.87300				2
2025.10.27	01:13:21.549	0.87302	0.87303			6
2025.10.27	01:13:22.469	0.87299				2
2025.10.27	01:13:22.882		0.87305			4
2025.10.27	01:13:25.405	0.87301				2
2025.10.27	01:13:25.726	0.87302				2
2025.10.27	01:13:30.222	0.87301				2
2025.10.27	01:13:30.677	0.87300	0.87302			6
2025.10.27	01:13:32.628	0.87299				2
2025.10.27	01:13:33.132	0.87300				2
2025.10.27	01:13:34.571		0.87303			4
2025.10.27	01:13:34.971		0.87302			4
2025.10.27	01:13:35.345		0.87303			4
2025.10.27	01:13:39.820		0.87302			4
2025.10.27	01:13:44.171	0.87301				2
2025.10.27	01:13:46.569	0.87300				2
2025.10.27	01:13:50.387	0.87297	0.87301			6
2025.10.27	01:13:51.185	0.87296				2
2025.10.27	01:13:51.492	0.87297	0.87302			6
2025.10.27	01:13:52.402	0.87298				2
2025.10.27	01:13:52.712	0.87302	0.87303			6
2025.10.27	01:13:59.859	0.87300	0.87302			6
2025.10.27	01:14:00.173	0.87299				2
2025.10.27	01:14:02.345	0.87300				2
2025.10.27	01:14:05.387	0.87299				2
2025.10.27	01:14:06.929	0.87300				2
2025.10.27	01:14:07.675		0.87301			4
2025.10.27	01:14:08.267	0.87299				2
2025.10.27	01:14:10.499	0.87298				2
2025.10.27	01:14:15.371	0.87300	0.87302			6
2025.10.27	01:14:17.057	0.87303	0.87304			6
2025.10.27	01:14:21.726	0.87300	0.87302			6
2025.10.27	01:14:23.769	0.87299				2
2025.10.27	01:14:24.123	0.87298				2
2025.10.27	01:14:39.797	0.87299				2
2025.10.27	01:14:41.250	0.87300				2
2025.10.27	01:14:42.315	0.87299				2
2025.10.27	01:14:44.072	0.87300				2
2025.10.27	01:14:50.207	0.87299				2
2025.10.27	01:14:51.133	0.87298				2
2025.10.27	01:14:53.876	0.87299	0.87303			6
2025.10.27	01:14:54.179	0.87300				2
2025.10.27	01:14:55.971	0.87302				2
2025.10.27	01:14:57.345	0.87301	0.87302			6
2025.10.27	01:14:58.472	0.87302	0.87303			6
2025.10.27	01:15:00.296	0.87301	0.87302			6
2025.10.27	01:15:00.831	0.87302	0.87303			6
2025.10.27	01:15:04.568	0.87305	0.87308			6
2025.10.27	01:15:04.888	0.87303	0.87307			6
2025.10.27	01:15:11.840	0.87301				2
2025.10.27	01:15:14.470	0.87302				2
2025.10.27	01:15:17.168	0.87301				2
2025.10.27	01:15:24.003	0.87303				2
2025.10.27	01:15:29.964	0.87304				2
2025.10.27	01:15:31.108	0.87305				2
2025.10.27	01:15:31.830	0.87304				2
2025.10.27	01:15:33.174	0.87303				2
2025.10.27	01:15:33.717	0.87305				2
2025.10.27	01:15:34.032	0.87304				2
2025.10.27	01:15:34.484	0.87305				2
2025.10.27	01:15:35.487	0.87304				2
2025.10.27	01:15:35.877	0.87305				2
2025.10.27	01:15:37.417	0.87303				2
2025.10.27	01:15:38.034	0.87302				2
2025.10.27	01:15:39.083	0.87303				2
2025.10.27	01:15:39.733	0.87302				2
2025.10.27	01:15:41.010	0.87303				2
2025.10.27	01:15:46.765	0.87304				2
2025.10.27	01:15:48.866	0.87303				2
2025.10.27	01:15:49.277	0.87304				2
2025.10.27	01:15:50.389		0.87308			4
2025.10.27	01:15:51.026	0.87302	0.87307			6
2025.10.27	01:15:52.975		0.87305			4
2025.10.27	01:15:53.294		0.87307			4
2025.10.27	01:15:53.785		0.87305			4
2025.10.27	01:15:55.070	0.87303				2
2025.10.27	01:15:56.868	0.87302	0.87304			6
2025.10.27	01:15:58.915	0.87301				2
2025.10.27	01:16:00.051	0.87302	0.87305			6
2025.10.27	01:16:00.358	0.87301	0.87307			6
2025.10.27	01:16:00.668	0.87304				2
2025.10.27	01:16:02.663	0.87301				2
2025.10.27	01:16:02.971	0.87304				2
2025.10.27	01:16:03.699	0.87303				2
2025.10.27	01:16:04.502	0.87302				2
2025.10.27	01:16:05.622	0.87304				2
2025.10.27	01:16:06.106	0.87303				2
2025.10.27	01:16:16.190	0.87305				2
2025.10.27	01:16:18.968	0.87306				2
2025.10.27	01:16:21.183	0.87305				2
2025.10.27	01:16:24.373	0.87306	0.87309			6
2025.10.27	01:16:24.681		0.87307			4
2025.10.27	01:16:25.101	0.87305				2
2025.10.27	01:16:29.476	0.87306				2
2025.10.27	01:16:42.398	0.87305				2
2025.10.27	01:16:44.596	0.87303	0.87308			6
2025.10.27	01:16:44.900	0.87306	0.87310			6
2025.10.27	01:16:45.296		0.87308			4
2025.10.27	01:16:45.863		0.87310			4
2025.10.27	01:16:46.353	0.87305	0.87308			6
2025.10.27	01:16:46.867	0.87306	0.87310			6
2025.10.27	01:16:47.169	0.87305	0.87307			6
2025.10.27	01:16:50.322		0.87309			4
2025.10.27	01:16:50.977		0.87307			4
2025.10.27	01:16:51.300		0.87309			4
2025.10.27	01:16:54.085	0.87306				2
2025.10.27	01:16:54.685		0.87307			4
2025.10.27	01:16:55.204	0.87305				2
2025.10.27	01:16:56.311	0.87307	0.87309			6
2025.10.27	01:16:58.332	0.87306				2
2025.10.27	01:17:00.340	0.87304				2
2025.10.27	01:17:02.609	0.87303	0.87306			6
2025.10.27	01:17:02.996		0.87307			4
2025.10.27	01:17:12.828	0.87307	0.87308			6
2025.10.27	01:17:17.177		0.87309			4
2025.10.27	01:17:17.637	0.87308				2
2025.10.27	01:17:20.310	0.87305	0.87307			6
2025.10.27	01:17:22.315	0.87304				2
2025.10.27	01:17:22.779	0.87308	0.87309			6
2025.10.27	01:17:24.024	0.87305	0.87308			6
2025.10.27	01:17:24.909	0.87308	0.87309			6
2025.10.27	01:17:28.686	0.87304				2
2025.10.27	01:17:29.533	0.87306				2
2025.10.27	01:17:29.932	0.87304	0.87307			6
2025.10.27	01:17:30.296	0.87306				2
2025.10.27	01:17:30.655	0.87304	0.87309			6
2025.10.27	01:17:30.973		0.87307			4
2025.10.27	01:17:31.323	0.87307	0.87308			6
2025.10.27	01:17:38.259	0.87306	0.87309			6
2025.10.27	01:17:38.562		0.87307			4
2025.10.27	01:17:40.318		0.87309			4
2025.10.27	01:17:40.674	0.87307				2
2025.10.27	01:17:45.055	0.87304				2
2025.10.27	01:17:45.470	0.87305				2
2025.10.27	01:17:48.477	0.87306				2
2025.10.27	01:17:49.733	0.87308				2
2025.10.27	01:17:50.039	0.87309	0.87310			6
2025.10.27	01:17:50.413	0.87306	0.87309			6
2025.10.27	01:17:52.471	0.87307	0.87308			6
2025.10.27	01:17:59.693	0.87306				2
2025.10.27	01:18:00.324	0.87306				2
2025.10.27	01:18:05.661	0.87311	0.87312			6
2025.10.27	01:18:06.346	0.87312	0.87313			6
2025.10.27	01:18:06.922	0.87311	0.87312			6
2025.10.27	01:18:11.149		0.87313			4
2025.10.27	01:18:11.922		0.87312			4
2025.10.27	01:18:16.171	0.87309				2
2025.10.27	01:18:16.614	0.87310	0.87311			6
2025.10.27	01:18:29.611	0.87306	0.87307			6
2025.10.27	01:18:29.982	0.87307	0.87308			6
2025.10.27	01:18:30.353	0.87306	0.87307			6
2025.10.27	01:18:31.943	0.87305				2
2025.10.27	01:18:34.471	0.87306				2
2025.10.27	01:18:35.633	0.87305				2
2025.10.27	01:18:37.409	0.87304				2
2025.10.27	01:18:40.321	0.87302	0.87304			6
2025.10.27	01:18:41.177	0.87303				2
2025.10.27	01:18:44.012	0.87302				2
2025.10.27	01:18:46.261	0.87303				2
2025.10.27	01:18:46.851	0.87301				2
2025.10.27	01:18:48.750	0.87302				2
2025.10.27	01:18:50.412	0.87300	0.87302			6
2025.10.27	01:18:50.771	0.87299				2
2025.10.27	01:18:51.874	0.87300				2
2025.10.27	01:19:00.097	0.87300				2
2025.10.27	01:19:05.623	0.87299				2
2025.10.27	01:19:06.183	0.87302	0.87303			6
2025.10.27	01:19:06.485	0.87301	0.87302			6
2025.10.27	01:19:11.562	0.87300				2
2025.10.27	01:19:11.878	0.87301				2
2025.10.27	01:19:13.682	0.87294	0.87299			6
2025.10.27	01:19:15.389	0.87295				2
2025.10.27	01:19:16.408	0.87294				2
2025.10.27	01:19:20.855	0.87295				2
2025.10.27	01:19:24.342	0.87294				2
2025.10.27	01:19:24.773	0.87295				2
2025.10.27	01:19:29.160	0.87294				2
2025.10.27	01:19:29.501		0.87297			4
2025.10.27	01:19:32.416	0.87293				2
2025.10.27	01:19:34.869	0.87294				2
2025.10.27	01:19:40.881	0.87296				2
2025.10.27	01:19:44.467	0.87297	0.87298			6
2025.10.27	01:19:45.445	0.87296	0.87297			6
2025.10.27	01:19:48.369	0.87297	0.87298			6
2025.10.27	01:19:53.768	0.87296	0.87297			6
2025.10.27	01:19:54.838	0.87297	0.87298			6
2025.10.27	01:19:57.950	0.87295	0.87297			6
2025.10.27	01:19:59.945	0.87293				2
2025.10.27	01:20:01.532	0.87293				2
2025.10.27	01:20:02.436		0.87298			4
2025.10.27	01:20:07.867	0.87294				2
2025.10.27	01:20:08.179	0.87293	0.87297			6
2025.10.27	01:20:12.050		0.87298			4
2025.10.27	01:20:12.996	0.87292	0.87297			6
2025.10.27	01:20:15.432	0.87293				2
2025.10.27	01:20:16.967		0.87298			4
2025.10.27	01:20:25.269		0.87295			4
2025.10.27	01:20:25.587	0.87294	0.87297			6
2025.10.27	01:20:26.767	0.87293				2
2025.10.27	01:20:30.630	0.87295				2
2025.10.27	01:20:31.164	0.87294				2
2025.10.27	01:20:57.396	0.87293				2
2025.10.27	01:20:57.883	0.87289	0.87294			6
2025.10.27	01:20:58.530	0.87291				2
2025.10.27	01:20:58.838	0.87290				2
2025.10.27	01:21:00.342	0.87289				2
2025.10.27	01:21:00.800	0.87290				2
2025.10.27	01:21:04.625	0.87287				2
2025.10.27	01:21:11.116	0.87289				2
2025.10.27	01:21:12.487	0.87287				2
2025.10.27	01:21:12.816	0.87289				2
2025.10.27	01:21:15.377	0.87290				2
2025.10.27	01:21:15.701	0.87293	0.87295			6
2025.10.27	01:21:16.018	0.87294				2
2025.10.27	01:21:17.308		0.87297			4
2025.10.27	01:21:18.349		0.87295			4
2025.10.27	01:21:18.672		0.87297			4
2025.10.27	01:21:19.272	0.87293	0.87295			6
2025.10.27	01:21:20.079	0.87292				2
2025.10.27	01:21:20.649	0.87293				2
2025.10.27	01:21:28.004	0.87292				2
2025.10.27	01:21:28.373	0.87293				2
2025.10.27	01:21:31.756	0.87292				2
2025.10.27	01:21:36.738	0.87294				2
2025.10.27	01:21:41.301		0.87297			4
2025.10.27	01:21:45.378	0.87293				2
2025.10.27	01:21:45.988	0.87294				2
2025.10.27	01:21:47.104		0.87299			4
2025.10.27	01:21:47.421		0.87297			4
2025.10.27	01:21:48.638	0.87295				2
2025.10.27	01:21:52.699	0.87296	0.87298			6
2025.10.27	01:21:55.940	0.87295	0.87297			6
2025.10.27	01:21:59.651	0.87293	0.87296			6
2025.10.27	01:22:00.445	0.87293				2
2025.10.27	01:22:02.444	0.87294				2
2025.10.27	01:22:07.435	0.87295				2
2025.10.27	01:22:07.932	0.87294				2
2025.10.27	01:22:10.520	0.87296	0.87297			6
2025.10.27	01:22:15.243	0.87298	0.87300			6
2025.10.27	01:22:15.565	0.87297	0.87299			6
2025.10.27	01:22:15.963	0.87296				2
2025.10.27	01:22:18.118	0.87299	0.87302			6
2025.10.27	01:22:18.426	0.87300				2
2025.10.27	01:22:19.784	0.87301				2
2025.10.27	01:22:21.427	0.87298				2
2025.10.27	01:22:22.681	0.87299				2
2025.10.27	01:22:23.755	0.87301				2
2025.10.27	01:22:25.059	0.87300	0.87303			6
2025.10.27	01:22:25.364	0.87301	0.87302			6
2025.10.27	01:22:28.658	0.87300				2
2025.10.27	01:22:30.998	0.87303	0.87304			6
2025.10.27	01:22:34.871	0.87302	0.87303			6
2025.10.27	01:22:37.268	0.87303	0.87304			6
2025.10.27	01:22:42.337	0.87299	0.87302			6
2025.10.27	01:22:43.638		0.87303			4
2025.10.27	01:22:45.996	0.87300				2
2025.10.27	01:22:54.921	0.87301				2
2025.10.27	01:22:56.248	0.87300				2
2025.10.27	01:23:00.434	0.87300				2
2025.10.27	01:23:01.541	0.87299				2
2025.10.27	01:23:02.313	0.87302	0.87304			6
2025.10.27	01:23:02.666	0.87299	0.87305			6
2025.10.27	01:23:02.968	0.87300				2
2025.10.27	01:23:10.822	0.87299	0.87302			6
2025.10.27	01:23:11.253	0.87301				2
2025.10.27	01:23:11.732	0.87302	0.87303			6
2025.10.27	01:23:12.760	0.87301	0.87302			6
2025.10.27	01:23:24.258	0.87297	0.87299			6
2025.10.27	01:23:24.588	0.87298	0.87301			6
2025.10.27	01:23:44.176		0.87302			4
2025.10.27	01:23:50.798	0.87299				2
2025.10.27	01:23:52.764	0.87298				2
2025.10.27	01:23:55.128	0.87297	0.87299			6
2025.10.27	01:23:58.731	0.87296				2
2025.10.27	01:23:59.066	0.87297				2
2025.10.27	01:23:59.865	0.87296				2
2025.10.27	01:24:00.403	0.87298				2
2025.10.27	01:24:00.737	0.87296				2
2025.10.27	01:24:01.691	0.87298				2
2025.10.27	01:24:02.001	0.87299	0.87300			6
2025.10.27	01:24:03.005	0.87298				2
2025.10.27	01:24:04.389	0.87297				2
2025.10.27	01:24:05.958	0.87298				2
2025.10.27	01:24:07.366	0.87309	0.87310			6
2025.10.27	01:24:07.670	0.87310	0.87311			6
2025.10.27	01:24:10.116	0.87307	0.87310			6
2025.10.27	01:24:10.460	0.87310	0.87311			6
2025.10.27	01:24:11.783		0.87314			4
2025.10.27	01:24:12.102	0.87309	0.87310			6
2025.10.27	01:24:13.338	0.87310	0.87311			6
2025.10.27	01:24:15.095	0.87309	0.87310			6
2025.10.27	01:24:16.793	0.87310	0.87311			6
2025.10.27	01:24:18.347	0.87312	0.87315			6
2025.10.27	01:24:19.798	0.87314				2
2025.10.27	01:24:21.416	0.87313	0.87314			6
2025.10.27	01:24:22.933	0.87311	0.87313			6
2025.10.27	01:24:24.397	0.87312				2
2025.10.27	01:24:26.468	0.87311	0.87312			6
2025.10.27	01:24:26.815	0.87310				2
2025.10.27	01:24:27.129	0.87311				2
2025.10.27	01:24:28.085	0.87310	0.87311			6
2025.10.27	01:24:29.102	0.87312	0.87315			6
2025.10.27	01:24:29.890	0.87311	0.87313			6
2025.10.27	01:24:34.514		0.87312			4
2025.10.27	01:24:37.520	0.87310				2
2025.10.27	01:24:39.685	0.87312	0.87314			6
2025.10.27	01:24:53.165		0.87315			4
2025.10.27	01:24:56.589	0.87311				2
2025.10.27	01:24:57.828		0.87314			4
2025.10.27	01:25:00.348	0.87311				2
2025.10.27	01:25:04.619	0.87312	0.87315			6
2025.10.27	01:25:12.025	0.87311				2
2025.10.27	01:25:13.051	0.87312				2
2025.10.27	01:25:15.233	0.87311				2
2025.10.27	01:25:18.089		0.87314			4
2025.10.27	01:25:20.449	0.87310	0.87311			6
2025.10.27	01:25:22.287	0.87311	0.87312			6
2025.10.27	01:25:22.598		0.87314			4
2025.10.27	01:25:32.683	0.87312	0.87315			6
2025.10.27	01:25:32.985	0.87313				2
2025.10.27	01:25:34.723	0.87312				2
2025.10.27	01:25:35.105		0.87313			4
2025.10.27	01:25:36.341		0.87314			4
2025.10.27	01:25:37.417	0.87314	0.87315			6
2025.10.27	01:25:37.721	0.87312	0.87313			6
2025.10.27	01:25:40.117	0.87317	0.87318			6
2025.10.27	01:25:41.218	0.87318	0.87319			6
2025.10.27	01:25:41.810	0.87320	0.87321			6
2025.10.27	01:25:43.496	0.87321	0.87322			6
2025.10.27	01:25:48.108	0.87320	0.87321			6
2025.10.27	01:25:52.905	0.87321	0.87322			6
2025.10.27	01:25:58.055	0.87320	0.87321			6
2025.10.27	01:25:58.379	0.87321	0.87322			6
2025.10.27	01:25:59.091	0.87320	0.87321			6
2025.10.27	01:25:59.423	0.87321	0.87322			6
2025.10.27	01:26:00.126	0.87321				2
2025.10.27	01:26:00.431	0.87320	0.87321			6
2025.10.27	01:26:00.740	0.87322	0.87323			6
2025.10.27	01:26:01.360	0.87320	0.87321			6
2025.10.27	01:26:01.791	0.87321	0.87322			6
2025.10.27	01:26:03.032	0.87322	0.87323			6
2025.10.27	01:26:05.551	0.87321	0.87322			6
2025.10.27	01:26:08.383	0.87320	0.87321			6
2025.10.27	01:26:09.878	0.87317	0.87320			6
2025.10.27	01:26:10.225		0.87318			4
2025.10.27	01:26:10.910	0.87316	0.87317			6
2025.10.27	01:26:17.146	0.87317	0.87323			6
2025.10.27	01:26:17.463	0.87315	0.87319			6
2025.10.27	01:26:17.771	0.87317	0.87318			6
2025.10.27	01:26:18.125	0.87316				2
2025.10.27	01:26:21.781	0.87309	0.87313			6
2025.10.27	01:26:22.100		0.87316			4
2025.10.27	01:26:22.470	0.87310	0.87314			6
2025.10.27	01:26:23.148	0.87309	0.87313			6
2025.10.27	01:26:23.754	0.87307	0.87311			6
2025.10.27	01:26:24.060	0.87310	0.87314			6
2025.10.27	01:26:24.380	0.87311	0.87315			6
2025.10.27	01:26:27.407		0.87314			4
2025.10.27	01:26:27.716	0.87310	0.87315			6
2025.10.27	01:26:28.711		0.87314			4
2025.10.27	01:26:29.201		0.87315			4
2025.10.27	01:26:29.515	0.87311				2
2025.10.27	01:26:30.327	0.87310	0.87314			6
2025.10.27	01:26:30.699		0.87315			4
2025.10.27	01:26:31.087	0.87309	0.87314			6
2025.10.27	01:26:31.451		0.87315			4
2025.10.27	01:26:32.200		0.87314			4
2025.10.27	01:26:33.908	0.87311	0.87315			6
2025.10.27	01:26:34.935	0.87312				2
2025.10.27	01:26:35.456	0.87311				2
2025.10.27	01:26:35.757	0.87310	0.87314			6
2025.10.27	01:26:36.123		0.87315			4
2025.10.27	01:26:38.064	0.87311	0.87314			6
2025.10.27	01:26:38.768	0.87310	0.87315			6
2025.10.27	01:26:40.162	0.87311				2
2025.10.27	01:26:40.789	0.87310	0.87314			6
2025.10.27	01:26:42.273	0.87309				2
2025.10.27	01:26:42.638	0.87311				2
2025.10.27	01:26:43.340	0.87310				2
2025.10.27	01:26:44.182	0.87311	0.87313			6
2025.10.27	01:26:44.528	0.87310				2
2025.10.27	01:26:44.856	0.87311				2
2025.10.27	01:26:45.764	0.87309				2
2025.10.27	01:26:46.170	0.87311				2
2025.10.27	01:26:59.688	0.87309				2
2025.10.27	01:27:00.060	0.87309				2
2025.10.27	01:27:01.107	0.87306	0.87311			6
2025.10.27	01:27:01.804	0.87307				2
2025.10.27	01:27:02.329	0.87306				2
2025.10.27	01:27:04.335	0.87307	0.87312			6
2025.10.27	01:27:05.430	0.87308	0.87311			6
2025.10.27	01:27:07.504	0.87309	0.87315			6
2025.10.27	01:27:07.820	0.87311	0.87316			6
2025.10.27	01:27:13.465		0.87315			4
2025.10.27	01:27:15.377	0.87312	0.87318			6
2025.10.27	01:27:15.709	0.87311	0.87316			6
2025.10.27	01:27:17.712		0.87318			4
2025.10.27	01:27:18.021		0.87316			4
2025.10.27	01:27:18.343	0.87312				2
2025.10.27	01:27:18.657	0.87311				2
2025.10.27	01:27:19.957		0.87315			4
2025.10.27	01:27:23.416		0.87316			4
2025.10.27	01:27:24.223		0.87315			4
2025.10.27	01:27:25.186		0.87316			4
2025.10.27	01:27:29.168	0.87312				2
2025.10.27	01:27:29.490	0.87311				2
2025.10.27	01:27:29.926		0.87315			4
2025.10.27	01:27:36.528	0.87312	0.87316			6
2025.10.27	01:27:40.610	0.87310	0.87315			6
2025.10.27	01:27:40.919	0.87309	0.87314			6
2025.10.27	01:27:41.885		0.87313			4
2025.10.27	01:27:42.945		0.87314			4
2025.10.27	01:27:47.474		0.87313			4
2025.10.27	01:27:48.240		0.87314			4
2025.10.27	01:27:51.339	0.87308	0.87313			6
2025.10.27	01:27:51.984	0.87307				2
2025.10.27	01:27:52.347	0.87309	0.87314			6
2025.10.27	01:27:57.404		0.87315			4
2025.10.27	01:27:58.270		0.87314			4
2025.10.27	01:28:00.354	0.87309				2
2025.10.27	01:28:01.188		0.87313			4
2025.10.27	01:28:02.208	0.87310				2
2025.10.27	01:28:03.272	0.87309				2
2025.10.27	01:28:04.303	0.87308				2
2025.10.27	01:28:06.201	0.87309	0.87314			6
2025.10.27	01:28:07.447	0.87308	0.87313			6
2025.10.27	01:28:07.749		0.87312			4
2025.10.27	01:28:15.389	0.87309	0.87314			6
2025.10.27	01:28:17.356	0.87308				2
2025.10.27	01:28:18.501	0.87309				2
2025.10.27	01:28:26.736	0.87308				2
2025.10.27	01:28:29.052	0.87309				2
2025.10.27	01:28:36.380	0.87308				2
2025.10.27	01:28:37.385		0.87313			4
2025.10.27	01:28:38.408		0.87314			4
2025.10.27	01:28:39.169	0.87309	0.87313			6
2025.10.27	01:28:41.293	0.87308	0.87314			6
2025.10.27	01:28:41.597		0.87313			4
2025.10.27	01:28:42.696		0.87314			4
2025.10.27	01:28:43.006		0.87313			4
2025.10.27	01:28:43.837	0.87309				2
2025.10.27	01:28:44.148		0.87312			4
2025.10.27	01:28:45.014	0.87308				2
2025.10.27	01:28:46.004	0.87309				2
2025.10.27	01:28:47.032		0.87313			4
2025.10.27	01:28:47.434		0.87312			4
2025.10.27	01:28:48.275		0.87313			4
2025.10.27	01:28:49.467	0.87308	0.87312			6
2025.10.27	01:28:55.289		0.87314			4
2025.10.27	01:28:58.125	0.87306	0.87313			6
2025.10.27	01:29:00.055	0.87306				2
2025.10.27	01:29:00.380	0.87307	0.87312			6
2025.10.27	01:29:00.682	0.87306				2
2025.10.27	01:29:07.235	0.87303	0.87308			6
2025.10.27	01:29:09.763	0.87304				2
2025.10.27	01:29:15.587	0.87305	0.87309			6
2025.10.27	01:29:15.975	0.87303				2
2025.10.27	01:29:22.270	0.87304				2
2025.10.27	01:29:28.305	0.87306	0.87313			6
2025.10.27	01:29:28.621		0.87311			4
2025.10.27	01:29:30.768		0.87314			4
2025.10.27	01:29:31.476		0.87312			4
2025.10.27	01:29:31.781		0.87313			4
2025.10.27	01:29:32.971		0.87312			4
2025.10.27	01:29:33.422		0.87313			4
2025.10.27	01:29:33.972		0.87312			4
2025.10.27	01:29:37.236	0.87307				2
2025.10.27	01:29:37.540		0.87313			4
2025.10.27	01:29:38.581		0.87314			4
2025.10.27	01:29:47.573	0.87306	0.87312			6
2025.10.27	01:29:49.301	0.87307				2
2025.10.27	01:29:59.172		0.87313			4
2025.10.27	01:30:00.378	0.87308				2
2025.10.27	01:30:00.719	0.87307				2
2025.10.27	01:30:03.207	0.87311	0.87312			6
2025.10.27	01:30:04.134	0.87310	0.87311			6
2025.10.27	01:30:04.453	0.87308	0.87309			6
2025.10.27	01:30:05.060	0.87309	0.87310			6
2025.10.27	01:30:05.387	0.87306	0.87311			6
2025.10.27	01:30:06.643	0.87304	0.87310			6
2025.10.27	01:30:14.804	0.87306	0.87312			6
2025.10.27	01:30:15.118		0.87311			4
2025.10.27	01:30:15.806	0.87305	0.87310			6
2025.10.27	01:30:17.280	0.87306				2
2025.10.27	01:30:18.273	0.87305	0.87311			6
2025.10.27	01:30:21.367	0.87306	0.87310			6
2025.10.27	01:30:21.829	0.87303	0.87308			6
2025.10.27	01:30:22.131		0.87307			4
2025.10.27	01:30:22.763	0.87304	0.87308			6
2025.10.27	01:30:23.994	0.87303	0.87309			6
2025.10.27	01:30:24.871	0.87304				2
2025.10.27	01:30:25.597	0.87305				2
2025.10.27	01:30:25.913	0.87306				2
2025.10.27	01:30:30.348	0.87305	0.87308			6
2025.10.27	01:30:30.660	0.87307	0.87311			6
2025.10.27	01:30:31.413	0.87306	0.87312			6
2025.10.27	01:30:32.355	0.87307				2
2025.10.27	01:30:35.596	0.87306				2
2025.10.27	01:30:36.343	0.87305	0.87311			6
2025.10.27	01:30:36.660	0.87306				2
2025.10.27	01:30:37.107	0.87307				2
2025.10.27	01:30:37.419	0.87306				2
2025.10.27	01:30:40.347	0.87310	0.87313			6
2025.10.27	01:30:41.668	0.87306	0.87310			6
2025.10.27	01:30:41.990	0.87307				2
2025.10.27	01:30:45.567	0.87306				2
2025.10.27	01:30:50.575		0.87311			4
2025.10.27	01:30:50.955		0.87309			4
2025.10.27	01:30:56.670	0.87307				2
2025.10.27	01:30:57.547	0.87306				2
2025.10.27	01:30:58.929	0.87305				2
2025.10.27	01:30:59.715	0.87307	0.87311			6
2025.10.27	01:31:00.017	0.87307				2
2025.10.27	01:31:00.320	0.87308	0.87312			6
2025.10.27	01:31:00.628	0.87307				2
2025.10.27	01:31:00.939	0.87308				2
2025.10.27	01:31:01.917	0.87305	0.87309			6
2025.10.27	01:31:02.242	0.87301	0.87306			6
2025.10.27	01:31:02.563	0.87302				2
2025.10.27	01:31:02.971	0.87303				2
2025.10.27	01:31:05.365	0.87298	0.87302			6
2025.10.27	01:31:06.990		0.87303			4
2025.10.27	01:31:08.450	0.87300	0.87304			6
2025.10.27	01:31:08.948	0.87299				2
2025.10.27	01:31:10.358	0.87298				2
2025.10.27	01:31:10.694	0.87299				2
2025.10.27	01:31:15.776	0.87300	0.87305			6
2025.10.27	01:31:16.202	0.87302	0.87306			6
2025.10.27	01:31:16.526	0.87301				2
2025.10.27	01:31:16.985		0.87305			4
2025.10.27	01:31:19.509	0.87300	0.87304			6
2025.10.27	01:31:20.345		0.87302			4
2025.10.27	01:31:20.652	0.87298	0.87301			6
2025.10.27	01:31:21.518	0.87297	0.87302			6
2025.10.27	01:31:22.766	0.87298				2
2025.10.27	01:31:24.158	0.87297				2
2025.10.27	01:31:24.658	0.87298				2
2025.10.27	01:31:25.590	0.87300	0.87305			6
2025.10.27	01:31:28.340	0.87299	0.87304			6
2025.10.27	01:31:28.747		0.87303			4
2025.10.27	01:31:29.514	0.87301	0.87305			6
2025.10.27	01:31:30.353	0.87302	0.87306			6
2025.10.27	01:31:35.060	0.87301				2
2025.10.27	01:31:36.767	0.87302				2
2025.10.27	01:31:37.087	0.87303				2
2025.10.27	01:31:37.963	0.87301	0.87305			6
2025.10.27	01:31:43.412		0.87303			4
2025.10.27	01:31:43.906	0.87299				2
2025.10.27	01:31:44.813		0.87304			4
2025.10.27	01:31:45.350	0.87300	0.87303			6
2025.10.27	01:31:45.658	0.87302	0.87305			6
2025.10.27	01:31:47.151		0.87306			4
2025.10.27	01:31:51.502		0.87307			4
2025.10.27	01:31:51.872	0.87304	0.87306			6
2025.10.27	01:31:54.481		0.87307			4
2025.10.27	01:31:59.381		0.87308			4
2025.10.27	01:32:00.348	0.87306	0.87311			6
2025.10.27	01:32:00.664		0.87310			4
2025.10.27	01:32:01.525	0.87305				2
2025.10.27	01:32:01.897	0.87306	0.87309			6
2025.10.27	01:32:02.204	0.87305				2
2025.10.27	01:32:02.907	0.87306	0.87310			6
2025.10.27	01:32:04.997	0.87305	0.87309			6
2025.10.27	01:32:06.885		0.87308			4
2025.10.27	01:32:07.198		0.87309			4
2025.10.27	01:32:08.395	0.87304				2
2025.10.27	01:32:09.744	0.87305				2
2025.10.27	01:32:12.822	0.87304	0.87307			6
2025.10.27	01:32:13.139	0.87303	0.87308			6
2025.10.27	01:32:15.402	0.87306	0.87309			6
2025.10.27	01:32:15.757	0.87304	0.87308			6
2025.10.27	01:32:16.143	0.87305				2
2025.10.27	01:32:16.927		0.87310			4
2025.10.27	01:32:17.239	0.87304	0.87307			6
2025.10.27	01:32:17.785		0.87308			4
2025.10.27	01:32:19.630		0.87307			4
2025.10.27	01:32:20.681	0.87302	0.87306			6
2025.10.27	01:32:21.509	0.87303				2
2025.10.27	01:32:26.217		0.87307			4
2025.10.27	01:32:26.964		0.87306			4
2025.10.27	01:32:27.318	0.87302				2
2025.10.27	01:32:28.686	0.87301				2
2025.10.27	01:32:30.429	0.87302				2
2025.10.27	01:32:33.008	0.87301				2
2025.10.27	01:32:33.522	0.87302				2
2025.10.27	01:32:40.632	0.87300				2
2025.10.27	01:32:41.768	0.87301	0.87305			6
2025.10.27	01:32:48.556		0.87306			4
2025.10.27	01:32:49.957		0.87305			4
2025.10.27	01:32:53.997	0.87302	0.87306			6
2025.10.27	01:32:54.470		0.87308			4
2025.10.27	01:32:55.819		0.87306			4
2025.10.27	01:32:56.285	0.87303	0.87307			6
2025.10.27	01:32:57.960	0.87301	0.87305			6
2025.10.27	01:33:00.461	0.87303	0.87306			6
2025.10.27	01:33:01.654	0.87301	0.87305			6
2025.10.27	01:33:04.970	0.87302	0.87307			6
2025.10.27	01:33:08.673	0.87303				2
2025.10.27	01:33:13.545	0.87302				2
2025.10.27	01:33:14.172	0.87303				2
2025.10.27	01:33:20.477	0.87302				2
2025.10.27	01:33:38.412	0.87300	0.87304			6
2025.10.27	01:33:39.481	0.87301				2
2025.10.27	01:33:40.260	0.87300	0.87303			6
2025.10.27	01:33:40.657	0.87298	0.87302			6
2025.10.27	01:33:41.557	0.87299	0.87303			6
2025.10.27	01:33:45.273	0.87300				2
2025.10.27	01:33:48.492	0.87299	0.87305			6
2025.10.27	01:33:49.074	0.87297	0.87302			6
2025.10.27	01:33:51.052	0.87296				2
2025.10.27	01:33:52.423	0.87297	0.87303			6
2025.10.27	01:33:55.257		0.87304			4
2025.10.27	01:33:56.222		0.87303			4
2025.10.27	01:33:56.911		0.87301			4
2025.10.27	01:33:57.772	0.87298	0.87302			6
2025.10.27	01:34:00.351	0.87298				2
2025.10.27	01:34:00.657	0.87299	0.87304			6
2025.10.27	01:34:00.960		0.87303			4
2025.10.27	01:34:02.575	0.87300	0.87304			6
2025.10.27	01:34:03.042		0.87303			4
2025.10.27	01:34:03.412	0.87299	0.87304			6
2025.10.27	01:34:03.792		0.87303			4
2025.10.27	01:34:04.162		0.87304			4
2025.10.27	01:34:05.157	0.87301	0.87305			6
2025.10.27	01:34:06.087	0.87300				2
2025.10.27	01:34:08.896	0.87298	0.87303			6
2025.10.27	01:34:09.550	0.87299				2
2025.10.27	01:34:12.944		0.87304			4
2025.10.27	01:34:13.263		0.87303			4
2025.10.27	01:34:14.226		0.87304			4
2025.10.27	01:34:14.560	0.87300				2
2025.10.27	01:34:15.383	0.87298	0.87302			6
2025.10.27	01:34:15.705		0.87303			4
2025.10.27	01:34:18.369		0.87302			4
2025.10.27	01:34:19.412		0.87303			4
2025.10.27	01:34:20.721		0.87302			4
2025.10.27	01:34:21.379	0.87297				2
2025.10.27	01:34:22.383	0.87298				2
2025.10.27	01:34:25.303	0.87299				2
2025.10.27	01:34:25.922	0.87298				2
2025.10.27	01:34:26.304		0.87301			4
2025.10.27	01:34:28.417		0.87302			4
2025.10.27	01:34:28.805		0.87301			4
2025.10.27	01:34:31.477		0.87302			4
2025.10.27	01:34:35.019		0.87303			4
2025.10.27	01:34:40.093		0.87302			4
2025.10.27	01:34:40.403		0.87301			4
2025.10.27	01:34:45.386		0.87302			4
2025.10.27	01:34:46.482		0.87301			4
2025.10.27	01:34:50.706		0.87302			4
2025.10.27	01:35:00.105	0.87300	0.87303			6
2025.10.27	01:35:13.799	0.87298	0.87302			6
2025.10.27	01:35:15.559		0.87303			4
2025.10.27	01:35:16.025	0.87299	0.87304			6
2025.10.27	01:35:16.352		0.87303			4
2025.10.27	01:35:16.827	0.87301	0.87304			6
2025.10.27	01:35:17.132	0.87300	0.87303			6
2025.10.27	01:35:18.127		0.87304			4
2025.10.27	01:35:20.076	0.87301				2
2025.10.27	01:35:20.454	0.87300	0.87303			6
2025.10.27	01:35:20.769		0.87304			4
2025.10.27	01:35:21.079		0.87303			4
2025.10.27	01:35:21.912		0.87304			4
2025.10.27	01:35:22.630		0.87303			4
2025.10.27	01:35:23.717	0.87299				2
2025.10.27	01:35:31.156		0.87302			4
2025.10.27	01:35:33.236	0.87301	0.87304			6
2025.10.27	01:35:37.306	0.87300	0.87303			6
2025.10.27	01:35:42.808	0.87301	0.87305			6
2025.10.27	01:35:48.843	0.87302				2
2025.10.27	01:35:51.337	0.87301				2
2025.10.27	01:35:57.167	0.87299	0.87301			6
2025.10.27	01:35:57.482	0.87297	0.87302			6
2025.10.27	01:36:00.837	0.87299				2
2025.10.27	01:36:02.161	0.87297				2
2025.10.27	01:36:02.477	0.87296	0.87301			6
2025.10.27	01:36:03.115		0.87300			4
2025.10.27	01:36:06.696	0.87297	0.87301			6
2025.10.27	01:36:08.346	0.87296				2
2025.10.27	01:36:08.688	0.87297				2
2025.10.27	01:36:14.330	0.87296	0.87300			6
2025.10.27	01:36:16.046	0.87297	0.87302			6
2025.10.27	01:36:18.344	0.87298				2
2025.10.27	01:36:18.964		0.87303			4
2025.10.27	01:36:20.631	0.87296	0.87301			6
2025.10.27	01:36:23.468		0.87300			4
2025.10.27	01:36:25.362		0.87301			4
2025.10.27	01:36:29.471		0.87300			4
2025.10.27	01:36:30.011	0.87295	0.87299			6
2025.10.27	01:36:31.363	0.87297	0.87300			6
2025.10.27	01:36:35.405	0.87296				2
2025.10.27	01:36:42.156	0.87297				2
2025.10.27	01:36:43.393		0.87301			4
2025.10.27	01:36:48.323		0.87300			4
2025.10.27	01:36:49.034	0.87295	0.87299			6
2025.10.27	01:36:49.356	0.87296	0.87300			6
2025.10.27	01:36:50.075		0.87299			4
2025.10.27	01:36:53.651	0.87298	0.87301			6
2025.10.27	01:36:57.362	0.87297				2
2025.10.27	01:36:58.063		0.87302			4
2025.10.27	01:36:58.445		0.87301			4
2025.10.27	01:37:00.641	0.87297				2
2025.10.27	01:37:02.381		0.87303			4
2025.10.27	01:37:03.131		0.87301			4
2025.10.27	01:37:06.314	0.87298	0.87302			6
2025.10.27	01:37:06.642		0.87301			4
2025.10.27	01:37:07.022		0.87302			4
2025.10.27	01:37:07.345	0.87297				2
2025.10.27	01:37:08.344	0.87296	0.87300			6
2025.10.27	01:37:10.101		0.87299			4
2025.10.27	01:37:11.728		0.87300			4
2025.10.27	01:37:15.595	0.87297	0.87301			6
2025.10.27	01:37:15.955	0.87296	0.87300			6
2025.10.27	01:37:17.978	0.87295	0.87298			6
2025.10.27	01:37:20.130	0.87296				2
2025.10.27	01:37:20.626		0.87300			4
2025.10.27	01:37:24.481		0.87301			4
2025.10.27	01:37:24.910	0.87297	0.87300			6
2025.10.27	01:37:28.865	0.87296	0.87301			6
2025.10.27	01:37:30.370		0.87300			4
2025.10.27	01:37:33.381	0.87295	0.87299			6
2025.10.27	01:37:45.595	0.87296				2
2025.10.27	01:37:58.507		0.87298			4
2025.10.27	01:38:00.313	0.87296	0.87299			6
2025.10.27	01:38:01.097		0.87300			4
2025.10.27	01:38:01.398		0.87299			4
2025.10.27	01:38:02.408	0.87295				2
2025.10.27	01:38:04.285	0.87296	0.87300			6
2025.10.27	01:38:11.167	0.87297				2
2025.10.27	01:38:13.789	0.87296				2
2025.10.27	01:38:14.099	0.87297	0.87301			6
2025.10.27	01:38:16.140	0.87298				2
2025.10.27	01:38:22.127	0.87301	0.87303			6
2025.10.27	01:38:22.437		0.87305			4
2025.10.27	01:38:37.402		0.87304			4
2025.10.27	01:38:38.726		0.87303			4
2025.10.27	01:38:40.930	0.87300				2
2025.10.27	01:38:41.830	0.87301	0.87306			6
2025.10.27	01:38:44.367		0.87305			4
2025.10.27	01:38:45.122	0.87302	0.87306			6
2025.10.27	01:38:51.083	0.87301	0.87304			6
2025.10.27	01:38:55.282		0.87305			4
2025.10.27	01:38:59.340	0.87302				2
2025.10.27	01:39:00.026	0.87302				2
2025.10.27	01:39:08.039	0.87301	0.87304			6
2025.10.27	01:39:13.593		0.87305			4
2025.10.27	01:39:18.668		0.87304			4
2025.10.27	01:39:26.907	0.87303	0.87306			6
2025.10.27	01:39:28.330	0.87302				2
2025.10.27	01:39:33.872	0.87301	0.87305			6
2025.10.27	01:39:45.408	0.87299	0.87303			6
2025.10.27	01:39:46.117		0.87302			4
2025.10.27	01:39:47.392		0.87303			4
2025.10.27	01:39:48.673		0.87302			4
2025.10.27	01:39:54.100		0.87301			4
2025.10.27	01:39:57.363	0.87297				2
2025.10.27	01:40:00.624	0.87297				2
2025.10.27	01:40:14.121		0.87300			4
2025.10.27	01:40:15.003		0.87301			4
2025.10.27	01:40:15.339	0.87296	0.87300			6
2025.10.27	01:40:18.772		0.87301			4
2025.10.27	01:40:19.175		0.87300			4
2025.10.27	01:40:23.284		0.87301			4
2025.10.27	01:40:23.840		0.87302			4
2025.10.27	01:40:26.365	0.87297				2
2025.10.27	01:40:27.541		0.87301			4
2025.10.27	01:40:28.077	0.87296	0.87302			6
2025.10.27	01:40:28.389		0.87300			4
2025.10.27	01:40:41.885		0.87301			4
2025.10.27	01:40:45.377	0.87297	0.87302			6
2025.10.27	01:40:45.682		0.87303			4
2025.10.27	01:40:48.494		0.87302			4
2025.10.27	01:40:48.823		0.87303			4
2025.10.27	01:40:49.572		0.87302			4
2025.10.27	01:40:50.168	0.87296				2
2025.10.27	01:40:50.994	0.87297				2
2025.10.27	01:40:53.523		0.87303			4
2025.10.27	01:40:54.322		0.87302			4
2025.10.27	01:40:55.377	0.87294	0.87300			6
2025.10.27	01:40:57.371	0.87289	0.87294			6
2025.10.27	01:40:59.933	0.87290	0.87296			6
2025.10.27	01:41:00.250	0.87290				2
2025.10.27	01:41:00.622	0.87291	0.87295			6
2025.10.27	01:41:01.034	0.87290				2
2025.10.27	01:41:01.339	0.87288	0.87292			6
2025.10.27	01:41:06.799	0.87289	0.87294			6
2025.10.27	01:41:07.206		0.87292			4
2025.10.27	01:41:08.310	0.87288				2
2025.10.27	01:41:10.435		0.87293			4
2025.10.27	01:41:10.738		0.87292			4
2025.10.27	01:41:12.109		0.87291			4
2025.10.27	01:41:15.082	0.87287				2
2025.10.27	01:41:15.461		0.87292			4
2025.10.27	01:41:22.206	0.87288				2
2025.10.27	01:41:24.183	0.87289	0.87293			6
2025.10.27	01:41:25.080	0.87287	0.87291			6
2025.10.27	01:41:25.879	0.87288				2
2025.10.27	01:41:27.173		0.87292			4
2025.10.27	01:41:28.909	0.87290				2
2025.10.27	01:41:29.221	0.87291	0.87297			6
2025.10.27	01:41:33.038	0.87292				2
2025.10.27	01:41:36.502	0.87291				2
2025.10.27	01:41:37.322		0.87296			4
2025.10.27	01:41:37.663	0.87292				2
2025.10.27	01:41:38.207	0.87290				2
2025.10.27	01:41:40.211	0.87291				2
2025.10.27	01:41:44.591	0.87293	0.87297			6
2025.10.27	01:41:47.530		0.87298			4
2025.10.27	01:41:48.282		0.87297			4
2025.10.27	01:41:49.122	0.87290	0.87294			6
2025.10.27	01:41:50.355		0.87293			4
2025.10.27	01:41:50.663		0.87294			4
2025.10.27	01:41:53.214	0.87291	0.87295			6
2025.10.27	01:41:53.706		0.87294			4
2025.10.27	01:41:54.980		0.87295			4
2025.10.27	01:41:57.375		0.87294			4
2025.10.27	01:41:59.993	0.87290				2
2025.10.27	01:42:00.369	0.87290				2
2025.10.27	01:42:00.781	0.87291				2
2025.10.27	01:42:01.243	0.87290				2
2025.10.27	01:42:02.334	0.87288	0.87293			6
2025.10.27	01:42:02.644		0.87292			4
2025.10.27	01:42:03.280	0.87287				2
2025.10.27	01:42:08.341	0.87289	0.87293			6
2025.10.27	01:42:08.698		0.87292			4
2025.10.27	01:42:09.326		0.87293			4
2025.10.27	01:42:14.186	0.87287	0.87291			6
2025.10.27	01:42:14.503	0.87288				2
2025.10.27	01:42:20.297	0.87287				2
2025.10.27	01:42:20.604	0.87288				2
2025.10.27	01:42:27.066	0.87289	0.87293			6
2025.10.27	01:42:27.909	0.87287	0.87290			6
2025.10.27	01:42:28.238		0.87293			4
2025.10.27	01:42:29.251	0.87285	0.87290			6
2025.10.27	01:42:29.558	0.87287	0.87291			6
2025.10.27	01:42:30.177	0.87286	0.87290			6
2025.10.27	01:42:32.961	0.87287				2
2025.10.27	01:42:33.609	0.87286				2
2025.10.27	01:42:33.961	0.87285				2
2025.10.27	01:42:34.279	0.87286	0.87289			6
2025.10.27	01:42:34.625		0.87290			4
2025.10.27	01:42:36.518	0.87287	0.87291			6
2025.10.27	01:42:42.081	0.87289				2
2025.10.27	01:42:42.461	0.87288	0.87290			6
2025.10.27	01:42:43.963	0.87286				2
2025.10.27	01:42:46.791		0.87291			4
2025.10.27	01:42:47.099		0.87290			4
2025.10.27	01:42:47.462		0.87291			4
2025.10.27	01:42:47.820	0.87287				2
2025.10.27	01:42:48.122	0.87286				2
2025.10.27	01:42:49.841	0.87287				2
2025.10.27	01:42:50.212	0.87285	0.87290			6
2025.10.27	01:42:50.519	0.87286				2
2025.10.27	01:42:51.568	0.87287				2
2025.10.27	01:42:51.917	0.87286				2
2025.10.27	01:42:52.227	0.87287				2
2025.10.27	01:42:53.712	0.87286				2
2025.10.27	01:42:54.464	0.87287				2
2025.10.27	01:42:56.552		0.87291			4
2025.10.27	01:42:56.935	0.87285	0.87290			6
2025.10.27	01:42:57.237		0.87289			4
2025.10.27	01:42:59.197	0.87286	0.87290			6
2025.10.27	01:43:00.125	0.87286				2
2025.10.27	01:43:01.119		0.87289			4
2025.10.27	01:43:01.422	0.87285	0.87288			6
2025.10.27	01:43:01.771	0.87286				2
2025.10.27	01:43:02.083	0.87285				2
2025.10.27	01:43:04.438	0.87286				2
2025.10.27	01:43:04.767	0.87285				2
2025.10.27	01:43:07.319		0.87289			4
2025.10.27	01:43:11.593	0.87286				2
2025.10.27	01:43:14.768	0.87285	0.87288			6
2025.10.27	01:43:15.137	0.87286				2
2025.10.27	01:43:23.609	0.87285				2
2025.10.27	01:43:25.873	0.87286				2
2025.10.27	01:43:26.496	0.87285				2
2025.10.27	01:43:29.297	0.87286				2
2025.10.27	01:43:33.928	0.87285	0.87289			6
2025.10.27	01:43:34.676		0.87288			4
2025.10.27	01:43:35.677		0.87289			4
2025.10.27	01:43:36.048		0.87288			4
2025.10.27	01:43:36.427		0.87289			4
2025.10.27	01:43:36.786		0.87288			4
2025.10.27	01:43:37.178		0.87289			4
2025.10.27	01:43:37.537		0.87288			4
2025.10.27	01:43:37.872		0.87289			4
2025.10.27	01:43:38.701	0.87286				2
2025.10.27	01:43:45.436	0.87285	0.87288			6
2025.10.27	01:43:46.542	0.87286				2
2025.10.27	01:43:48.105	0.87285				2
2025.10.27	01:43:48.427	0.87286				2
2025.10.27	01:43:48.793	0.87285				2
2025.10.27	01:43:49.098	0.87286	0.87289			6
2025.10.27	01:43:52.571	0.87285	0.87288			6
2025.10.27	01:43:55.697		0.87287			4
2025.10.27	01:43:56.021	0.87284				2
2025.10.27	01:43:56.441	0.87285				2
2025.10.27	01:43:57.177	0.87282	0.87285			6
2025.10.27	01:43:57.498	0.87283				2
2025.10.27	01:43:58.120	0.87282	0.87283			6
2025.10.27	01:44:00.209	0.87282				2
2025.10.27	01:44:01.209		0.87285			4
2025.10.27	01:44:04.002	0.87283				2
2025.10.27	01:44:04.741		0.87284			4
2025.10.27	01:44:05.673		0.87285			4
2025.10.27	01:44:08.211	0.87282				2
2025.10.27	01:44:09.676		0.87284			4
2025.10.27	01:44:11.109	0.87281	0.87283			6
2025.10.27	01:44:11.945	0.87280				2
2025.10.27	01:44:13.844		0.87282			4
2025.10.27	01:44:18.606	0.87277				2
2025.10.27	01:44:18.921	0.87279	0.87283			6
2025.10.27	01:44:19.726		0.87284			4
2025.10.27	01:44:21.414	0.87280				2
2025.10.27	01:44:23.821	0.87279				2
2025.10.27	01:44:25.967	0.87280	0.87283			6
2025.10.27	01:44:30.374	0.87279	0.87282			6
2025.10.27	01:44:30.873	0.87280				2
2025.10.27	01:44:31.192	0.87279				2
2025.10.27	01:44:31.641	0.87281	0.87283			6
2025.10.27	01:44:35.031	0.87277	0.87280			6
2025.10.27	01:44:35.699	0.87278	0.87281			6
2025.10.27	01:44:36.054	0.87279	0.87282			6
2025.10.27	01:44:36.485		0.87283			4
2025.10.27	01:44:40.111		0.87284			4
2025.10.27	01:44:42.237	0.87281				2
2025.10.27	01:44:43.287		0.87285			4
2025.10.27	01:44:50.072	0.87280				2
2025.10.27	01:44:50.577		0.87286			4
2025.10.27	01:44:50.988		0.87283			4
2025.10.27	01:44:54.269	0.87283	0.87286			6
2025.10.27	01:44:55.028	0.87284	0.87288			6
2025.10.27	01:44:55.406		0.87289			4
2025.10.27	01:44:57.982	0.87286	0.87291			6
2025.10.27	01:45:00.347	0.87286				2
2025.10.27	01:45:02.370	0.87288	0.87293			6
2025.10.27	01:45:03.302	0.87289				2
2025.10.27	01:45:04.036	0.87288				2
2025.10.27	01:45:12.869		0.87292			4
2025.10.27	01:45:13.567	0.87287				2
2025.10.27	01:45:13.884		0.87291			4
2025.10.27	01:45:17.770		0.87292			4
2025.10.27	01:45:18.985		0.87291			4
2025.10.27	01:45:23.453	0.87286				2
2025.10.27	01:45:29.087	0.87287	0.87292			6
2025.10.27	01:45:30.371	0.87285	0.87288			6
2025.10.27	01:45:30.850	0.87283	0.87286			6
2025.10.27	01:45:31.152		0.87287			4
2025.10.27	01:45:34.536		0.87288			4
2025.10.27	01:45:35.381	0.87282	0.87286			6
2025.10.27	01:45:35.829	0.87283				2
2025.10.27	01:45:38.538		0.87287			4
2025.10.27	01:45:40.825		0.87286			4
2025.10.27	01:45:41.466		0.87287			4
2025.10.27	01:45:41.930	0.87284				2
2025.10.27	01:45:42.659		0.87289			4
2025.10.27	01:45:45.344		0.87287			4
2025.10.27	01:45:52.340	0.87283	0.87286			6
2025.10.27	01:45:55.196		0.87287			4
2025.10.27	01:45:56.461	0.87284	0.87288			6
2025.10.27	01:46:00.351	0.87284				2
2025.10.27	01:46:00.792		0.87287			4
2025.10.27	01:46:07.033		0.87286			4
2025.10.27	01:46:07.531	0.87283				2
2025.10.27	01:46:07.843		0.87287			4
2025.10.27	01:46:12.465		0.87286			4
2025.10.27	01:46:15.302	0.87282				2
2025.10.27	01:46:18.749	0.87283				2
2025.10.27	01:46:20.851	0.87282	0.87285			6
2025.10.27	01:46:22.872	0.87283				2
2025.10.27	01:46:27.161	0.87284	0.87287			6
2025.10.27	01:46:30.726	0.87283	0.87286			6
2025.10.27	01:46:38.457		0.87285			4
2025.10.27	01:46:38.759		0.87286			4
2025.10.27	01:46:43.422	0.87278	0.87281			6
2025.10.27	01:46:48.339	0.87279	0.87283			6
2025.10.27	01:46:48.658	0.87277	0.87282			6
2025.10.27	01:46:48.962		0.87281			4
2025.10.27	01:46:50.782		0.87282			4
2025.10.27	01:46:56.667	0.87280				2
2025.10.27	01:46:57.291	0.87279				2
2025.10.27	01:46:57.621	0.87280				2
2025.10.27	01:46:58.341	0.87279				2
2025.10.27	01:46:58.777	0.87280	0.87283			6
2025.10.27	01:47:00.350	0.87280				2
2025.10.27	01:47:01.540	0.87279	0.87282			6
2025.10.27	01:47:04.716		0.87281			4
2025.10.27	01:47:07.327	0.87280	0.87284			6
2025.10.27	01:47:08.026		0.87283			4
2025.10.27	01:47:09.278		0.87282			4
2025.10.27	01:47:13.168		0.87283			4
2025.10.27	01:47:14.317	0.87281	0.87284			6
2025.10.27	01:47:15.159	0.87280	0.87285			6
2025.10.27	01:47:18.676	0.87281	0.87286			6
2025.10.27	01:47:22.343	0.87279	0.87282			6
2025.10.27	01:47:23.221	0.87280	0.87285			6
2025.10.27	01:47:23.538		0.87282			4
2025.10.27	01:47:29.372		0.87283			4
2025.10.27	01:47:32.769		0.87284			4
2025.10.27	01:47:35.742		0.87283			4
2025.10.27	01:47:44.377		0.87282			4
2025.10.27	01:47:45.789	0.87281				2
2025.10.27	01:47:46.106		0.87283			4
2025.10.27	01:47:50.859	0.87279	0.87284			6
2025.10.27	01:47:53.927		0.87283			4
2025.10.27	01:47:55.542		0.87284			4
2025.10.27	01:47:55.974		0.87283			4
2025.10.27	01:47:57.349		0.87284			4
2025.10.27	01:48:00.545	0.87279				2
2025.10.27	01:48:30.397		0.87283			4
2025.10.27	01:48:31.005	0.87280	0.87284			6
2025.10.27	01:48:31.329		0.87285			4
2025.10.27	01:48:32.745	0.87281	0.87284			6
2025.10.27	01:48:35.030		0.87285			4
2025.10.27	01:48:35.802		0.87284			4
2025.10.27	01:48:36.529	0.87280				2
2025.10.27	01:48:37.115	0.87282	0.87285			6
2025.10.27	01:48:39.372		0.87286			4
2025.10.27	01:48:46.073	0.87281	0.87284			6
2025.10.27	01:48:57.565	0.87280	0.87285			6
2025.10.27	01:48:57.882		0.87284			4
2025.10.27	01:48:59.086		0.87285			4
2025.10.27	01:49:00.364	0.87280	0.87284			6
2025.10.27	01:49:02.342	0.87279				2
2025.10.27	01:49:03.356	0.87280	0.87285			6
2025.10.27	01:49:08.214	0.87281				2
2025.10.27	01:49:08.527		0.87283			4
2025.10.27	01:49:14.417	0.87280				2
2025.10.27	01:49:15.038	0.87281				2
2025.10.27	01:49:15.361	0.87279				2
2025.10.27	01:49:17.418	0.87280	0.87282			6
2025.10.27	01:49:18.632	0.87279				2
2025.10.27	01:49:21.772		0.87281			4
2025.10.27	01:49:30.426		0.87282			4
2025.10.27	01:49:32.789		0.87283			4
2025.10.27	01:49:33.098	0.87282	0.87285			6
2025.10.27	01:49:33.912		0.87284			4
2025.10.27	01:49:36.787		0.87286			4
2025.10.27	01:49:37.138		0.87284			4
2025.10.27	01:49:38.216		0.87288			4
2025.10.27	01:49:42.230	0.87284				2
2025.10.27	01:49:48.176	0.87286				2
2025.10.27	01:49:57.409		0.87289			4
2025.10.27	01:49:58.886		0.87290			4
2025.10.27	01:50:00.482	0.87286				2
2025.10.27	01:50:02.946	0.87288	0.87292			6
2025.10.27	01:50:05.384		0.87291			4
2025.10.27	01:50:05.907	0.87285	0.87290			6
2025.10.27	01:50:11.662	0.87286	0.87289			6
2025.10.27	01:50:11.973	0.87285				2
2025.10.27	01:50:15.377	0.87284	0.87288			6
2025.10.27	01:50:16.187		0.87289			4
2025.10.27	01:50:18.346		0.87288			4
2025.10.27	01:50:26.277		0.87287			4
2025.10.27	01:50:31.935	0.87287	0.87290			6
2025.10.27	01:50:32.913	0.87286	0.87288			6
2025.10.27	01:50:33.556	0.87284				2
2025.10.27	01:50:33.980	0.87285				2
2025.10.27	01:50:36.240		0.87287			4
2025.10.27	01:50:36.723	0.87284				2
2025.10.27	01:50:39.365	0.87281	0.87284			6
2025.10.27	01:50:40.057	0.87278	0.87281			6
2025.10.27	01:50:56.013		0.87280			4
2025.10.27	01:50:59.161	0.87280	0.87283			6
2025.10.27	01:51:00.096	0.87280				2
2025.10.27	01:51:01.106		0.87282			4
2025.10.27	01:51:01.472	0.87279				2
2025.10.27	01:51:05.285		0.87280			4
2025.10.27	01:51:08.058		0.87281			4
2025.10.27	01:51:10.601	0.87277	0.87280			6
2025.10.27	01:51:15.966		0.87279			4
2025.10.27	01:51:16.348		0.87281			4
2025.10.27	01:51:17.415		0.87280			4
2025.10.27	01:51:26.151	0.87278				2
2025.10.27	01:51:26.653	0.87277				2
2025.10.27	01:51:36.567	0.87278	0.87279			6
2025.10.27	01:51:37.409	0.87275				2
2025.10.27	01:51:39.006	0.87276				2
2025.10.27	01:51:41.906	0.87277				2
2025.10.27	01:51:42.406	0.87276				2
2025.10.27	01:51:49.547	0.87277				2
2025.10.27	01:51:50.209		0.87280			4
2025.10.27	01:51:52.604		0.87281			4
2025.10.27	01:51:52.970	0.87278	0.87282			6
2025.10.27	01:51:54.559		0.87283			4
2025.10.27	01:51:55.074		0.87282			4
2025.10.27	01:51:57.407	0.87279				2
2025.10.27	01:52:00.332	0.87278				2
2025.10.27	01:52:02.194	0.87279				2
2025.10.27	01:52:04.639		0.87283			4
2025.10.27	01:52:05.390		0.87282			4
2025.10.27	01:52:14.045	0.87283	0.87287			6
2025.10.27	01:52:15.379	0.87282				2
2025.10.27	01:52:15.967	0.87283				2
2025.10.27	01:52:25.322	0.87282	0.87285			6
2025.10.27	01:52:25.628	0.87283				2
2025.10.27	01:52:29.722	0.87282				2
2025.10.27	01:52:32.922	0.87283				2
2025.10.27	01:52:33.271	0.87282				2
2025.10.27	01:52:33.601	0.87283				2
2025.10.27	01:52:33.902	0.87282				2
2025.10.27	01:52:34.545	0.87283				2
2025.10.27	01:52:34.849	0.87282				2
2025.10.27	01:52:36.975		0.87286			4
2025.10.27	01:52:40.402		0.87285			4
2025.10.27	01:52:48.410	0.87283				2
2025.10.27	01:52:53.454	0.87284	0.87286			6
2025.10.27	01:53:00.856	0.87284				2
2025.10.27	01:53:01.178	0.87283				2
2025.10.27	01:53:02.460		0.87287			4
2025.10.27	01:53:03.558	0.87284	0.87286			6
2025.10.27	01:53:05.384	0.87283				2
2025.10.27	01:53:11.022	0.87284				2
2025.10.27	01:53:15.380	0.87283				2
2025.10.27	01:53:39.896	0.87282	0.87285			6
2025.10.27	01:53:44.462	0.87286	0.87288			6
2025.10.27	01:53:47.623	0.87284	0.87287			6
2025.10.27	01:53:48.311	0.87286	0.87288			6
2025.10.27	01:53:51.025	0.87287				2
2025.10.27	01:53:51.494	0.87286				2
2025.10.27	01:53:54.763		0.87289			4
2025.10.27	01:53:55.511		0.87288			4
2025.10.27	01:53:56.351		0.87289			4
2025.10.27	01:53:57.027		0.87288			4
2025.10.27	01:53:58.684	0.87283	0.87286			6
2025.10.27	01:53:59.501	0.87284				2
2025.10.27	01:54:00.354	0.87284				2
2025.10.27	01:54:01.977		0.87287			4
2025.10.27	01:54:02.330	0.87285				2
2025.10.27	01:54:03.901	0.87284				2
2025.10.27	01:54:05.383		0.87286			4
2025.10.27	01:54:06.255	0.87283	0.87287			6
2025.10.27	01:54:08.473		0.87286			4
2025.10.27	01:54:14.495	0.87284				2
2025.10.27	01:54:17.311		0.87287			4
2025.10.27	01:54:19.379	0.87282	0.87285			6
2025.10.27	01:54:21.559	0.87283				2
2025.10.27	01:54:22.001	0.87282				2
2025.10.27	01:54:25.231	0.87283				2
2025.10.27	01:54:26.276	0.87282				2
2025.10.27	01:54:35.678	0.87281	0.87284			6
2025.10.27	01:54:40.001	0.87280	0.87283			6
2025.10.27	01:54:52.638		0.87284			4
2025.10.27	01:54:56.683	0.87278	0.87283			6
2025.10.27	01:54:57.015		0.87282			4
2025.10.27	01:55:00.305	0.87280	0.87283			6
2025.10.27	01:55:01.167	0.87281	0.87284			6
2025.10.27	01:55:05.394	0.87278	0.87283			6
2025.10.27	01:55:06.385	0.87279	0.87282			6
2025.10.27	01:55:07.609	0.87277				2
2025.10.27	01:55:11.597	0.87278	0.87280			6
2025.10.27	01:55:11.932	0.87279	0.87281			6
2025.10.27	01:55:16.015	0.87277	0.87279			6
2025.10.27	01:55:16.954	0.87279	0.87283			6
2025.10.27	01:55:26.436		0.87282			4
2025.10.27	01:55:32.093	0.87278				2
2025.10.27	01:55:33.156	0.87281	0.87283			6
2025.10.27	01:55:38.792	0.87279				2
2025.10.27	01:55:43.187	0.87280				2
2025.10.27	01:55:51.033	0.87279				2
2025.10.27	01:55:51.537		0.87282			4
2025.10.27	01:55:51.871	0.87280	0.87283			6
2025.10.27	01:55:53.077	0.87279	0.87282			6
2025.10.27	01:55:53.831		0.87283			4
2025.10.27	01:55:57.633	0.87282	0.87285			6
2025.10.27	01:56:00.673	0.87282				2
2025.10.27	01:56:03.441	0.87281				2
2025.10.27	01:56:08.247	0.87282				2
2025.10.27	01:56:15.384		0.87286			4
2025.10.27	01:56:16.572		0.87285			4
2025.10.27	01:56:28.278	0.87279	0.87283			6
2025.10.27	01:56:28.654		0.87282			4
2025.10.27	01:56:28.986		0.87283			4
2025.10.27	01:56:29.299	0.87278				2
2025.10.27	01:56:33.524		0.87282			4
2025.10.27	01:56:38.771		0.87283			4
2025.10.27	01:56:43.347		0.87282			4
2025.10.27	01:56:45.517		0.87281			4
2025.10.27	01:56:46.730	0.87277	0.87280			6
2025.10.27	01:56:48.330		0.87282			4
2025.10.27	01:56:49.100		0.87281			4
2025.10.27	01:56:49.630	0.87276	0.87282			6
2025.10.27	01:56:49.939	0.87277				2
2025.10.27	01:56:52.332	0.87276	0.87281			6
2025.10.27	01:56:56.770		0.87282			4
2025.10.27	01:57:00.617	0.87276	0.87280			6
2025.10.27	01:57:01.316	0.87275	0.87279			6
2025.10.27	01:57:03.412		0.87278			4
2025.10.27	01:57:07.256		0.87279			4
2025.10.27	01:57:09.033		0.87280			4
2025.10.27	01:57:09.406	0.87276	0.87281			6
2025.10.27	01:57:10.541	0.87275	0.87279			6
2025.10.27	01:57:13.908	0.87278	0.87282			6
2025.10.27	01:57:15.064	0.87277				2
2025.10.27	01:57:15.380		0.87281			4
2025.10.27	01:57:17.607	0.87276				2
2025.10.27	01:57:18.767	0.87277				2
2025.10.27	01:57:19.790	0.87276				2
2025.10.27	01:57:22.778	0.87280	0.87284			6
2025.10.27	01:57:23.148		0.87283			4
2025.10.27	01:57:45.151	0.87281	0.87284			6
2025.10.27	01:57:45.480		0.87283			4
2025.10.27	01:57:51.653		0.87284			4
2025.10.27	01:57:53.075		0.87285			4
2025.10.27	01:57:55.009		0.87283			4
2025.10.27	01:57:56.303		0.87284			4
2025.10.27	01:58:00.114	0.87281				2
2025.10.27	01:58:00.478		0.87283			4
2025.10.27	01:58:00.971		0.87284			4
2025.10.27	01:58:01.826		0.87283			4
2025.10.27	01:58:02.139		0.87286			4
2025.10.27	01:58:02.506		0.87284			4
2025.10.27	01:58:14.209	0.87282				2
2025.10.27	01:58:16.236	0.87281				2
2025.10.27	01:58:19.998		0.87283			4
2025.10.27	01:58:23.821		0.87284			4
2025.10.27	01:58:28.662		0.87283			4
2025.10.27	01:58:29.971		0.87285			4
2025.10.27	01:58:31.505		0.87286			4
2025.10.27	01:58:32.256		0.87285			4
2025.10.27	01:58:36.298	0.87282				2
2025.10.27	01:58:37.570		0.87286			4
2025.10.27	01:59:00.366	0.87282				2
2025.10.27	01:59:03.461	0.87281	0.87285			6
2025.10.27	01:59:06.876	0.87282	0.87284			6
2025.10.27	01:59:08.106	0.87281	0.87285			6
2025.10.27	01:59:08.515	0.87282				2
2025.10.27	01:59:11.132	0.87281				2
2025.10.27	01:59:12.170	0.87282				2
2025.10.27	01:59:15.345	0.87281				2
2025.10.27	01:59:17.329	0.87282				2
2025.10.27	01:59:19.001		0.87286			4
2025.10.27	01:59:19.319	0.87281	0.87285			6
2025.10.27	01:59:21.743	0.87282				2
2025.10.27	01:59:22.103	0.87281				2
2025.10.27	01:59:22.719		0.87283			4
2025.10.27	01:59:23.022		0.87285			4
2025.10.27	01:59:23.677		0.87283			4
2025.10.27	01:59:23.982		0.87285			4
2025.10.27	01:59:25.360		0.87283			4
2025.10.27	01:59:25.677		0.87285			4
2025.10.27	01:59:26.709	0.87282				2
2025.10.27	01:59:31.291	0.87283	0.87286			6
2025.10.27	01:59:32.999	0.87284				2
2025.10.27	01:59:34.287		0.87287			4
2025.10.27	01:59:35.815	0.87285				2
2025.10.27	01:59:41.044	0.87283	0.87286			6
2025.10.27	01:59:45.149	0.87284				2
2025.10.27	01:59:56.852	0.87281	0.87283			6
2025.10.27	02:00:00.359	0.87280				2
2025.10.27	02:00:01.095	0.87277	0.87280			6
2025.10.27	02:00:01.424	0.87278				2
2025.10.27	02:00:02.182		0.87281			4
2025.10.27	02:00:02.502	0.87277				2
2025.10.27	02:00:03.306	0.87278				2
2025.10.27	02:00:05.398	0.87277				2
2025.10.27	02:00:05.719		0.87279			4
2025.10.27	02:00:07.263	0.87275	0.87278			6
2025.10.27	02:00:07.570	0.87274				2
2025.10.27	02:00:09.463	0.87275				2
2025.10.27	02:00:09.916	0.87276	0.87279			6
2025.10.27	02:00:13.782		0.87280			4
2025.10.27	02:00:14.175		0.87281			4
2025.10.27	02:00:14.490		0.87282			4
2025.10.27	02:00:14.815		0.87281			4
2025.10.27	02:00:15.460		0.87280			4
2025.10.27	02:00:21.009	0.87277				2
2025.10.27	02:00:24.049	0.87276				2
2025.10.27	02:00:24.553	0.87278	0.87281			6
2025.10.27	02:00:25.902	0.87280	0.87284			6
2025.10.27	02:00:26.219		0.87283			4
2025.10.27	02:00:27.201		0.87284			4
2025.10.27	02:00:29.331		0.87283			4
2025.10.27	02:00:31.447		0.87284			4
2025.10.27	02:00:35.825	0.87281				2
2025.10.27	02:00:36.299	0.87280	0.87282			6
2025.10.27	02:00:38.117	0.87281	0.87283			6
2025.10.27	02:00:38.953	0.87280				2
2025.10.27	02:00:40.203	0.87281	0.87284			6
