<DATE>	<TIME>	<BID>	<ASK>	<LAST>	<VOLUME>	<FLAGS>
2025.09.25	00:03:30.745	0.87201	0.87313			6
2025.09.25	00:04:01.069	0.87217				2
2025.09.25	00:04:16.114	0.87223				2
2025.09.25	00:04:38.693		0.87313			4
2025.09.25	00:05:00.397	0.87223				2
2025.09.25	00:05:06.109	0.87226				2
2025.09.25	00:05:10.877	0.87225				2
2025.09.25	00:05:11.395	0.87224				2
2025.09.25	00:05:14.359	0.87223				2
2025.09.25	00:05:16.340	0.87190	0.87312			6
2025.09.25	00:05:18.348	0.87188				2
2025.09.25	00:05:35.332		0.87302			4
2025.09.25	00:05:37.109	0.87190				2
2025.09.25	00:05:40.369	0.87191				2
2025.09.25	00:05:41.117	0.87190				2
2025.09.25	00:05:42.353	0.87189				2
2025.09.25	00:05:42.736	0.87190				2
2025.09.25	00:05:45.225	0.87192				2
2025.09.25	00:05:46.557	0.87191				2
2025.09.25	00:05:50.082	0.87190				2
2025.09.25	00:05:51.501	0.87192				2
2025.09.25	00:05:55.143	0.87191				2
2025.09.25	00:05:58.353	0.87190				2
2025.09.25	00:06:00.513	0.87190				2
2025.09.25	00:06:02.070	0.87205				2
2025.09.25	00:06:05.458	0.87206				2
2025.09.25	00:06:07.464	0.87205				2
2025.09.25	00:06:26.356	0.87206				2
2025.09.25	00:06:42.191		0.87302			4
2025.09.25	00:06:46.865	0.87200	0.87296			6
2025.09.25	00:06:55.911		0.87302			4
2025.09.25	00:07:13.176	0.87200	0.87313			6
2025.09.25	00:07:14.349	0.87198				2
2025.09.25	00:07:15.648	0.87203				2
2025.09.25	00:07:22.513	0.87198				2
2025.09.25	00:07:24.349	0.87200				2
2025.09.25	00:07:30.957	0.87203				2
2025.09.25	00:07:54.603	0.87204				2
2025.09.25	00:07:58.539	0.87202				2
2025.09.25	00:08:13.177	0.87202	0.87313			6
2025.09.25	00:09:02.348	0.87202				2
2025.09.25	00:09:22.350		0.87313			4
2025.09.25	00:10:00.316	0.87247	0.87305			6
2025.09.25	00:10:01.597	0.87246				2
2025.09.25	00:10:04.471	0.87247				2
2025.09.25	00:10:11.419	0.87249	0.87308			6
2025.09.25	00:10:15.968	0.87250	0.87309			6
2025.09.25	00:11:00.045	0.87250				2
2025.09.25	00:11:16.086		0.87309			4
2025.09.25	00:11:17.039	0.87246	0.87305			6
2025.09.25	00:11:23.161	0.87250	0.87309			6
2025.09.25	00:11:23.809	0.87246	0.87305			6
2025.09.25	00:11:27.859	0.87247	0.87304			6
2025.09.25	00:11:28.861	0.87246	0.87305			6
2025.09.25	00:11:29.783	0.87250	0.87309			6
2025.09.25	00:11:30.428	0.87246	0.87305			6
2025.09.25	00:11:57.118	0.87247				2
2025.09.25	00:11:57.493	0.87260	0.87315			6
2025.09.25	00:11:59.033	0.87261				2
2025.09.25	00:12:00.053	0.87260				2
2025.09.25	00:12:01.989	0.87262				2
2025.09.25	00:12:07.595	0.87245	0.87328			6
2025.09.25	00:12:08.667	0.87250				2
2025.09.25	00:12:09.716	0.87251				2
2025.09.25	00:12:10.317	0.87252				2
2025.09.25	00:12:10.917	0.87254				2
2025.09.25	00:12:12.117	0.87255				2
2025.09.25	00:12:13.316	0.87257				2
2025.09.25	00:12:14.516	0.87259				2
2025.09.25	00:12:15.716	0.87260				2
2025.09.25	00:12:16.622	0.87261				2
2025.09.25	00:12:17.214	0.87262				2
2025.09.25	00:12:18.320	0.87257				2
2025.09.25	00:12:19.854	0.87258				2
2025.09.25	00:12:21.420	0.87261				2
2025.09.25	00:12:22.619	0.87270				2
2025.09.25	00:12:23.407	0.87277				2
2025.09.25	00:12:30.416	0.87278				2
2025.09.25	00:12:46.258	0.87277				2
2025.09.25	00:13:01.414	0.87277				2
2025.09.25	00:13:07.821		0.87328			4
2025.09.25	00:13:11.820	0.87278				2
2025.09.25	00:13:20.468	0.87250	0.87322			6
2025.09.25	00:13:21.363	0.87248	0.87324			6
2025.09.25	00:13:22.378	0.87249				2
2025.09.25	00:13:25.443	0.87248	0.87325			6
2025.09.25	00:13:31.016	0.87247				2
2025.09.25	00:13:35.068	0.87253	0.87328			6
2025.09.25	00:13:39.484	0.87246	0.87323			6
2025.09.25	00:13:50.235	0.87257				2
2025.09.25	00:13:59.813	0.87256				2
2025.09.25	00:14:00.115	0.87257				2
2025.09.25	00:14:01.936	0.87256				2
2025.09.25	00:14:09.637	0.87255				2
2025.09.25	00:14:24.281	0.87256				2
2025.09.25	00:14:24.972	0.87251	0.87313			6
2025.09.25	00:14:29.522	0.87242	0.87307			6
2025.09.25	00:14:30.062	0.87219				2
2025.09.25	00:14:31.923	0.87218				2
2025.09.25	00:14:35.938	0.87217				2
2025.09.25	00:14:37.493	0.87224				2
2025.09.25	00:14:47.638	0.87218				2
2025.09.25	00:15:00.294	0.87218				2
2025.09.25	00:15:01.537	0.87220				2
2025.09.25	00:15:02.078	0.87218				2
2025.09.25	00:15:15.045	0.87223				2
2025.09.25	00:15:16.293	0.87213				2
2025.09.25	00:15:17.721	0.87204				2
2025.09.25	00:15:18.851	0.87220	0.87320			6
2025.09.25	00:15:24.673	0.87219				2
2025.09.25	00:15:29.534		0.87321			4
2025.09.25	00:15:33.809	0.87224	0.87308			6
2025.09.25	00:15:36.275	0.87222	0.87307			6
2025.09.25	00:15:41.561	0.87235				2
2025.09.25	00:15:51.811	0.87232				2
2025.09.25	00:15:57.798		0.87301			4
2025.09.25	00:15:58.121	0.87224				2
2025.09.25	00:16:01.921	0.87224				2
2025.09.25	00:16:11.531	0.87223				2
2025.09.25	00:16:21.812	0.87226	0.87296			6
2025.09.25	00:16:28.364	0.87227				2
2025.09.25	00:16:28.907	0.87226	0.87298			6
2025.09.25	00:16:31.919	0.87224	0.87296			6
2025.09.25	00:16:38.065	0.87219				2
2025.09.25	00:16:41.113		0.87308			4
2025.09.25	00:16:47.677		0.87303			4
2025.09.25	00:16:53.066	0.87213				2
2025.09.25	00:16:57.446		0.87302			4
2025.09.25	00:17:00.857	0.87213				2
2025.09.25	00:17:01.287		0.87303			4
2025.09.25	00:17:03.730	0.87221	0.87297			6
2025.09.25	00:17:04.078		0.87299			4
2025.09.25	00:17:11.609	0.87218	0.87304			6
2025.09.25	00:17:15.526		0.87305			4
2025.09.25	00:17:21.120		0.87304			4
2025.09.25	00:17:22.353	0.87221				2
2025.09.25	00:17:30.769	0.87224	0.87299			6
2025.09.25	00:17:31.826		0.87298			4
2025.09.25	00:17:34.375		0.87300			4
2025.09.25	00:17:34.880		0.87299			4
2025.09.25	00:17:37.953	0.87223	0.87300			6
2025.09.25	00:17:41.385	0.87220	0.87305			6
2025.09.25	00:17:52.805		0.87307			4
2025.09.25	00:18:00.259	0.87220				2
2025.09.25	00:18:07.596	0.87217				2
2025.09.25	00:18:11.638	0.87220				2
2025.09.25	00:18:30.586		0.87308			4
2025.09.25	00:18:40.786		0.87307			4
2025.09.25	00:18:43.426	0.87207				2
2025.09.25	00:18:47.304	0.87217				2
2025.09.25	00:18:47.830	0.87218				2
2025.09.25	00:18:53.076	0.87213				2
2025.09.25	00:18:54.664	0.87214	0.87308			6
2025.09.25	00:18:55.261		0.87307			4
2025.09.25	00:18:55.762		0.87308			4
2025.09.25	00:18:57.258	0.87207				2
2025.09.25	00:19:01.061	0.87207				2
2025.09.25	00:19:04.345		0.87307			4
2025.09.25	00:19:14.748	0.87243	0.87309			6
2025.09.25	00:19:15.057	0.87224				2
2025.09.25	00:19:15.750	0.87230				2
2025.09.25	00:19:16.350	0.87224				2
2025.09.25	00:19:21.817	0.87230				2
2025.09.25	00:19:30.268	0.87229	0.87310			6
2025.09.25	00:19:40.574	0.87228	0.87311			6
2025.09.25	00:19:51.718	0.87229				2
2025.09.25	00:20:01.931	0.87229				2
2025.09.25	00:20:06.422	0.87228				2
2025.09.25	00:20:11.680	0.87229				2
2025.09.25	00:20:19.753	0.87241	0.87313			6
2025.09.25	00:20:27.418	0.87221	0.87312			6
2025.09.25	00:21:05.306	0.87221				2
2025.09.25	00:21:19.102	0.87235	0.87314			6
2025.09.25	00:21:20.230	0.87236				2
2025.09.25	00:21:30.715	0.87235	0.87313			6
2025.09.25	00:21:40.915		0.87314			4
2025.09.25	00:21:41.980	0.87241	0.87307			6
2025.09.25	00:21:43.324	0.87242				2
2025.09.25	00:21:47.558	0.87240	0.87308			6
2025.09.25	00:21:49.100	0.87243	0.87306			6
2025.09.25	00:21:50.098	0.87240	0.87308			6
2025.09.25	00:21:50.624	0.87241	0.87307			6
2025.09.25	00:21:54.116		0.87308			4
2025.09.25	00:22:00.312	0.87241				2
2025.09.25	00:22:11.009	0.87240				2
2025.09.25	00:22:19.107	0.87254	0.87328			6
2025.09.25	00:22:22.534	0.87252	0.87330			6
2025.09.25	00:22:32.620	0.87253	0.87329			6
2025.09.25	00:22:34.631		0.87330			4
2025.09.25	00:22:39.512	0.87256	0.87326			6
2025.09.25	00:22:45.714		0.87327			4
2025.09.25	00:22:46.016		0.87326			4
2025.09.25	00:22:52.351	0.87258	0.87325			6
2025.09.25	00:22:54.586	0.87256	0.87326			6
2025.09.25	00:23:02.354	0.87256				2
2025.09.25	00:23:24.946		0.87327			4
2025.09.25	00:23:39.416		0.87326			4
2025.09.25	00:23:54.601	0.87257	0.87325			6
2025.09.25	00:24:01.413	0.87257				2
2025.09.25	00:24:28.168	0.87256	0.87326			6
2025.09.25	00:24:34.916		0.87327			4
2025.09.25	00:24:56.610	0.87257	0.87325			6
2025.09.25	00:25:00.308	0.87257				2
2025.09.25	00:25:00.720	0.87256	0.87327			6
2025.09.25	00:25:05.216		0.87326			4
2025.09.25	00:25:09.106	0.87255	0.87327			6
2025.09.25	00:25:22.214	0.87258	0.87330			6
2025.09.25	00:25:30.717	0.87257				2
2025.09.25	00:25:35.887	0.87258				2
2025.09.25	00:25:38.216	0.87257				2
2025.09.25	00:25:42.255		0.87331			4
2025.09.25	00:25:58.098		0.87332			4
2025.09.25	00:25:58.603	0.87258	0.87331			6
2025.09.25	00:26:02.349	0.87258				2
2025.09.25	00:26:11.128	0.87259	0.87329			6
2025.09.25	00:26:11.930		0.87330			4
2025.09.25	00:26:28.901	0.87258	0.87331			6
2025.09.25	00:26:49.002	0.87236	0.87319			6
2025.09.25	00:26:49.307	0.87235	0.87320			6
2025.09.25	00:26:50.118		0.87319			4
2025.09.25	00:27:00.116	0.87235				2
2025.09.25	00:27:03.168	0.87233	0.87330			6
2025.09.25	00:27:03.610	0.87227	0.87334			6
2025.09.25	00:27:06.116	0.87242				2
2025.09.25	00:27:06.640	0.87244				2
2025.09.25	00:27:06.999	0.87245				2
2025.09.25	00:27:07.604	0.87246				2
2025.09.25	00:27:10.917	0.87247				2
2025.09.25	00:27:14.817	0.87248	0.87333			6
2025.09.25	00:27:18.417	0.87249	0.87332			6
2025.09.25	00:27:21.118	0.87248	0.87333			6
2025.09.25	00:27:29.219	0.87249	0.87332			6
2025.09.25	00:27:31.411	0.87250	0.87331			6
2025.09.25	00:27:39.348	0.87251	0.87330			6
2025.09.25	00:27:54.116		0.87329			4
2025.09.25	00:27:56.782	0.87252				2
2025.09.25	00:27:57.416	0.87251				2
2025.09.25	00:28:00.717	0.87252				2
2025.09.25	00:28:06.253	0.87258				2
2025.09.25	00:28:19.917	0.87259				2
2025.09.25	00:28:23.522		0.87328			4
2025.09.25	00:28:37.915	0.87260				2
2025.09.25	00:29:00.353	0.87260				2
2025.09.25	00:29:01.305		0.87327			4
2025.09.25	00:29:03.716	0.87262	0.87326			6
2025.09.25	00:29:06.269	0.87256	0.87325			6
2025.09.25	00:29:09.715	0.87257	0.87324			6
2025.09.25	00:29:31.672	0.87255	0.87322			6
2025.09.25	00:30:00.377	0.87269	0.87328			6
2025.09.25	00:30:01.129	0.87270	0.87327			6
2025.09.25	00:30:04.599	0.87269				2
2025.09.25	00:30:09.715		0.87328			4
2025.09.25	00:30:14.815	0.87270	0.87327			6
2025.09.25	00:30:20.351		0.87326			4
2025.09.25	00:30:25.619		0.87327			4
2025.09.25	00:30:30.115		0.87326			4
2025.09.25	00:30:34.751	0.87271				2
2025.09.25	00:30:49.916	0.87270	0.87327			6
2025.09.25	00:30:58.916	0.87271	0.87326			6
2025.09.25	00:31:00.576	0.87271				2
2025.09.25	00:31:02.484	0.87270				2
2025.09.25	00:31:12.720	0.87271				2
2025.09.25	00:31:17.818	0.87270				2
2025.09.25	00:31:21.417	0.87271				2
2025.09.25	00:31:34.292	0.87270	0.87327			6
2025.09.25	00:32:01.994	0.87270				2
2025.09.25	00:32:07.604	0.87269	0.87328			6
2025.09.25	00:32:11.218	0.87268	0.87329			6
2025.09.25	00:32:14.818		0.87328			4
2025.09.25	00:32:17.601	0.87270	0.87327			6
2025.09.25	00:32:25.616	0.87269				2
2025.09.25	00:32:29.216		0.87328			4
2025.09.25	00:32:36.208	0.87257	0.87320			6
2025.09.25	00:33:00.146	0.87257				2
2025.09.25	00:33:36.212	0.87263	0.87321			6
2025.09.25	00:33:37.087	0.87262				2
2025.09.25	00:33:48.094		0.87322			4
2025.09.25	00:33:53.412	0.87266				2
2025.09.25	00:34:01.330	0.87266				2
2025.09.25	00:34:13.718		0.87323			4
2025.09.25	00:34:17.516	0.87265				2
2025.09.25	00:34:21.117	0.87266				2
2025.09.25	00:34:27.418		0.87322			4
2025.09.25	00:34:28.933	0.87265	0.87323			6
2025.09.25	00:34:31.480		0.87324			4
2025.09.25	00:34:34.617	0.87264				2
2025.09.25	00:34:53.420	0.87263	0.87321			6
2025.09.25	00:35:01.350	0.87263				2
2025.09.25	00:35:16.098	0.87262	0.87322			6
2025.09.25	00:35:36.147	0.87261				2
2025.09.25	00:35:37.148	0.87262				2
2025.09.25	00:35:40.514	0.87266	0.87331			6
2025.09.25	00:35:40.910	0.87265	0.87332			6
2025.09.25	00:35:41.218	0.87266	0.87331			6
2025.09.25	00:35:41.524	0.87265				2
2025.09.25	00:35:41.832	0.87266				2
2025.09.25	00:35:42.760	0.87267	0.87329			6
2025.09.25	00:35:43.596	0.87266	0.87331			6
2025.09.25	00:35:44.243	0.87267	0.87330			6
2025.09.25	00:35:44.612	0.87268	0.87336			6
2025.09.25	00:35:44.917	0.87269	0.87328			6
2025.09.25	00:35:45.558	0.87271	0.87326			6
2025.09.25	00:35:46.177		0.87327			4
2025.09.25	00:35:46.480		0.87326			4
2025.09.25	00:35:46.781	0.87272	0.87325			6
2025.09.25	00:35:47.098	0.87271				2
2025.09.25	00:35:47.418	0.87272				2
2025.09.25	00:35:50.051	0.87264	0.87326			6
2025.09.25	00:35:50.382		0.87325			4
2025.09.25	00:35:50.716	0.87255	0.87323			6
2025.09.25	00:35:51.018	0.87251	0.87322			6
2025.09.25	00:35:51.325	0.87250	0.87324			6
2025.09.25	00:35:51.626	0.87249	0.87325			6
2025.09.25	00:35:51.930		0.87326			4
2025.09.25	00:35:52.239	0.87248	0.87325			6
2025.09.25	00:35:52.542	0.87249	0.87324			6
2025.09.25	00:35:52.859	0.87250	0.87323			6
2025.09.25	00:35:53.257	0.87272	0.87325			6
2025.09.25	00:35:53.918	0.87273	0.87335			6
2025.09.25	00:35:55.056	0.87272	0.87325			6
2025.09.25	00:35:55.358	0.87271	0.87326			6
2025.09.25	00:35:55.662	0.87255				2
2025.09.25	00:35:55.978	0.87271	0.87325			6
2025.09.25	00:35:56.284	0.87274	0.87334			6
2025.09.25	00:35:57.355	0.87258	0.87326			6
2025.09.25	00:35:57.658	0.87257				2
2025.09.25	00:35:57.975	0.87274	0.87334			6
2025.09.25	00:35:59.731	0.87276	0.87332			6
2025.09.25	00:36:00.133	0.87259	0.87327			6
2025.09.25	00:36:00.522	0.87276	0.87332			6
2025.09.25	00:36:01.426	0.87275	0.87333			6
2025.09.25	00:36:05.204	0.87278	0.87330			6
2025.09.25	00:36:06.817	0.87277	0.87331			6
2025.09.25	00:36:12.329	0.87261	0.87329			6
2025.09.25	00:36:12.640		0.87328			4
2025.09.25	00:36:12.942	0.87259	0.87329			6
2025.09.25	00:36:14.150		0.87328			4
2025.09.25	00:36:14.457		0.87329			4
2025.09.25	00:36:15.080		0.87328			4
2025.09.25	00:36:18.737		0.87329			4
2025.09.25	00:36:19.155		0.87328			4
2025.09.25	00:36:19.516		0.87329			4
2025.09.25	00:36:20.836	0.87257				2
2025.09.25	00:36:21.734	0.87260				2
2025.09.25	00:36:25.192	0.87257	0.87328			6
2025.09.25	00:36:35.452		0.87329			4
2025.09.25	00:36:39.655	0.87259				2
2025.09.25	00:36:40.303	0.87257				2
2025.09.25	00:36:41.642		0.87328			4
2025.09.25	00:36:41.965		0.87329			4
2025.09.25	00:36:44.356	0.87258	0.87328			6
2025.09.25	00:36:45.001		0.87329			4
2025.09.25	00:36:54.562	0.87255	0.87326			6
2025.09.25	00:36:54.867		0.87327			4
2025.09.25	00:36:55.187	0.87253				2
2025.09.25	00:36:55.662	0.87252				2
2025.09.25	00:36:56.768	0.87255				2
2025.09.25	00:36:57.273	0.87259	0.87328			6
2025.09.25	00:36:59.658	0.87257				2
2025.09.25	00:37:00.237	0.87273	0.87335			6
2025.09.25	00:37:00.538	0.87249	0.87326			6
2025.09.25	00:37:00.968	0.87256	0.87325			6
2025.09.25	00:37:01.280		0.87326			4
2025.09.25	00:37:01.934	0.87259				2
2025.09.25	00:37:02.269		0.87327			4
2025.09.25	00:37:04.177		0.87325			4
2025.09.25	00:37:05.953		0.87327			4
2025.09.25	00:37:06.774		0.87325			4
2025.09.25	00:37:07.077		0.87326			4
2025.09.25	00:37:07.698		0.87327			4
2025.09.25	00:37:07.998	0.87257	0.87326			6
2025.09.25	00:37:12.806	0.87255				2
2025.09.25	00:37:13.911		0.87327			4
2025.09.25	00:37:17.376	0.87257				2
2025.09.25	00:37:20.878	0.87254				2
2025.09.25	00:37:25.583	0.87258				2
2025.09.25	00:37:28.300		0.87329			4
2025.09.25	00:37:33.044		0.87328			4
2025.09.25	00:37:33.386	0.87255	0.87327			6
2025.09.25	00:37:33.782	0.87258				2
2025.09.25	00:37:36.591		0.87328			4
2025.09.25	00:37:41.096		0.87327			4
2025.09.25	00:37:41.888		0.87328			4
2025.09.25	00:37:46.073	0.87257	0.87326			6
2025.09.25	00:37:46.377		0.87327			4
2025.09.25	00:37:55.269		0.87326			4
2025.09.25	00:37:58.509	0.87255				2
2025.09.25	00:38:01.010	0.87255				2
2025.09.25	00:38:04.384		0.87327			4
2025.09.25	00:38:06.436		0.87324			4
2025.09.25	00:38:06.738	0.87253	0.87325			6
2025.09.25	00:38:07.040		0.87324			4
2025.09.25	00:38:07.364		0.87325			4
2025.09.25	00:38:08.279		0.87324			4
2025.09.25	00:38:08.898		0.87325			4
2025.09.25	00:38:09.392	0.87254				2
2025.09.25	00:38:10.320		0.87324			4
2025.09.25	00:38:10.622	0.87255	0.87325			6
2025.09.25	00:38:11.561		0.87326			4
2025.09.25	00:38:12.561		0.87327			4
2025.09.25	00:38:12.868	0.87257	0.87326			6
2025.09.25	00:38:13.231	0.87255				2
2025.09.25	00:38:13.639		0.87325			4
2025.09.25	00:38:14.862	0.87251				2
2025.09.25	00:38:15.420		0.87324			4
2025.09.25	00:38:15.744	0.87253	0.87325			6
2025.09.25	00:38:16.064		0.87324			4
2025.09.25	00:38:16.744	0.87255				2
2025.09.25	00:38:17.070		0.87325			4
2025.09.25	00:38:18.348		0.87324			4
2025.09.25	00:38:19.176		0.87325			4
2025.09.25	00:38:20.829		0.87326			4
2025.09.25	00:38:21.174	0.87253				2
2025.09.25	00:38:21.722		0.87327			4
2025.09.25	00:38:25.761	0.87252	0.87326			6
2025.09.25	00:38:26.078	0.87250	0.87325			6
2025.09.25	00:38:26.381	0.87249				2
2025.09.25	00:38:26.699	0.87250	0.87324			6
2025.09.25	00:38:27.003		0.87325			4
2025.09.25	00:38:27.652		0.87324			4
2025.09.25	00:38:28.655		0.87323			4
2025.09.25	00:38:28.957		0.87324			4
2025.09.25	00:38:30.253		0.87323			4
2025.09.25	00:38:31.350		0.87324			4
2025.09.25	00:38:31.995	0.87251				2
2025.09.25	00:38:32.297	0.87249	0.87325			6
2025.09.25	00:38:32.638	0.87250	0.87323			6
2025.09.25	00:38:35.135	0.87252				2
2025.09.25	00:38:35.871	0.87250	0.87324			6
2025.09.25	00:38:36.735	0.87252	0.87325			6
2025.09.25	00:38:37.346	0.87250				2
2025.09.25	00:38:42.117		0.87324			4
2025.09.25	00:38:42.738	0.87251	0.87325			6
2025.09.25	00:38:43.040	0.87252	0.87324			6
2025.09.25	00:38:45.239	0.87250				2
2025.09.25	00:38:45.544	0.87251	0.87323			6
2025.09.25	00:38:45.939		0.87325			4
2025.09.25	00:38:46.481	0.87250	0.87324			6
2025.09.25	00:38:47.473	0.87253	0.87325			6
2025.09.25	00:38:55.849	0.87251				2
2025.09.25	00:39:00.413	0.87250	0.87324			6
2025.09.25	00:39:00.932		0.87323			4
2025.09.25	00:39:01.803		0.87324			4
2025.09.25	00:39:02.241	0.87249				2
2025.09.25	00:39:03.162	0.87250				2
2025.09.25	00:39:04.018		0.87325			4
2025.09.25	00:39:04.422		0.87324			4
2025.09.25	00:39:07.655	0.87249				2
2025.09.25	00:39:08.393	0.87250	0.87323			6
2025.09.25	00:39:10.121	0.87251				2
2025.09.25	00:39:10.794	0.87252	0.87321			6
2025.09.25	00:39:11.553	0.87251	0.87322			6
2025.09.25	00:39:11.931	0.87253				2
2025.09.25	00:39:12.349	0.87252	0.87323			6
2025.09.25	00:39:12.658	0.87253	0.87322			6
2025.09.25	00:39:13.128	0.87252				2
2025.09.25	00:39:13.555	0.87253	0.87321			6
2025.09.25	00:39:14.358		0.87322			4
2025.09.25	00:39:14.680	0.87252	0.87321			6
2025.09.25	00:39:15.957	0.87253	0.87320			6
2025.09.25	00:39:21.805	0.87252	0.87321			6
2025.09.25	00:39:23.897	0.87253				2
2025.09.25	00:39:24.199	0.87254	0.87320			6
2025.09.25	00:39:24.500	0.87252	0.87321			6
2025.09.25	00:39:25.130	0.87254	0.87320			6
2025.09.25	00:39:25.438	0.87253				2
2025.09.25	00:39:27.963	0.87254	0.87321			6
2025.09.25	00:39:28.439		0.87320			4
2025.09.25	00:39:36.016	0.87253				2
2025.09.25	00:39:36.459	0.87254				2
2025.09.25	00:39:36.774	0.87253	0.87321			6
2025.09.25	00:39:37.383	0.87255				2
2025.09.25	00:39:37.869		0.87320			4
2025.09.25	00:39:38.285	0.87253	0.87321			6
2025.09.25	00:39:39.601		0.87320			4
2025.09.25	00:39:41.802		0.87321			4
2025.09.25	00:39:44.240		0.87320			4
2025.09.25	00:39:48.049		0.87321			4
2025.09.25	00:39:49.077	0.87255				2
2025.09.25	00:39:49.410		0.87320			4
2025.09.25	00:39:49.978		0.87319			4
2025.09.25	00:39:50.480	0.87254				2
2025.09.25	00:39:52.934		0.87320			4
2025.09.25	00:39:53.687	0.87253				2
2025.09.25	00:39:53.988	0.87254	0.87319			6
2025.09.25	00:39:54.385		0.87320			4
2025.09.25	00:39:55.007		0.87319			4
2025.09.25	00:39:55.487		0.87320			4
2025.09.25	00:39:56.579	0.87253				2
2025.09.25	00:39:58.695	0.87257				2
2025.09.25	00:40:00.296	0.87254				2
2025.09.25	00:40:00.919		0.87321			4
2025.09.25	00:40:03.241	0.87253	0.87320			6
2025.09.25	00:40:03.557	0.87254	0.87319			6
2025.09.25	00:40:03.889	0.87253	0.87320			6
2025.09.25	00:40:04.300	0.87254				2
2025.09.25	00:40:04.676		0.87319			4
2025.09.25	00:40:05.004	0.87255	0.87320			6
2025.09.25	00:40:05.314	0.87254				2
2025.09.25	00:40:05.942		0.87319			4
2025.09.25	00:40:06.303	0.87253	0.87320			6
2025.09.25	00:40:06.644		0.87321			4
2025.09.25	00:40:07.607		0.87320			4
2025.09.25	00:40:10.270		0.87321			4
2025.09.25	00:40:10.832	0.87250				2
2025.09.25	00:40:11.207		0.87320			4
2025.09.25	00:40:13.811	0.87252	0.87319			6
2025.09.25	00:40:15.165	0.87256				2
2025.09.25	00:40:16.017		0.87320			4
2025.09.25	00:40:17.596	0.87254				2
2025.09.25	00:40:18.976	0.87253				2
2025.09.25	00:40:27.114	0.87254	0.87319			6
2025.09.25	00:40:29.121	0.87255	0.87318			6
2025.09.25	00:40:29.842	0.87254	0.87319			6
2025.09.25	00:40:30.164	0.87253	0.87320			6
2025.09.25	00:40:30.533	0.87254				2
2025.09.25	00:40:33.917		0.87319			4
2025.09.25	00:40:35.648	0.87253	0.87320			6
2025.09.25	00:40:37.016	0.87254	0.87319			6
2025.09.25	00:40:40.877	0.87255	0.87318			6
2025.09.25	00:40:46.395	0.87256				2
2025.09.25	00:40:47.597	0.87255				2
2025.09.25	00:40:48.719	0.87256	0.87317			6
2025.09.25	00:40:53.194	0.87255	0.87318			6
2025.09.25	00:40:54.716	0.87256	0.87317			6
2025.09.25	00:40:59.568	0.87255	0.87318			6
2025.09.25	00:41:04.142	0.87255				2
2025.09.25	00:41:10.347	0.87256	0.87317			6
2025.09.25	00:41:11.576	0.87255	0.87318			6
2025.09.25	00:41:18.242	0.87256	0.87317			6
2025.09.25	00:41:25.880	0.87255				2
2025.09.25	00:41:26.189		0.87318			4
2025.09.25	00:41:32.777	0.87256	0.87317			6
2025.09.25	00:41:33.157	0.87255	0.87318			6
2025.09.25	00:41:47.963	0.87252	0.87319			6
2025.09.25	00:41:48.389		0.87317			4
2025.09.25	00:41:52.278		0.87318			4
2025.09.25	00:41:56.261		0.87317			4
2025.09.25	00:41:56.612	0.87253				2
2025.09.25	00:41:56.937	0.87251				2
2025.09.25	00:41:57.245	0.87253	0.87316			6
2025.09.25	00:41:58.244	0.87254	0.87317			6
2025.09.25	00:42:00.353	0.87254				2
2025.09.25	00:42:00.917	0.87253				2
2025.09.25	00:42:02.189	0.87251				2
2025.09.25	00:42:03.494	0.87252				2
2025.09.25	00:42:07.600	0.87250				2
2025.09.25	00:42:14.162	0.87249	0.87318			6
2025.09.25	00:42:15.176	0.87250				2
2025.09.25	00:42:15.544		0.87317			4
2025.09.25	00:42:17.597	0.87252				2
2025.09.25	00:42:20.115		0.87318			4
2025.09.25	00:42:23.257	0.87250				2
2025.09.25	00:42:24.938	0.87252				2
2025.09.25	00:42:27.597	0.87250				2
2025.09.25	00:42:30.781	0.87249				2
2025.09.25	00:42:36.298		0.87319			4
2025.09.25	00:42:36.620	0.87250	0.87318			6
2025.09.25	00:42:37.610	0.87252				2
2025.09.25	00:42:40.847	0.87253	0.87319			6
2025.09.25	00:42:42.841	0.87251	0.87318			6
2025.09.25	00:42:43.196	0.87253				2
2025.09.25	00:42:44.199	0.87254				2
2025.09.25	00:42:44.916	0.87253				2
2025.09.25	00:42:47.954	0.87252	0.87317			6
2025.09.25	00:42:49.768	0.87265				2
2025.09.25	00:42:51.061	0.87266	0.87316			6
2025.09.25	00:42:54.596	0.87263	0.87318			6
2025.09.25	00:42:55.839	0.87264				2
2025.09.25	00:42:58.334	0.87263	0.87319			6
2025.09.25	00:42:58.837	0.87264	0.87318			6
2025.09.25	00:43:00.459	0.87265	0.87317			6
2025.09.25	00:43:04.416	0.87264	0.87319			6
2025.09.25	00:43:04.718	0.87265	0.87316			6
2025.09.25	00:43:05.874		0.87317			4
2025.09.25	00:43:06.622		0.87316			4
2025.09.25	00:43:09.573		0.87317			4
2025.09.25	00:43:11.837	0.87264	0.87318			6
2025.09.25	00:43:13.428	0.87265	0.87317			6
2025.09.25	00:43:13.756	0.87263	0.87319			6
2025.09.25	00:43:14.063	0.87264	0.87318			6
2025.09.25	00:43:17.261	0.87263	0.87319			6
2025.09.25	00:43:17.927	0.87265	0.87317			6
2025.09.25	00:43:18.931	0.87266	0.87316			6
2025.09.25	00:43:21.097	0.87265				2
2025.09.25	00:43:22.280		0.87317			4
2025.09.25	00:43:27.701	0.87263	0.87318			6
2025.09.25	00:43:28.680	0.87264				2
2025.09.25	00:43:43.847	0.87265	0.87317			6
2025.09.25	00:43:46.916	0.87266	0.87316			6
2025.09.25	00:43:50.541	0.87265				2
2025.09.25	00:43:50.952	0.87266				2
2025.09.25	00:43:51.697	0.87247	0.87314			6
2025.09.25	00:43:52.041		0.87315			4
2025.09.25	00:43:52.796	0.87241	0.87314			6
2025.09.25	00:43:53.099	0.87247	0.87315			6
2025.09.25	00:43:55.053	0.87242	0.87313			6
2025.09.25	00:43:55.362	0.87243	0.87314			6
2025.09.25	00:43:55.678	0.87248	0.87315			6
2025.09.25	00:43:56.146		0.87314			4
2025.09.25	00:43:56.493		0.87315			4
2025.09.25	00:43:56.798		0.87314			4
2025.09.25	00:43:57.977		0.87315			4
2025.09.25	00:43:58.390		0.87314			4
2025.09.25	00:44:00.246	0.87248				2
2025.09.25	00:44:01.412	0.87244				2
2025.09.25	00:44:01.882	0.87245	0.87312			6
2025.09.25	00:44:02.393	0.87248	0.87315			6
2025.09.25	00:44:02.907		0.87314			4
2025.09.25	00:44:05.877	0.87250				2
2025.09.25	00:44:06.295	0.87249	0.87315			6
2025.09.25	00:44:10.346		0.87314			4
2025.09.25	00:44:10.700	0.87247				2
2025.09.25	00:44:11.100	0.87248	0.87313			6
2025.09.25	00:44:11.514	0.87245				2
2025.09.25	00:44:13.052	0.87267	0.87320			6
2025.09.25	00:44:13.741	0.87266				2
2025.09.25	00:44:14.566	0.87267				2
2025.09.25	00:44:14.900	0.87266				2
2025.09.25	00:44:15.234	0.87267				2
2025.09.25	00:44:16.311	0.87266	0.87319			6
2025.09.25	00:44:16.622	0.87264				2
2025.09.25	00:44:17.120	0.87267	0.87320			6
2025.09.25	00:44:17.443	0.87263				2
2025.09.25	00:44:17.752	0.87264				2
2025.09.25	00:44:19.142	0.87267				2
2025.09.25	00:44:19.526	0.87268				2
2025.09.25	00:44:20.020	0.87267				2
2025.09.25	00:44:20.992	0.87268				2
2025.09.25	00:44:21.835		0.87319			4
2025.09.25	00:44:22.869	0.87269				2
2025.09.25	00:44:25.120	0.87268				2
2025.09.25	00:44:26.211	0.87270	0.87320			6
2025.09.25	00:44:26.545	0.87267				2
2025.09.25	00:44:26.876	0.87268				2
2025.09.25	00:44:27.184	0.87266	0.87318			6
2025.09.25	00:44:27.513	0.87268				2
2025.09.25	00:44:27.818	0.87270	0.87320			6
2025.09.25	00:44:28.305		0.87319			4
2025.09.25	00:44:29.132	0.87271				2
2025.09.25	00:44:29.880	0.87270				2
2025.09.25	00:44:30.188	0.87268				2
2025.09.25	00:44:31.348	0.87271	0.87318			6
2025.09.25	00:44:31.829		0.87319			4
2025.09.25	00:44:32.147	0.87270				2
2025.09.25	00:44:34.075	0.87271				2
2025.09.25	00:44:35.320	0.87270				2
2025.09.25	00:44:37.023		0.87320			4
2025.09.25	00:44:37.337	0.87267				2
2025.09.25	00:44:37.744	0.87268	0.87312			6
2025.09.25	00:44:38.053	0.87270	0.87308			6
2025.09.25	00:44:38.565		0.87309			4
2025.09.25	00:44:39.778	0.87271	0.87316			6
2025.09.25	00:44:41.694	0.87265	0.87313			6
2025.09.25	00:44:42.177		0.87317			4
2025.09.25	00:44:47.820		0.87315			4
2025.09.25	00:44:51.308	0.87271	0.87320			6
2025.09.25	00:44:57.604	0.87270	0.87318			6
2025.09.25	00:45:00.863	0.87270				2
2025.09.25	00:45:02.004	0.87269	0.87320			6
2025.09.25	00:45:02.346	0.87270				2
2025.09.25	00:45:03.218	0.87266	0.87323			6
2025.09.25	00:45:04.801	0.87267	0.87324			6
2025.09.25	00:45:05.152	0.87265	0.87322			6
2025.09.25	00:45:05.452	0.87264	0.87321			6
2025.09.25	00:45:06.748	0.87270	0.87320			6
2025.09.25	00:45:08.238	0.87272				2
2025.09.25	00:45:10.773	0.87284	0.87308			6
2025.09.25	00:45:14.230	0.87282				2
2025.09.25	00:45:19.111	0.87281				2
2025.09.25	00:45:28.512	0.87282				2
2025.09.25	00:45:33.231		0.87305			4
2025.09.25	00:45:33.577	0.87281				2
2025.09.25	00:45:34.038	0.87282				2
2025.09.25	00:45:41.227	0.87285	0.87308			6
2025.09.25	00:45:47.336	0.87284				2
2025.09.25	00:45:53.237	0.87283				2
2025.09.25	00:45:58.772	0.87282				2
2025.09.25	00:46:00.758	0.87282				2
2025.09.25	00:46:07.605		0.87306			4
2025.09.25	00:46:11.686	0.87280				2
2025.09.25	00:46:12.847	0.87281				2
2025.09.25	00:46:15.521	0.87279	0.87304			6
2025.09.25	00:46:25.493		0.87303			4
2025.09.25	00:46:26.680	0.87278				2
2025.09.25	00:46:29.815	0.87284	0.87308			6
2025.09.25	00:46:31.236	0.87286	0.87304			6
2025.09.25	00:46:37.368		0.87305			4
2025.09.25	00:46:38.186	0.87284	0.87307			6
2025.09.25	00:46:38.877	0.87282				2
2025.09.25	00:46:40.584		0.87308			4
2025.09.25	00:46:41.687	0.87284				2
2025.09.25	00:46:47.598	0.87282				2
2025.09.25	00:46:48.867	0.87284				2
2025.09.25	00:46:56.308	0.87282				2
2025.09.25	00:47:03.215	0.87280	0.87313			6
2025.09.25	00:47:06.450	0.87282	0.87308			6
2025.09.25	00:47:06.756	0.87286	0.87309			6
2025.09.25	00:47:17.591	0.87283	0.87310			6
2025.09.25	00:47:18.275	0.87284	0.87309			6
2025.09.25	00:47:18.871	0.87282				2
2025.09.25	00:47:25.923		0.87310			4
2025.09.25	00:47:27.055		0.87309			4
2025.09.25	00:47:28.862	0.87286				2
2025.09.25	00:48:00.224	0.87286				2
2025.09.25	00:48:27.604		0.87309			4
2025.09.25	00:48:36.302	0.87282				2
2025.09.25	00:48:36.915		0.87311			4
2025.09.25	00:48:37.592	0.87285	0.87310			6
2025.09.25	00:48:47.499	0.87282	0.87311			6
2025.09.25	00:48:52.041		0.87310			4
2025.09.25	00:49:00.488	0.87282				2
2025.09.25	00:49:06.772		0.87311			4
2025.09.25	00:49:07.605	0.87281	0.87315			6
2025.09.25	00:49:14.141	0.87282	0.87311			6
2025.09.25	00:49:17.336	0.87281				2
2025.09.25	00:49:19.622	0.87282	0.87313			6
2025.09.25	00:49:20.396		0.87312			4
2025.09.25	00:49:21.142	0.87283				2
2025.09.25	00:49:40.440	0.87282	0.87311			6
2025.09.25	00:50:00.157	0.87282				2
2025.09.25	00:50:01.617		0.87313			4
2025.09.25	00:50:03.860		0.87311			4
2025.09.25	00:50:05.404	0.87283				2
2025.09.25	00:50:07.589	0.87282				2
2025.09.25	00:50:15.775		0.87310			4
2025.09.25	00:50:16.897		0.87309			4
2025.09.25	00:50:17.602	0.87283				2
2025.09.25	00:50:18.316	0.87282				2
2025.09.25	00:50:35.317	0.87285				2
2025.09.25	00:50:46.627	0.87284				2
2025.09.25	00:50:47.603	0.87282				2
2025.09.25	00:51:01.235	0.87283				2
2025.09.25	00:51:01.538	0.87282				2
2025.09.25	00:51:12.239	0.87283				2
2025.09.25	00:51:12.722	0.87286				2
2025.09.25	00:51:13.242	0.87285				2
2025.09.25	00:51:14.111	0.87286				2
2025.09.25	00:51:17.346		0.87309			4
2025.09.25	00:51:23.792	0.87285				2
2025.09.25	00:51:42.605	0.87286				2
2025.09.25	00:51:47.601	0.87282				2
2025.09.25	00:51:53.364	0.87283				2
2025.09.25	00:51:53.665	0.87282				2
2025.09.25	00:51:56.366	0.87281				2
2025.09.25	00:51:57.600	0.87282				2
2025.09.25	00:52:00.561	0.87281				2
2025.09.25	00:52:00.868	0.87282				2
2025.09.25	00:52:01.872	0.87281				2
2025.09.25	00:52:07.621	0.87282				2
2025.09.25	00:52:08.371	0.87285				2
2025.09.25	00:52:14.817	0.87284	0.87313			6
2025.09.25	00:52:15.628		0.87312			4
2025.09.25	00:52:17.286	0.87282	0.87310			6
2025.09.25	00:52:17.913	0.87281	0.87314			6
2025.09.25	00:52:18.278	0.87284	0.87313			6
2025.09.25	00:52:19.512	0.87282	0.87310			6
2025.09.25	00:52:20.931	0.87278				2
2025.09.25	00:52:21.257	0.87281	0.87309			6
2025.09.25	00:52:21.905	0.87282	0.87310			6
2025.09.25	00:52:22.893	0.87283				2
2025.09.25	00:52:37.204	0.87282				2
2025.09.25	00:52:38.350	0.87284				2
2025.09.25	00:52:47.500	0.87286	0.87309			6
2025.09.25	00:52:48.708	0.87284	0.87310			6
2025.09.25	00:52:49.952	0.87283				2
2025.09.25	00:52:51.731	0.87282	0.87308			6
2025.09.25	00:52:52.205	0.87279				2
2025.09.25	00:52:53.571	0.87281				2
2025.09.25	00:52:53.912	0.87280				2
2025.09.25	00:52:54.413	0.87282				2
2025.09.25	00:52:56.018	0.87283				2
2025.09.25	00:52:56.711	0.87286				2
2025.09.25	00:52:58.522	0.87287				2
2025.09.25	00:53:01.343	0.87286	0.87310			6
2025.09.25	00:53:01.914	0.87287	0.87309			6
2025.09.25	00:53:04.320	0.87289	0.87308			6
2025.09.25	00:53:06.835	0.87295				2
2025.09.25	00:53:08.869	0.87288				2
2025.09.25	00:53:11.349	0.87282				2
2025.09.25	00:53:28.030	0.87283				2
2025.09.25	00:53:29.411	0.87282				2
2025.09.25	00:53:32.351	0.87284				2
2025.09.25	00:53:32.654	0.87286				2
2025.09.25	00:53:33.633	0.87287				2
2025.09.25	00:53:43.988	0.87286				2
2025.09.25	00:53:47.770	0.87289				2
2025.09.25	00:53:48.141	0.87291				2
2025.09.25	00:53:48.783	0.87293				2
2025.09.25	00:54:00.425	0.87293				2
2025.09.25	00:54:05.368		0.87308			4
2025.09.25	00:54:13.096	0.87292				2
2025.09.25	00:54:15.124	0.87291				2
2025.09.25	00:54:15.958	0.87292				2
2025.09.25	00:54:17.604	0.87288				2
2025.09.25	00:54:25.565	0.87290				2
2025.09.25	00:54:25.964	0.87287				2
2025.09.25	00:54:26.820	0.87292				2
2025.09.25	00:54:28.856	0.87289				2
2025.09.25	00:54:30.418	0.87291				2
2025.09.25	00:54:35.060	0.87284				2
2025.09.25	00:54:37.593	0.87291				2
2025.09.25	00:54:41.380	0.87289				2
2025.09.25	00:54:43.602	0.87291				2
2025.09.25	00:54:45.362	0.87293				2
2025.09.25	00:54:47.602	0.87285				2
2025.09.25	00:54:51.312	0.87284				2
2025.09.25	00:54:53.579	0.87285				2
2025.09.25	00:54:54.069	0.87292				2
2025.09.25	00:54:55.646	0.87291				2
2025.09.25	00:54:56.282	0.87292				2
2025.09.25	00:54:56.685	0.87293				2
2025.09.25	00:54:57.094	0.87292				2
2025.09.25	00:54:57.601	0.87289				2
2025.09.25	00:54:59.070	0.87290				2
2025.09.25	00:55:00.236	0.87285				2
2025.09.25	00:55:02.686	0.87286				2
2025.09.25	00:55:03.137	0.87284				2
2025.09.25	00:55:05.065		0.87310			4
2025.09.25	00:55:07.618		0.87314			4
2025.09.25	00:55:08.324	0.87285	0.87312			6
2025.09.25	00:55:08.988	0.87288	0.87310			6
2025.09.25	00:55:09.416	0.87285	0.87312			6
2025.09.25	00:55:10.191	0.87287	0.87310			6
2025.09.25	00:55:10.601	0.87288	0.87311			6
2025.09.25	00:55:11.667	0.87285	0.87313			6
2025.09.25	00:55:14.390	0.87286				2
2025.09.25	00:55:14.701	0.87285				2
2025.09.25	00:55:15.362	0.87291	0.87312			6
2025.09.25	00:55:15.763	0.87285	0.87315			6
2025.09.25	00:55:16.502	0.87284	0.87316			6
2025.09.25	00:55:17.245	0.87285	0.87315			6
2025.09.25	00:55:17.598	0.87283				2
2025.09.25	00:55:17.965	0.87284				2
2025.09.25	00:55:20.011	0.87283				2
2025.09.25	00:55:21.848	0.87281				2
2025.09.25	00:55:22.271		0.87316			4
2025.09.25	00:55:23.750	0.87284	0.87315			6
2025.09.25	00:55:25.671	0.87280				2
2025.09.25	00:55:27.689		0.87314			4
2025.09.25	00:55:28.417	0.87281				2
2025.09.25	00:55:31.453	0.87280				2
2025.09.25	00:55:33.074	0.87281	0.87315			6
2025.09.25	00:55:34.490	0.87280				2
2025.09.25	00:55:34.905	0.87281				2
2025.09.25	00:55:35.707	0.87280	0.87314			6
2025.09.25	00:55:36.084	0.87279				2
2025.09.25	00:55:37.790	0.87281				2
2025.09.25	00:55:42.417	0.87280				2
2025.09.25	00:55:46.905	0.87281				2
2025.09.25	00:55:53.320	0.87283				2
2025.09.25	00:56:02.675	0.87283				2
2025.09.25	00:56:17.601	0.87279				2
2025.09.25	00:56:20.024	0.87283				2
2025.09.25	00:56:20.637	0.87282				2
2025.09.25	00:56:27.601	0.87283				2
2025.09.25	00:56:33.236	0.87284				2
2025.09.25	00:56:35.900		0.87314			4
2025.09.25	00:56:42.456	0.87289				2
2025.09.25	00:56:44.670	0.87286	0.87303			6
2025.09.25	00:56:48.229	0.87288				2
2025.09.25	00:56:50.164	0.87289				2
2025.09.25	00:56:51.280	0.87288				2
2025.09.25	00:56:52.828	0.87287				2
2025.09.25	00:56:54.153	0.87284				2
2025.09.25	00:57:02.724	0.87284				2
2025.09.25	00:57:03.263	0.87282				2
2025.09.25	00:57:06.713	0.87284				2
2025.09.25	00:57:18.977	0.87281				2
2025.09.25	00:57:27.507		0.87302			4
2025.09.25	00:57:30.191	0.87280				2
2025.09.25	00:57:31.239	0.87281				2
2025.09.25	00:57:31.826	0.87280				2
2025.09.25	00:57:33.035	0.87279				2
2025.09.25	00:57:33.597	0.87275				2
2025.09.25	00:57:33.975	0.87278				2
2025.09.25	00:57:41.771	0.87284				2
2025.09.25	00:57:45.013	0.87282				2
2025.09.25	00:57:49.244	0.87283				2
2025.09.25	00:57:57.366	0.87282				2
2025.09.25	00:58:00.316	0.87282				2
2025.09.25	00:58:03.554		0.87314			4
2025.09.25	00:58:04.351	0.87279				2
2025.09.25	00:58:04.670	0.87282				2
2025.09.25	00:58:09.037	0.87281				2
2025.09.25	00:58:13.473	0.87288				2
2025.09.25	00:58:34.015	0.87287				2
2025.09.25	00:58:54.728	0.87286				2
2025.09.25	00:58:57.609	0.87287				2
2025.09.25	00:58:58.357	0.87288	0.87319			6
2025.09.25	00:59:00.361	0.87289				2
2025.09.25	00:59:06.716	0.87288				2
2025.09.25	00:59:26.417	0.87289				2
2025.09.25	00:59:28.886	0.87287				2
2025.09.25	00:59:37.601	0.87288				2
2025.09.25	00:59:48.470	0.87289				2
2025.09.25	00:59:54.716	0.87288				2
2025.09.25	01:00:00.312	0.87289	0.87342			6
2025.09.25	01:00:00.640	0.87290				2
2025.09.25	01:00:01.695	0.87292	0.87341			6
2025.09.25	01:00:02.009	0.87291	0.87342			6
2025.09.25	01:00:02.315	0.87293				2
2025.09.25	01:00:02.926	0.87295				2
2025.09.25	01:00:03.495	0.87298	0.87305			6
2025.09.25	01:00:04.126	0.87296	0.87303			6
2025.09.25	01:00:04.744	0.87293	0.87300			6
2025.09.25	01:00:05.047	0.87292	0.87299			6
2025.09.25	01:00:05.378	0.87295	0.87302			6
2025.09.25	01:00:05.682	0.87293	0.87300			6
2025.09.25	01:00:06.001	0.87295	0.87302			6
2025.09.25	01:00:06.630	0.87296	0.87303			6
2025.09.25	01:00:06.955	0.87292	0.87318			6
2025.09.25	01:00:07.335	0.87290				2
2025.09.25	01:00:07.729	0.87287				2
2025.09.25	01:00:08.223		0.87317			4
2025.09.25	01:00:09.526	0.87288	0.87312			6
2025.09.25	01:00:10.367	0.87287				2
2025.09.25	01:00:13.512	0.87288				2
2025.09.25	01:00:13.856	0.87287	0.87317			6
2025.09.25	01:00:15.146	0.87288	0.87312			6
2025.09.25	01:00:15.835	0.87294				2
2025.09.25	01:00:16.268	0.87304				2
2025.09.25	01:00:17.148	0.87302				2
2025.09.25	01:00:18.350	0.87300				2
2025.09.25	01:00:20.216	0.87288				2
2025.09.25	01:00:24.026	0.87293				2
2025.09.25	01:00:25.316	0.87294				2
2025.09.25	01:00:25.860	0.87296				2
2025.09.25	01:00:26.349	0.87294				2
2025.09.25	01:00:27.416	0.87293				2
2025.09.25	01:00:28.347	0.87294				2
2025.09.25	01:00:37.142		0.87308			4
2025.09.25	01:00:41.154		0.87310			4
2025.09.25	01:00:41.755	0.87295	0.87311			6
2025.09.25	01:00:44.564		0.87314			4
2025.09.25	01:00:44.878	0.87296	0.87311			6
2025.09.25	01:00:46.357	0.87295				2
2025.09.25	01:00:46.767	0.87294				2
2025.09.25	01:00:48.168		0.87308			4
2025.09.25	01:00:53.834		0.87311			4
2025.09.25	01:00:56.764	0.87298	0.87308			6
2025.09.25	01:00:57.172		0.87310			4
2025.09.25	01:00:57.639	0.87300				2
2025.09.25	01:00:57.950	0.87301				2
2025.09.25	01:00:58.281		0.87308			4
2025.09.25	01:00:58.605		0.87310			4
2025.09.25	01:00:59.390	0.87299	0.87317			6
2025.09.25	01:00:59.747		0.87312			4
2025.09.25	01:01:00.312	0.87302				2
2025.09.25	01:01:00.619	0.87297	0.87308			6
2025.09.25	01:01:01.000	0.87296				2
2025.09.25	01:01:02.350	0.87295	0.87312			6
2025.09.25	01:01:02.658		0.87308			4
2025.09.25	01:01:04.882	0.87300				2
2025.09.25	01:01:05.184	0.87301	0.87315			6
2025.09.25	01:01:05.872	0.87303	0.87319			6
2025.09.25	01:01:06.337		0.87315			4
2025.09.25	01:01:07.156		0.87318			4
2025.09.25	01:01:08.768		0.87319			4
2025.09.25	01:01:10.248	0.87302	0.87315			6
2025.09.25	01:01:10.561	0.87301				2
2025.09.25	01:01:11.449	0.87300	0.87313			6
2025.09.25	01:01:11.816	0.87301				2
2025.09.25	01:01:15.116	0.87302				2
2025.09.25	01:01:16.064	0.87303				2
2025.09.25	01:01:18.236	0.87305				2
2025.09.25	01:01:20.235	0.87306				2
2025.09.25	01:01:22.563	0.87304				2
2025.09.25	01:01:23.028	0.87303	0.87314			6
2025.09.25	01:01:23.796	0.87307	0.87319			6
2025.09.25	01:01:26.206	0.87306				2
2025.09.25	01:01:26.521	0.87305				2
2025.09.25	01:01:27.021	0.87303	0.87313			6
2025.09.25	01:01:28.421	0.87302				2
2025.09.25	01:01:29.362	0.87301				2
2025.09.25	01:01:31.697	0.87302				2
2025.09.25	01:01:35.216	0.87303				2
2025.09.25	01:01:36.244	0.87304				2
2025.09.25	01:01:36.791	0.87305				2
2025.09.25	01:01:40.596	0.87309	0.87317			6
2025.09.25	01:01:40.898	0.87304				2
2025.09.25	01:01:41.209		0.87320			4
2025.09.25	01:01:41.553	0.87303	0.87317			6
2025.09.25	01:01:42.337	0.87304	0.87320			6
2025.09.25	01:01:42.643		0.87317			4
2025.09.25	01:01:42.954		0.87320			4
2025.09.25	01:01:43.632		0.87317			4
2025.09.25	01:01:44.051		0.87320			4
2025.09.25	01:01:45.305	0.87307	0.87324			6
2025.09.25	01:01:45.617		0.87323			4
2025.09.25	01:01:45.937		0.87324			4
2025.09.25	01:01:47.490	0.87308				2
2025.09.25	01:01:48.363	0.87309				2
2025.09.25	01:01:48.755	0.87310	0.87323			6
2025.09.25	01:01:49.760	0.87311				2
2025.09.25	01:01:51.720	0.87312				2
2025.09.25	01:01:52.077	0.87305				2
2025.09.25	01:01:52.378	0.87303				2
2025.09.25	01:01:53.375	0.87304	0.87324			6
2025.09.25	01:01:53.752	0.87305				2
2025.09.25	01:01:56.560	0.87304				2
2025.09.25	01:01:56.912	0.87305				2
2025.09.25	01:01:57.653	0.87306	0.87323			6
2025.09.25	01:01:58.693	0.87305				2
2025.09.25	01:02:00.359	0.87305				2
2025.09.25	01:02:00.711	0.87306				2
2025.09.25	01:02:01.306	0.87307	0.87322			6
2025.09.25	01:02:02.326	0.87309				2
2025.09.25	01:02:03.349	0.87305	0.87323			6
2025.09.25	01:02:05.387	0.87307	0.87322			6
2025.09.25	01:02:06.464	0.87308				2
2025.09.25	01:02:06.779	0.87309				2
2025.09.25	01:02:07.123		0.87320			4
2025.09.25	01:02:07.581	0.87310				2
2025.09.25	01:02:08.023	0.87308				2
2025.09.25	01:02:08.338	0.87307				2
2025.09.25	01:02:09.420	0.87305	0.87317			6
2025.09.25	01:02:11.817	0.87304				2
2025.09.25	01:02:12.416	0.87305				2
2025.09.25	01:02:12.764	0.87306				2
2025.09.25	01:02:13.446	0.87307				2
2025.09.25	01:02:13.765	0.87310				2
2025.09.25	01:02:14.724	0.87306				2
2025.09.25	01:02:15.252	0.87305				2
2025.09.25	01:02:16.788	0.87304				2
2025.09.25	01:02:18.273	0.87303				2
2025.09.25	01:02:18.577		0.87311			4
2025.09.25	01:02:18.880	0.87304				2
2025.09.25	01:02:19.246	0.87306				2
2025.09.25	01:02:22.653	0.87305				2
2025.09.25	01:02:24.848	0.87306				2
2025.09.25	01:02:26.978	0.87308				2
2025.09.25	01:02:28.239	0.87309				2
2025.09.25	01:02:28.560	0.87307				2
2025.09.25	01:02:29.380	0.87306				2
2025.09.25	01:02:30.383	0.87304				2
2025.09.25	01:02:30.711	0.87305				2
2025.09.25	01:02:31.951	0.87304				2
2025.09.25	01:02:32.685	0.87302				2
2025.09.25	01:02:33.688	0.87298				2
2025.09.25	01:02:34.690	0.87307				2
2025.09.25	01:02:35.638	0.87306				2
2025.09.25	01:02:36.737	0.87305				2
2025.09.25	01:02:38.216	0.87306				2
2025.09.25	01:02:39.764	0.87307				2
2025.09.25	01:02:43.912	0.87308				2
2025.09.25	01:02:44.623	0.87307				2
2025.09.25	01:02:46.977	0.87306				2
2025.09.25	01:02:47.623	0.87308				2
2025.09.25	01:02:48.994	0.87309				2
2025.09.25	01:02:50.138	0.87311	0.87312			6
2025.09.25	01:02:50.440	0.87312	0.87313			6
2025.09.25	01:02:50.888	0.87309	0.87312			6
2025.09.25	01:02:52.016	0.87308				2
2025.09.25	01:02:54.259	0.87311				2
2025.09.25	01:02:55.253	0.87312	0.87313			6
2025.09.25	01:02:56.272	0.87309	0.87312			6
2025.09.25	01:02:57.875	0.87308				2
2025.09.25	01:03:00.456	0.87309				2
2025.09.25	01:03:04.460	0.87311				2
2025.09.25	01:03:05.656	0.87309				2
2025.09.25	01:03:06.879	0.87308				2
2025.09.25	01:03:07.476		0.87314			4
2025.09.25	01:03:08.580	0.87309				2
2025.09.25	01:03:09.307	0.87310				2
2025.09.25	01:03:10.321	0.87311				2
2025.09.25	01:03:11.112	0.87310				2
2025.09.25	01:03:15.868	0.87312				2
2025.09.25	01:03:16.387	0.87313				2
2025.09.25	01:03:17.373	0.87310				2
2025.09.25	01:03:19.016	0.87309				2
2025.09.25	01:03:19.831	0.87310				2
2025.09.25	01:03:26.171	0.87311				2
2025.09.25	01:03:26.675	0.87310				2
2025.09.25	01:03:31.413	0.87311				2
2025.09.25	01:03:32.881	0.87310				2
2025.09.25	01:03:34.520	0.87311				2
2025.09.25	01:03:35.016	0.87310				2
2025.09.25	01:03:39.683	0.87308	0.87313			6
2025.09.25	01:03:40.338	0.87307				2
2025.09.25	01:03:41.288	0.87308				2
2025.09.25	01:03:42.228	0.87310	0.87314			6
2025.09.25	01:03:48.346	0.87311				2
2025.09.25	01:03:50.354	0.87312				2
2025.09.25	01:03:56.036	0.87310				2
2025.09.25	01:04:00.009	0.87310				2
2025.09.25	01:04:03.298	0.87311				2
2025.09.25	01:04:03.924	0.87312				2
2025.09.25	01:04:04.414	0.87310				2
2025.09.25	01:04:08.311	0.87311				2
2025.09.25	01:04:08.634	0.87312				2
2025.09.25	01:04:09.460	0.87310				2
2025.09.25	01:04:12.452	0.87311				2
2025.09.25	01:04:12.802	0.87309				2
2025.09.25	01:04:15.717	0.87311				2
2025.09.25	01:04:16.347	0.87310				2
2025.09.25	01:04:20.615	0.87311				2
2025.09.25	01:04:21.635	0.87310				2
2025.09.25	01:04:22.646	0.87309				2
2025.09.25	01:04:25.686	0.87310				2
2025.09.25	01:04:26.680	0.87311				2
2025.09.25	01:04:27.768	0.87312				2
2025.09.25	01:04:28.621	0.87310				2
2025.09.25	01:04:29.759	0.87309				2
2025.09.25	01:04:40.175	0.87311				2
2025.09.25	01:04:42.371		0.87314			4
2025.09.25	01:04:44.516	0.87310				2
2025.09.25	01:04:47.040	0.87311				2
2025.09.25	01:04:48.539	0.87312				2
2025.09.25	01:04:49.236	0.87313				2
2025.09.25	01:04:49.604	0.87310				2
2025.09.25	01:04:52.017		0.87311			4
2025.09.25	01:04:53.285	0.87311	0.87312			6
2025.09.25	01:04:57.253	0.87310	0.87311			6
2025.09.25	01:04:59.790	0.87311	0.87312			6
2025.09.25	01:05:00.363	0.87311				2
2025.09.25	01:05:03.462	0.87310	0.87311			6
2025.09.25	01:05:04.671	0.87311	0.87312			6
2025.09.25	01:05:06.056	0.87312	0.87313			6
2025.09.25	01:05:07.570	0.87311	0.87312			6
2025.09.25	01:05:09.415	0.87310	0.87311			6
2025.09.25	01:05:15.570	0.87311	0.87312			6
2025.09.25	01:05:17.149	0.87312	0.87313			6
2025.09.25	01:05:23.704	0.87311	0.87312			6
2025.09.25	01:05:31.036	0.87312	0.87313			6
2025.09.25	01:05:40.252	0.87313	0.87314			6
2025.09.25	01:05:42.205	0.87312	0.87313			6
2025.09.25	01:05:43.371	0.87311	0.87312			6
2025.09.25	01:05:48.416	0.87312	0.87313			6
2025.09.25	01:05:50.242	0.87311	0.87312			6
2025.09.25	01:05:56.336	0.87312	0.87313			6
2025.09.25	01:06:00.118	0.87313	0.87314			6
2025.09.25	01:06:01.254	0.87312	0.87313			6
2025.09.25	01:06:03.417	0.87311	0.87312			6
2025.09.25	01:06:04.088	0.87310	0.87311			6
2025.09.25	01:06:06.717	0.87311	0.87312			6
2025.09.25	01:06:22.034	0.87312	0.87313			6
2025.09.25	01:06:24.229	0.87313	0.87314			6
2025.09.25	01:06:27.093	0.87311	0.87312			6
2025.09.25	01:06:32.684	0.87312	0.87313			6
2025.09.25	01:06:35.581	0.87313	0.87314			6
2025.09.25	01:06:36.870	0.87312	0.87316			6
2025.09.25	01:06:38.797	0.87311				2
2025.09.25	01:06:40.321	0.87312				2
2025.09.25	01:06:42.117	0.87311				2
2025.09.25	01:06:42.942	0.87312				2
2025.09.25	01:06:43.721	0.87313				2
2025.09.25	01:06:45.283	0.87312				2
2025.09.25	01:06:47.516	0.87311				2
2025.09.25	01:06:49.776	0.87312				2
2025.09.25	01:06:50.151	0.87311	0.87312			6
2025.09.25	01:06:54.963		0.87316			4
2025.09.25	01:07:00.009	0.87312				2
2025.09.25	01:07:01.090	0.87313				2
2025.09.25	01:07:02.412	0.87311	0.87312			6
2025.09.25	01:07:03.420		0.87316			4
2025.09.25	01:07:03.896	0.87310				2
2025.09.25	01:07:07.458	0.87311				2
2025.09.25	01:07:12.117	0.87313				2
2025.09.25	01:07:15.301	0.87312				2
2025.09.25	01:07:16.114	0.87311				2
2025.09.25	01:07:16.658	0.87310				2
2025.09.25	01:07:16.989	0.87311				2
2025.09.25	01:07:17.636	0.87310				2
2025.09.25	01:07:22.068	0.87311				2
2025.09.25	01:07:23.467		0.87315			4
2025.09.25	01:07:23.780	0.87310	0.87316			6
2025.09.25	01:07:29.336	0.87311				2
2025.09.25	01:07:32.366	0.87310				2
2025.09.25	01:07:36.418	0.87311				2
2025.09.25	01:07:38.518	0.87312				2
2025.09.25	01:07:39.415	0.87313				2
2025.09.25	01:07:39.727	0.87314				2
2025.09.25	01:07:41.630	0.87311				2
2025.09.25	01:07:47.388	0.87312				2
2025.09.25	01:07:48.263	0.87308				2
2025.09.25	01:07:48.579	0.87309				2
2025.09.25	01:07:48.987	0.87310				2
2025.09.25	01:07:50.221	0.87303	0.87314			6
2025.09.25	01:07:50.855	0.87304				2
2025.09.25	01:07:51.529	0.87309	0.87315			6
2025.09.25	01:07:53.287	0.87308				2
2025.09.25	01:07:53.601	0.87307	0.87313			6
2025.09.25	01:08:01.193	0.87308				2
2025.09.25	01:08:03.997	0.87307				2
2025.09.25	01:08:13.096	0.87308				2
2025.09.25	01:08:15.822	0.87307				2
2025.09.25	01:08:35.761	0.87309				2
2025.09.25	01:08:45.241	0.87310				2
2025.09.25	01:08:53.817		0.87313			4
2025.09.25	01:08:59.503		0.87314			4
2025.09.25	01:09:01.808	0.87310				2
2025.09.25	01:09:17.439	0.87311				2
2025.09.25	01:09:17.905	0.87312	0.87316			6
2025.09.25	01:09:18.354	0.87313				2
2025.09.25	01:09:21.412	0.87312				2
2025.09.25	01:09:30.971	0.87310	0.87313			6
2025.09.25	01:09:32.816	0.87309				2
2025.09.25	01:10:00.416	0.87309				2
2025.09.25	01:10:13.939	0.87310				2
2025.09.25	01:10:15.886	0.87309				2
2025.09.25	01:10:17.377	0.87308				2
2025.09.25	01:10:31.501		0.87313			4
2025.09.25	01:10:32.663	0.87307				2
2025.09.25	01:10:40.391	0.87308				2
2025.09.25	01:10:54.131	0.87307				2
2025.09.25	01:11:00.353	0.87307				2
2025.09.25	01:11:02.184		0.87311			4
2025.09.25	01:11:04.902	0.87306				2
2025.09.25	01:11:17.235		0.87312			4
2025.09.25	01:11:28.979	0.87305				2
2025.09.25	01:11:35.052		0.87311			4
2025.09.25	01:11:38.642	0.87299				2
2025.09.25	01:11:43.276	0.87301				2
2025.09.25	01:11:43.618	0.87300				2
2025.09.25	01:11:46.917	0.87299				2
2025.09.25	01:12:01.343	0.87300				2
2025.09.25	01:12:04.282	0.87299				2
2025.09.25	01:12:08.006	0.87296	0.87310			6
2025.09.25	01:12:08.349	0.87297				2
2025.09.25	01:12:09.049	0.87298				2
2025.09.25	01:12:09.419	0.87299				2
2025.09.25	01:12:11.395	0.87298				2
2025.09.25	01:12:12.562	0.87300	0.87309			6
2025.09.25	01:12:12.865	0.87297				2
2025.09.25	01:12:13.206		0.87308			4
2025.09.25	01:12:13.523	0.87295				2
2025.09.25	01:12:14.017	0.87297	0.87307			6
2025.09.25	01:12:15.681	0.87296				2
2025.09.25	01:12:16.428	0.87293				2
2025.09.25	01:12:17.518	0.87294				2
2025.09.25	01:12:19.300	0.87295				2
2025.09.25	01:12:19.713	0.87296				2
2025.09.25	01:12:20.298	0.87297	0.87306			6
2025.09.25	01:12:21.274		0.87305			4
2025.09.25	01:12:22.735	0.87295	0.87307			6
2025.09.25	01:12:23.212	0.87296				2
2025.09.25	01:12:23.719		0.87306			4
2025.09.25	01:12:24.354	0.87297				2
2025.09.25	01:12:27.716		0.87305			4
2025.09.25	01:12:29.977		0.87306			4
2025.09.25	01:12:30.840	0.87296	0.87305			6
2025.09.25	01:12:32.437	0.87297				2
2025.09.25	01:12:33.402	0.87296	0.87304			6
2025.09.25	01:12:35.942		0.87306			4
2025.09.25	01:12:36.448		0.87304			4
2025.09.25	01:12:37.438	0.87295				2
2025.09.25	01:12:38.443	0.87296				2
2025.09.25	01:12:41.376		0.87306			4
2025.09.25	01:12:43.307	0.87295	0.87304			6
2025.09.25	01:12:46.917		0.87303			4
2025.09.25	01:12:47.272	0.87296	0.87306			6
2025.09.25	01:12:53.019		0.87304			4
2025.09.25	01:13:00.314	0.87296	0.87305			6
2025.09.25	01:13:07.059		0.87304			4
2025.09.25	01:13:23.053	0.87293	0.87303			6
2025.09.25	01:13:25.284	0.87295				2
2025.09.25	01:13:27.037	0.87296	0.87307			6
2025.09.25	01:13:30.303	0.87293	0.87304			6
2025.09.25	01:13:34.510	0.87296	0.87305			6
2025.09.25	01:13:35.514		0.87304			4
2025.09.25	01:13:40.264	0.87295				2
2025.09.25	01:13:42.573	0.87296	0.87305			6
2025.09.25	01:13:43.522		0.87304			4
2025.09.25	01:13:56.376	0.87295				2
2025.09.25	01:13:58.279	0.87294	0.87302			6
2025.09.25	01:13:58.581	0.87297	0.87305			6
2025.09.25	01:14:00.438	0.87296				2
2025.09.25	01:14:02.585	0.87295				2
2025.09.25	01:14:04.288		0.87304			4
2025.09.25	01:14:07.016		0.87305			4
2025.09.25	01:14:10.301		0.87304			4
2025.09.25	01:14:12.632		0.87305			4
2025.09.25	01:14:18.731	0.87292	0.87302			6
2025.09.25	01:14:21.773	0.87295				2
2025.09.25	01:14:23.818		0.87303			4
2025.09.25	01:14:30.180	0.87291				2
2025.09.25	01:14:32.603	0.87295				2
2025.09.25	01:14:33.745	0.87293				2
2025.09.25	01:14:38.995	0.87295				2
2025.09.25	01:14:39.298		0.87305			4
2025.09.25	01:14:40.290	0.87292	0.87303			6
2025.09.25	01:14:41.718	0.87294	0.87302			6
2025.09.25	01:14:45.360	0.87295	0.87303			6
2025.09.25	01:14:46.394	0.87294				2
2025.09.25	01:14:47.869	0.87293	0.87304			6
2025.09.25	01:14:49.151	0.87291				2
2025.09.25	01:14:49.462	0.87293				2
2025.09.25	01:14:53.464	0.87296				2
2025.09.25	01:14:55.710	0.87293				2
2025.09.25	01:14:59.376		0.87303			4
2025.09.25	01:14:59.859	0.87295	0.87304			6
2025.09.25	01:15:00.373	0.87296				2
2025.09.25	01:15:01.406	0.87297				2
2025.09.25	01:15:01.719	0.87296	0.87303			6
2025.09.25	01:15:02.173	0.87292	0.87304			6
2025.09.25	01:15:03.125	0.87291				2
2025.09.25	01:15:03.474	0.87296				2
2025.09.25	01:15:04.501	0.87290				2
2025.09.25	01:15:04.830	0.87296				2
2025.09.25	01:15:05.501	0.87297				2
2025.09.25	01:15:05.875	0.87296				2
2025.09.25	01:15:07.583		0.87303			4
2025.09.25	01:15:07.898		0.87304			4
2025.09.25	01:15:12.241	0.87295				2
2025.09.25	01:15:12.868	0.87296				2
2025.09.25	01:15:16.304		0.87303			4
2025.09.25	01:15:21.358	0.87297				2
2025.09.25	01:15:21.669		0.87305			4
2025.09.25	01:15:22.355	0.87298				2
2025.09.25	01:15:23.065	0.87297				2
2025.09.25	01:15:24.189	0.87296				2
2025.09.25	01:15:25.030	0.87297				2
2025.09.25	01:15:26.029	0.87296				2
2025.09.25	01:15:26.502	0.87297				2
2025.09.25	01:15:27.158	0.87296				2
2025.09.25	01:15:27.890	0.87297	0.87306			6
2025.09.25	01:15:29.242	0.87298				2
2025.09.25	01:15:32.322	0.87296	0.87305			6
2025.09.25	01:15:32.656	0.87299	0.87306			6
2025.09.25	01:15:32.973	0.87297				2
2025.09.25	01:15:33.284	0.87298				2
2025.09.25	01:15:33.609	0.87296	0.87305			6
2025.09.25	01:15:33.951	0.87297				2
2025.09.25	01:15:34.272	0.87298	0.87306			6
2025.09.25	01:15:34.614	0.87295				2
2025.09.25	01:15:35.300	0.87299				2
2025.09.25	01:15:36.739	0.87296				2
2025.09.25	01:15:37.252		0.87302			4
2025.09.25	01:15:48.409		0.87299			4
2025.09.25	01:15:50.256		0.87300			4
2025.09.25	01:15:52.203		0.87299			4
2025.09.25	01:16:04.315	0.87296				2
2025.09.25	01:16:07.431	0.87295				2
2025.09.25	01:16:16.522	0.87294				2
2025.09.25	01:16:30.605	0.87295				2
2025.09.25	01:16:32.249	0.87292	0.87297			6
2025.09.25	01:16:41.162	0.87293	0.87298			6
2025.09.25	01:16:43.475	0.87294	0.87297			6
2025.09.25	01:17:00.317	0.87294				2
2025.09.25	01:17:01.203	0.87293				2
2025.09.25	01:17:02.987	0.87294				2
2025.09.25	01:17:17.248	0.87293				2
2025.09.25	01:17:17.736	0.87294				2
2025.09.25	01:17:34.147	0.87293				2
2025.09.25	01:17:43.430	0.87294				2
2025.09.25	01:17:47.282	0.87293	0.87297			6
2025.09.25	01:17:47.688	0.87294				2
2025.09.25	01:17:49.037	0.87293				2
2025.09.25	01:17:49.866	0.87294				2
2025.09.25	01:17:50.203	0.87293				2
2025.09.25	01:17:53.527	0.87292				2
2025.09.25	01:17:53.844	0.87293				2
2025.09.25	01:17:55.093	0.87294				2
2025.09.25	01:17:55.546	0.87293				2
2025.09.25	01:17:59.025	0.87295				2
2025.09.25	01:18:00.374	0.87294				2
2025.09.25	01:18:03.561	0.87292				2
2025.09.25	01:18:06.969	0.87293	0.87298			6
2025.09.25	01:18:07.366	0.87294				2
2025.09.25	01:18:08.199		0.87297			4
2025.09.25	01:18:16.347	0.87293				2
2025.09.25	01:18:27.249	0.87294				2
2025.09.25	01:18:27.600	0.87293				2
2025.09.25	01:18:37.217	0.87292				2
2025.09.25	01:18:59.990		0.87299			4
2025.09.25	01:19:00.741	0.87292	0.87297			6
2025.09.25	01:19:45.700	0.87290				2
2025.09.25	01:19:47.514	0.87291				2
2025.09.25	01:19:55.308	0.87290				2
2025.09.25	01:20:02.389	0.87292	0.87297			6
2025.09.25	01:20:11.417	0.87293				2
2025.09.25	01:20:12.976	0.87290				2
2025.09.25	01:20:23.410	0.87291				2
2025.09.25	01:20:30.618	0.87296	0.87298			6
2025.09.25	01:20:31.016	0.87294	0.87297			6
2025.09.25	01:20:34.046	0.87292				2
2025.09.25	01:20:35.329	0.87293				2
2025.09.25	01:20:38.347	0.87291				2
2025.09.25	01:20:56.978	0.87292				2
2025.09.25	01:21:00.215	0.87292				2
2025.09.25	01:21:04.233	0.87294				2
2025.09.25	01:21:04.539	0.87293				2
2025.09.25	01:21:13.615	0.87295				2
2025.09.25	01:21:14.430	0.87293				2
2025.09.25	01:21:15.723	0.87294				2
2025.09.25	01:21:17.585	0.87293				2
2025.09.25	01:21:18.203	0.87294				2
2025.09.25	01:21:21.411	0.87290				2
2025.09.25	01:21:22.114	0.87293				2
2025.09.25	01:21:23.962		0.87298			4
2025.09.25	01:21:26.820	0.87296				2
2025.09.25	01:21:28.330	0.87297				2
2025.09.25	01:21:32.517	0.87296	0.87299			6
2025.09.25	01:21:36.010	0.87294				2
2025.09.25	01:21:36.373	0.87293	0.87298			6
2025.09.25	01:21:39.666	0.87294	0.87299			6
2025.09.25	01:21:40.135	0.87293	0.87298			6
2025.09.25	01:21:41.651	0.87294	0.87299			6
2025.09.25	01:21:52.547	0.87298	0.87301			6
2025.09.25	01:21:53.381	0.87297				2
2025.09.25	01:21:53.699		0.87303			4
2025.09.25	01:21:55.274	0.87298				2
2025.09.25	01:22:00.065	0.87299				2
2025.09.25	01:22:04.718	0.87300				2
2025.09.25	01:22:13.316	0.87299				2
2025.09.25	01:22:19.616	0.87300				2
2025.09.25	01:22:23.797	0.87299				2
2025.09.25	01:22:27.716	0.87300				2
2025.09.25	01:22:39.416	0.87299				2
2025.09.25	01:22:40.954	0.87300				2
2025.09.25	01:22:54.246		0.87303			4
2025.09.25	01:23:01.414	0.87300				2
2025.09.25	01:23:06.715	0.87301				2
2025.09.25	01:23:17.218	0.87300				2
2025.09.25	01:23:57.373	0.87301	0.87303			6
2025.09.25	01:24:04.316	0.87301				2
2025.09.25	01:24:22.016	0.87302				2
2025.09.25	01:24:31.249	0.87303	0.87305			6
2025.09.25	01:24:53.774	0.87301				2
2025.09.25	01:25:00.488	0.87301				2
2025.09.25	01:25:19.422	0.87300	0.87304			6
2025.09.25	01:25:25.981		0.87305			4
2025.09.25	01:25:33.716	0.87299				2
2025.09.25	01:25:34.780	0.87300				2
2025.09.25	01:25:39.846	0.87301				2
2025.09.25	01:25:42.737	0.87302				2
2025.09.25	01:25:45.378	0.87303				2
2025.09.25	01:25:51.416	0.87302				2
2025.09.25	01:26:00.597	0.87300				2
2025.09.25	01:26:08.921	0.87303				2
2025.09.25	01:26:13.131	0.87302				2
2025.09.25	01:26:13.461	0.87301				2
2025.09.25	01:26:14.316	0.87305	0.87306			6
2025.09.25	01:26:17.508	0.87306	0.87308			6
2025.09.25	01:26:22.317	0.87305				2
2025.09.25	01:26:22.752		0.87307			4
2025.09.25	01:26:25.445	0.87304				2
2025.09.25	01:26:46.069	0.87305	0.87308			6
2025.09.25	01:26:46.423	0.87303				2
2025.09.25	01:26:47.455		0.87307			4
2025.09.25	01:26:51.716	0.87304				2
2025.09.25	01:26:59.373	0.87303				2
2025.09.25	01:26:59.784	0.87302				2
2025.09.25	01:27:00.407	0.87302				2
2025.09.25	01:27:09.411	0.87303				2
2025.09.25	01:27:13.145	0.87302				2
2025.09.25	01:27:14.471	0.87303				2
2025.09.25	01:27:20.608	0.87302	0.87305			6
2025.09.25	01:27:22.661	0.87305	0.87306			6
2025.09.25	01:27:25.954	0.87302	0.87304			6
2025.09.25	01:27:29.314	0.87301				2
2025.09.25	01:27:30.415	0.87302				2
2025.09.25	01:27:36.194	0.87299				2
2025.09.25	01:27:36.598	0.87300				2
2025.09.25	01:27:40.213	0.87301				2
2025.09.25	01:27:43.632	0.87300				2
2025.09.25	01:27:51.163	0.87301				2
2025.09.25	01:27:58.503	0.87299				2
2025.09.25	01:28:00.237	0.87300				2
2025.09.25	01:28:11.278	0.87299				2
2025.09.25	01:28:12.408	0.87300				2
2025.09.25	01:28:13.759	0.87298				2
2025.09.25	01:28:14.375	0.87297				2
2025.09.25	01:28:15.515	0.87299				2
2025.09.25	01:28:29.619		0.87304			4
2025.09.25	01:28:30.376	0.87300				2
2025.09.25	01:29:00.501	0.87300				2
2025.09.25	01:29:04.537		0.87305			4
2025.09.25	01:29:47.086	0.87298				2
2025.09.25	01:29:51.578	0.87299				2
2025.09.25	01:29:52.757	0.87298				2
2025.09.25	01:29:59.689	0.87299				2
2025.09.25	01:30:00.375	0.87299				2
2025.09.25	01:30:03.230	0.87303	0.87304			6
2025.09.25	01:30:06.651	0.87300	0.87305			6
2025.09.25	01:30:08.817	0.87299				2
2025.09.25	01:30:15.377	0.87300				2
2025.09.25	01:30:18.631	0.87299				2
2025.09.25	01:30:26.137	0.87301				2
2025.09.25	01:31:00.509	0.87301				2
2025.09.25	01:31:04.999		0.87307			4
2025.09.25	01:31:06.893	0.87299				2
2025.09.25	01:31:07.376		0.87306			4
2025.09.25	01:31:12.232		0.87307			4
2025.09.25	01:31:30.454	0.87301				2
2025.09.25	01:31:32.028	0.87302				2
2025.09.25	01:31:37.741	0.87300				2
2025.09.25	01:31:39.605	0.87299				2
2025.09.25	01:31:45.426	0.87301				2
2025.09.25	01:31:59.073	0.87300				2
2025.09.25	01:31:59.817		0.87306			4
2025.09.25	01:32:00.465	0.87300				2
2025.09.25	01:32:16.671		0.87305			4
2025.09.25	01:32:19.677	0.87299				2
2025.09.25	01:32:30.466	0.87300				2
2025.09.25	01:32:39.153	0.87301				2
2025.09.25	01:32:58.940	0.87300				2
2025.09.25	01:33:00.414	0.87300				2
2025.09.25	01:33:10.358	0.87301				2
2025.09.25	01:33:11.386		0.87307			4
2025.09.25	01:33:12.133		0.87306			4
2025.09.25	01:33:18.603	0.87300	0.87307			6
2025.09.25	01:33:19.355		0.87306			4
2025.09.25	01:33:30.483	0.87301				2
2025.09.25	01:33:57.190	0.87305	0.87307			6
2025.09.25	01:34:01.917	0.87305				2
2025.09.25	01:34:04.458	0.87304				2
2025.09.25	01:34:12.844		0.87306			4
2025.09.25	01:34:14.994		0.87307			4
2025.09.25	01:34:18.656		0.87306			4
2025.09.25	01:34:19.265		0.87307			4
2025.09.25	01:34:19.891		0.87306			4
2025.09.25	01:34:24.415	0.87305	0.87311			6
2025.09.25	01:34:41.657		0.87310			4
2025.09.25	01:34:51.384		0.87311			4
2025.09.25	01:34:59.107	0.87306				2
2025.09.25	01:35:00.347	0.87305	0.87310			6
2025.09.25	01:35:11.169	0.87306				2
2025.09.25	01:35:12.699		0.87311			4
2025.09.25	01:35:25.330	0.87307				2
2025.09.25	01:35:31.136	0.87309				2
2025.09.25	01:35:36.484	0.87308				2
2025.09.25	01:35:53.057	0.87306				2
2025.09.25	01:36:00.315	0.87306				2
2025.09.25	01:36:02.883	0.87307				2
2025.09.25	01:36:17.665		0.87311			4
2025.09.25	01:36:27.716	0.87310				2
2025.09.25	01:36:33.075	0.87309				2
2025.09.25	01:36:37.953	0.87310	0.87312			6
2025.09.25	01:36:38.579	0.87308	0.87311			6
2025.09.25	01:36:39.717	0.87309				2
2025.09.25	01:36:40.647		0.87312			4
2025.09.25	01:36:46.695		0.87311			4
2025.09.25	01:36:48.046	0.87308	0.87312			6
2025.09.25	01:36:58.104		0.87311			4
2025.09.25	01:37:01.313	0.87308				2
2025.09.25	01:37:04.841	0.87309				2
2025.09.25	01:37:16.185		0.87312			4
2025.09.25	01:37:22.357	0.87308				2
2025.09.25	01:37:23.375		0.87311			4
2025.09.25	01:37:27.746	0.87307				2
2025.09.25	01:37:34.078	0.87308				2
2025.09.25	01:37:42.420	0.87307				2
2025.09.25	01:37:51.714	0.87308				2
2025.09.25	01:37:56.073	0.87310	0.87312			6
2025.09.25	01:37:59.437		0.87311			4
2025.09.25	01:38:00.718	0.87309				2
2025.09.25	01:38:02.578	0.87310				2
2025.09.25	01:38:11.144	0.87308				2
2025.09.25	01:38:12.190	0.87310				2
2025.09.25	01:38:15.749	0.87308				2
2025.09.25	01:38:18.208	0.87310				2
2025.09.25	01:38:21.967	0.87308				2
2025.09.25	01:38:23.105	0.87309				2
2025.09.25	01:38:36.790	0.87308				2
2025.09.25	01:38:37.311	0.87307				2
2025.09.25	01:38:57.347	0.87308				2
2025.09.25	01:39:00.436	0.87309	0.87311			6
2025.09.25	01:39:02.138		0.87313			4
2025.09.25	01:39:05.495		0.87312			4
2025.09.25	01:39:10.249	0.87307				2
2025.09.25	01:39:19.336	0.87306				2
2025.09.25	01:39:21.115	0.87307				2
2025.09.25	01:39:27.395	0.87306				2
2025.09.25	01:40:02.138	0.87306				2
2025.09.25	01:40:10.377		0.87312			4
2025.09.25	01:40:39.928	0.87307				2
2025.09.25	01:40:41.414	0.87306				2
2025.09.25	01:40:46.152	0.87307				2
2025.09.25	01:40:52.600	0.87308				2
2025.09.25	01:41:01.316	0.87307				2
2025.09.25	01:41:12.005	0.87306	0.87312			6
2025.09.25	01:41:15.027	0.87307				2
2025.09.25	01:41:18.718	0.87308				2
2025.09.25	01:41:20.003	0.87306				2
2025.09.25	01:41:20.979	0.87308				2
2025.09.25	01:41:37.974	0.87307				2
2025.09.25	01:41:42.136	0.87308				2
2025.09.25	01:41:45.236	0.87309	0.87313			6
2025.09.25	01:42:00.580	0.87309				2
2025.09.25	01:42:26.739		0.87314			4
2025.09.25	01:42:39.316	0.87308	0.87312			6
2025.09.25	01:42:41.261	0.87309				2
2025.09.25	01:42:53.455	0.87308				2
2025.09.25	01:42:58.531	0.87309				2
2025.09.25	01:43:00.671	0.87309				2
2025.09.25	01:43:03.883		0.87311			4
2025.09.25	01:43:04.254	0.87308	0.87312			6
2025.09.25	01:43:07.815	0.87310				2
2025.09.25	01:43:08.246	0.87313	0.87314			6
2025.09.25	01:43:26.396	0.87312	0.87313			6
2025.09.25	01:43:27.343	0.87313	0.87314			6
2025.09.25	01:43:39.358	0.87309	0.87311			6
2025.09.25	01:43:59.219		0.87312			4
2025.09.25	01:44:00.316	0.87309				2
2025.09.25	01:44:38.905		0.87313			4
2025.09.25	01:44:39.916		0.87312			4
2025.09.25	01:44:42.141	0.87308				2
2025.09.25	01:44:42.523	0.87309				2
2025.09.25	01:44:51.716	0.87308				2
2025.09.25	01:44:53.216	0.87309				2
2025.09.25	01:45:01.818	0.87309				2
2025.09.25	01:45:06.716	0.87308				2
2025.09.25	01:45:09.716	0.87309				2
2025.09.25	01:45:12.462	0.87308				2
2025.09.25	01:45:14.462	0.87309				2
2025.09.25	01:45:18.807		0.87313			4
2025.09.25	01:45:19.365	0.87308	0.87312			6
2025.09.25	01:45:24.717	0.87309				2
2025.09.25	01:46:01.441	0.87309				2
2025.09.25	01:46:12.405	0.87308				2
2025.09.25	01:46:12.978	0.87309				2
2025.09.25	01:46:17.455	0.87308				2
2025.09.25	01:46:19.429		0.87312			4
2025.09.25	01:46:22.442	0.87309				2
2025.09.25	01:46:24.422	0.87307				2
2025.09.25	01:46:25.081	0.87308				2
2025.09.25	01:46:34.312	0.87307				2
2025.09.25	01:47:00.444	0.87307				2
2025.09.25	01:47:06.890		0.87311			4
2025.09.25	01:47:27.330	0.87308				2
2025.09.25	01:47:50.033	0.87307				2
2025.09.25	01:48:03.117	0.87308				2
2025.09.25	01:48:08.363		0.87311			4
2025.09.25	01:48:13.315	0.87309				2
2025.09.25	01:48:57.022	0.87310				2
2025.09.25	01:49:00.422	0.87310				2
2025.09.25	01:49:07.374		0.87313			4
2025.09.25	01:49:39.478	0.87309				2
2025.09.25	01:49:40.356	0.87310				2
2025.09.25	01:50:01.051	0.87310				2
2025.09.25	01:50:09.440		0.87313			4
2025.09.25	01:50:13.672		0.87312			4
2025.09.25	01:50:16.427	0.87309				2
2025.09.25	01:50:22.280	0.87310	0.87311			6
2025.09.25	01:50:41.335		0.87312			4
2025.09.25	01:50:52.077		0.87314			4
2025.09.25	01:50:56.468		0.87312			4
2025.09.25	01:50:57.097		0.87314			4
2025.09.25	01:51:00.433	0.87310				2
2025.09.25	01:51:05.537		0.87313			4
2025.09.25	01:51:06.484	0.87309	0.87311			6
2025.09.25	01:51:23.713	0.87310				2
2025.09.25	01:51:25.708	0.87311	0.87313			6
2025.09.25	01:51:27.491	0.87310	0.87311			6
2025.09.25	01:51:31.185	0.87311	0.87312			6
2025.09.25	01:51:41.936	0.87310	0.87311			6
2025.09.25	01:52:00.056	0.87310				2
2025.09.25	01:52:42.107		0.87311			4
2025.09.25	01:53:00.416	0.87310				2
2025.09.25	01:53:05.729	0.87311	0.87312			6
2025.09.25	01:53:12.736	0.87310	0.87311			6
2025.09.25	01:53:24.829		0.87312			4
2025.09.25	01:53:50.324	0.87311				2
2025.09.25	01:53:51.931	0.87310				2
2025.09.25	01:53:54.807	0.87311				2
2025.09.25	01:53:57.254	0.87310				2
2025.09.25	01:54:04.662	0.87310				2
2025.09.25	01:54:24.829		0.87312			4
2025.09.25	01:54:57.880	0.87311				2
2025.09.25	01:55:00.785	0.87312	0.87316			6
2025.09.25	01:55:19.127	0.87313				2
2025.09.25	01:55:20.317	0.87312				2
2025.09.25	01:55:28.342	0.87310	0.87315			6
2025.09.25	01:55:32.479	0.87311				2
2025.09.25	01:55:44.816	0.87312				2
2025.09.25	01:56:00.041	0.87312				2
2025.09.25	01:56:06.860	0.87311				2
2025.09.25	01:56:10.449	0.87312				2
2025.09.25	01:56:28.362		0.87315			4
2025.09.25	01:56:30.716	0.87311				2
2025.09.25	01:56:49.377	0.87312				2
2025.09.25	01:57:00.962	0.87312				2
2025.09.25	01:57:03.136	0.87313				2
2025.09.25	01:57:10.714	0.87315	0.87316			6
2025.09.25	01:57:20.236	0.87314				2
2025.09.25	01:57:30.716	0.87315				2
2025.09.25	01:57:52.017	0.87314				2
2025.09.25	01:57:53.542	0.87315				2
2025.09.25	01:58:00.424	0.87314				2
2025.09.25	01:58:01.971	0.87315				2
2025.09.25	01:58:09.446	0.87314				2
2025.09.25	01:58:10.860		0.87316			4
2025.09.25	01:58:21.252	0.87313				2
2025.09.25	01:58:27.119	0.87314				2
2025.09.25	01:58:46.045	0.87313	0.87315			6
2025.09.25	01:58:46.492		0.87316			4
2025.09.25	01:58:51.717	0.87314				2
2025.09.25	01:58:57.661		0.87315			4
2025.09.25	01:59:00.373	0.87314	0.87316			6
2025.09.25	01:59:14.618		0.87315			4
2025.09.25	01:59:15.027		0.87316			4
2025.09.25	01:59:15.731		0.87315			4
2025.09.25	01:59:16.767		0.87316			4
2025.09.25	01:59:33.821	0.87313				2
2025.09.25	01:59:34.293	0.87314				2
2025.09.25	01:59:37.183	0.87312				2
2025.09.25	01:59:42.683		0.87315			4
2025.09.25	01:59:42.987		0.87316			4
2025.09.25	01:59:44.103	0.87313				2
2025.09.25	01:59:45.319	0.87312	0.87315			6
2025.09.25	01:59:56.377		0.87316			4
2025.09.25	01:59:58.417	0.87314				2
2025.09.25	02:00:00.047	0.87314				2
2025.09.25	02:00:00.359	0.87312	0.87315			6
2025.09.25	02:00:01.428		0.87316			4
2025.09.25	02:00:02.685		0.87315			4
2025.09.25	02:00:03.211		0.87316			4
2025.09.25	02:00:06.365	0.87310	0.87313			6
2025.09.25	02:00:06.952	0.87309	0.87311			6
2025.09.25	02:00:10.087	0.87310	0.87313			6
2025.09.25	02:00:11.649	0.87309	0.87311			6
2025.09.25	02:00:16.030	0.87310				2
2025.09.25	02:00:36.033	0.87311	0.87312			6
2025.09.25	02:00:36.454	0.87310	0.87311			6
2025.09.25	02:00:37.831	0.87311	0.87312			6
2025.09.25	02:01:00.239	0.87311				2
2025.09.25	02:01:30.436	0.87310	0.87311			6
2025.09.25	02:02:00.239	0.87310				2
2025.09.25	02:02:29.272	0.87311	0.87312			6
2025.09.25	02:02:32.834	0.87310	0.87311			6
2025.09.25	02:02:33.136	0.87311	0.87312			6
2025.09.25	02:02:33.442	0.87306	0.87310			6
2025.09.25	02:02:33.847		0.87309			4
2025.09.25	02:02:40.076	0.87310	0.87311			6
2025.09.25	02:03:00.153	0.87310				2
2025.09.25	02:03:31.073	0.87309				2
2025.09.25	02:03:32.082	0.87310				2
2025.09.25	02:03:47.769		0.87311			4
2025.09.25	02:04:01.411	0.87309				2
2025.09.25	02:04:40.657		0.87310			4
2025.09.25	02:04:54.096		0.87311			4
2025.09.25	02:05:00.417	0.87309				2
2025.09.25	02:05:07.615	0.87308				2
2025.09.25	02:05:13.117		0.87310			4
2025.09.25	02:05:33.417	0.87309				2
2025.09.25	02:05:35.463		0.87311			4
2025.09.25	02:05:37.934		0.87310			4
2025.09.25	02:05:38.969	0.87308	0.87311			6
2025.09.25	02:05:41.876		0.87310			4
2025.09.25	02:05:45.717	0.87309				2
2025.09.25	02:05:57.474	0.87308				2
2025.09.25	02:05:58.639	0.87307				2
2025.09.25	02:06:00.079	0.87307				2
2025.09.25	02:06:00.425	0.87306				2
2025.09.25	02:06:02.927	0.87307				2
2025.09.25	02:06:03.606	0.87308	0.87311			6
2025.09.25	02:06:05.337	0.87309				2
2025.09.25	02:06:11.992	0.87308				2
2025.09.25	02:06:13.003	0.87309				2
2025.09.25	02:06:25.861	0.87310				2
2025.09.25	02:06:30.419	0.87309				2
2025.09.25	02:06:55.456	0.87308				2
2025.09.25	02:07:01.933	0.87308				2
2025.09.25	02:07:03.616		0.87311			4
2025.09.25	02:07:24.973	0.87309				2
2025.09.25	02:07:31.070	0.87307	0.87310			6
2025.09.25	02:07:34.134		0.87311			4
2025.09.25	02:07:37.286	0.87311	0.87313			6
2025.09.25	02:08:00.140	0.87311				2
2025.09.25	02:08:37.406		0.87313			4
2025.09.25	02:08:53.929		0.87315			4
2025.09.25	02:08:54.678		0.87313			4
2025.09.25	02:09:00.372	0.87311				2
2025.09.25	02:09:01.209	0.87310	0.87311			6
2025.09.25	02:09:23.784		0.87312			4
2025.09.25	02:09:36.405	0.87311				2
2025.09.25	02:09:40.913	0.87310	0.87311			6
2025.09.25	02:09:42.138		0.87313			4
2025.09.25	02:09:45.032		0.87314			4
2025.09.25	02:09:49.051		0.87313			4
2025.09.25	02:09:50.483		0.87312			4
2025.09.25	02:10:00.585	0.87310				2
2025.09.25	02:10:16.037	0.87311	0.87314			6
2025.09.25	02:10:17.666		0.87312			4
2025.09.25	02:11:00.435	0.87311				2
2025.09.25	02:11:18.325		0.87314			4
2025.09.25	02:11:28.916	0.87312				2
2025.09.25	02:11:37.415		0.87313			4
2025.09.25	02:11:44.430	0.87310	0.87312			6
2025.09.25	02:11:44.733		0.87311			4
2025.09.25	02:11:56.273	0.87313	0.87314			6
2025.09.25	02:12:00.416	0.87313				2
2025.09.25	02:12:01.374	0.87312	0.87313			6
2025.09.25	02:12:02.407	0.87311				2
2025.09.25	02:12:04.301	0.87312				2
2025.09.25	02:12:06.514	0.87314	0.87315			6
2025.09.25	02:12:42.713	0.87312	0.87313			6
2025.09.25	02:12:48.348	0.87314	0.87315			6
2025.09.25	02:12:49.872	0.87313	0.87314			6
2025.09.25	02:13:00.354	0.87313				2
2025.09.25	02:13:00.768	0.87312	0.87313			6
2025.09.25	02:13:14.730	0.87313	0.87314			6
2025.09.25	02:13:18.416	0.87314	0.87315			6
2025.09.25	02:14:00.467	0.87314				2
2025.09.25	02:14:11.658	0.87315	0.87316			6
2025.09.25	02:14:23.347	0.87314	0.87315			6
2025.09.25	02:14:23.839	0.87311	0.87314			6
2025.09.25	02:14:24.972		0.87315			4
2025.09.25	02:14:29.724	0.87312				2
2025.09.25	02:14:30.232		0.87314			4
2025.09.25	02:14:32.801	0.87311	0.87313			6
2025.09.25	02:14:33.837		0.87312			4
2025.09.25	02:14:37.306		0.87314			4
2025.09.25	02:14:45.238	0.87310				2
2025.09.25	02:14:55.355	0.87311				2
2025.09.25	02:15:00.311	0.87311				2
2025.09.25	02:15:02.634		0.87312			4
2025.09.25	02:15:04.663	0.87310	0.87311			6
2025.09.25	02:15:43.431	0.87309	0.87312			6
2025.09.25	02:15:51.165	0.87310				2
2025.09.25	02:16:00.428	0.87310				2
2025.09.25	02:16:03.652	0.87309	0.87311			6
2025.09.25	02:16:05.186	0.87308				2
2025.09.25	02:16:05.702		0.87310			4
2025.09.25	02:16:11.686	0.87309				2
2025.09.25	02:16:16.915	0.87308				2
2025.09.25	02:16:19.560	0.87309				2
2025.09.25	02:16:31.290	0.87308				2
2025.09.25	02:16:52.902	0.87307	0.87309			6
2025.09.25	02:17:00.316	0.87307				2
2025.09.25	02:17:07.606		0.87310			4
2025.09.25	02:17:08.193		0.87309			4
2025.09.25	02:17:08.985		0.87311			4
2025.09.25	02:17:09.830		0.87309			4
2025.09.25	02:17:59.341		0.87310			4
2025.09.25	02:18:00.132	0.87307				2
2025.09.25	02:18:00.465	0.87308				2
2025.09.25	02:18:29.469	0.87309	0.87311			6
2025.09.25	02:19:00.346	0.87307				2
2025.09.25	02:19:02.752	0.87310				2
2025.09.25	02:19:22.559	0.87311	0.87312			6
2025.09.25	02:19:43.815	0.87312	0.87313			6
2025.09.25	02:19:45.902	0.87311	0.87312			6
2025.09.25	02:19:55.425	0.87312	0.87313			6
2025.09.25	02:19:57.194	0.87311	0.87312			6
2025.09.25	02:20:00.319	0.87311				2
2025.09.25	02:20:02.398	0.87309	0.87311			6
2025.09.25	02:20:03.123	0.87311	0.87312			6
2025.09.25	02:20:04.723	0.87310	0.87311			6
2025.09.25	02:20:09.365	0.87308	0.87310			6
2025.09.25	02:20:09.784	0.87306				2
2025.09.25	02:20:15.171	0.87308				2
2025.09.25	02:20:18.152	0.87309	0.87311			6
2025.09.25	02:20:19.832	0.87308	0.87310			6
2025.09.25	02:20:20.409	0.87309				2
2025.09.25	02:20:23.352	0.87308				2
2025.09.25	02:20:26.941	0.87304	0.87306			6
2025.09.25	02:20:31.286		0.87305			4
2025.09.25	02:20:34.348	0.87303				2
2025.09.25	02:20:35.624	0.87304				2
2025.09.25	02:20:36.873	0.87303				2
2025.09.25	02:20:38.277	0.87304				2
2025.09.25	02:20:56.479	0.87302	0.87304			6
2025.09.25	02:20:58.547		0.87305			4
2025.09.25	02:21:00.715	0.87302				2
2025.09.25	02:21:12.434		0.87304			4
2025.09.25	02:21:14.977	0.87299	0.87302			6
2025.09.25	02:21:17.237	0.87300				2
2025.09.25	02:21:17.712	0.87302	0.87304			6
2025.09.25	02:21:27.564	0.87299	0.87303			6
2025.09.25	02:21:28.352	0.87300				2
2025.09.25	02:21:28.885	0.87299				2
2025.09.25	02:21:36.166	0.87300	0.87302			6
2025.09.25	02:21:44.117	0.87304	0.87305			6
2025.09.25	02:21:45.316		0.87306			4
2025.09.25	02:21:47.059	0.87305				2
2025.09.25	02:22:00.391	0.87305				2
2025.09.25	02:22:09.242		0.87307			4
2025.09.25	02:22:15.768		0.87306			4
2025.09.25	02:22:23.280	0.87306	0.87308			6
2025.09.25	02:22:24.363		0.87309			4
2025.09.25	02:22:25.276	0.87308				2
2025.09.25	02:22:38.817		0.87310			4
2025.09.25	02:22:44.027	0.87307	0.87309			6
2025.09.25	02:22:46.824		0.87310			4
2025.09.25	02:22:47.450	0.87308				2
2025.09.25	02:23:00.239	0.87308				2
2025.09.25	02:23:05.416		0.87311			4
2025.09.25	02:23:08.973	0.87307	0.87310			6
2025.09.25	02:23:10.513	0.87308				2
2025.09.25	02:23:14.992	0.87307				2
2025.09.25	02:23:26.001	0.87309	0.87311			6
2025.09.25	02:23:26.817	0.87310				2
2025.09.25	02:23:29.726	0.87306	0.87308			6
2025.09.25	02:23:42.081	0.87305	0.87306			6
2025.09.25	02:24:00.314	0.87305				2
2025.09.25	02:24:03.641	0.87303	0.87305			6
2025.09.25	02:24:03.958		0.87304			4
2025.09.25	02:24:04.288		0.87305			4
2025.09.25	02:24:10.238	0.87302	0.87303			6
2025.09.25	02:24:16.910		0.87304			4
2025.09.25	02:24:21.527		0.87303			4
2025.09.25	02:24:22.718		0.87304			4
2025.09.25	02:24:39.594	0.87303	0.87305			6
2025.09.25	02:24:50.915	0.87302	0.87304			6
2025.09.25	02:24:56.814	0.87303				2
2025.09.25	02:25:00.330	0.87303				2
2025.09.25	02:25:10.998	0.87304	0.87306			6
2025.09.25	02:25:11.770	0.87305				2
2025.09.25	02:25:12.403	0.87306	0.87307			6
2025.09.25	02:25:15.350	0.87304	0.87305			6
2025.09.25	02:25:39.443	0.87303				2
2025.09.25	02:25:39.777	0.87305	0.87307			6
2025.09.25	02:25:46.444	0.87306				2
2025.09.25	02:25:52.373	0.87304	0.87306			6
2025.09.25	02:25:52.678	0.87303				2
2025.09.25	02:26:00.445	0.87303				2
2025.09.25	02:26:03.958	0.87304				2
2025.09.25	02:26:09.595		0.87305			4
2025.09.25	02:26:11.237	0.87303	0.87304			6
2025.09.25	02:26:53.127	0.87305	0.87306			6
2025.09.25	02:27:00.353	0.87305				2
2025.09.25	02:27:09.945	0.87303	0.87304			6
2025.09.25	02:27:15.460		0.87305			4
2025.09.25	02:27:19.963	0.87304				2
2025.09.25	02:27:29.517	0.87305	0.87306			6
2025.09.25	02:27:34.691		0.87307			4
2025.09.25	02:27:48.704	0.87306				2
2025.09.25	02:27:52.711	0.87305				2
2025.09.25	02:28:00.700	0.87306				2
2025.09.25	02:28:07.562		0.87308			4
2025.09.25	02:28:13.252		0.87309			4
2025.09.25	02:28:33.952	0.87305				2
2025.09.25	02:28:49.372	0.87303	0.87308			6
2025.09.25	02:28:57.459	0.87308	0.87311			6
2025.09.25	02:29:00.644	0.87308				2
2025.09.25	02:29:03.638	0.87309				2
2025.09.25	02:29:06.593	0.87308				2
2025.09.25	02:29:13.576	0.87309	0.87312			6
2025.09.25	02:29:26.769	0.87308	0.87311			6
2025.09.25	02:29:30.349		0.87312			4
2025.09.25	02:29:31.552		0.87311			4
2025.09.25	02:29:33.715	0.87309				2
2025.09.25	02:29:51.769	0.87312	0.87314			6
2025.09.25	02:29:54.772		0.87313			4
2025.09.25	02:29:56.069		0.87314			4
2025.09.25	02:30:00.511	0.87312	0.87313			6
2025.09.25	02:30:12.886		0.87314			4
2025.09.25	02:30:19.457		0.87313			4
2025.09.25	02:30:19.761		0.87314			4
2025.09.25	02:30:34.037		0.87315			4
2025.09.25	02:30:42.392	0.87311				2
2025.09.25	02:30:43.445		0.87314			4
2025.09.25	02:30:44.769	0.87310	0.87313			6
2025.09.25	02:30:54.561	0.87312	0.87314			6
2025.09.25	02:31:01.392	0.87311	0.87313			6
2025.09.25	02:31:01.963	0.87308	0.87310			6
2025.09.25	02:31:02.532	0.87307				2
2025.09.25	02:31:15.337	0.87308				2
2025.09.25	02:31:22.837	0.87309				2
2025.09.25	02:31:30.496	0.87308				2
2025.09.25	02:31:55.107		0.87311			4
2025.09.25	02:32:02.350	0.87308				2
2025.09.25	02:32:26.474		0.87309			4
2025.09.25	02:32:30.539		0.87310			4
2025.09.25	02:32:46.085	0.87307				2
2025.09.25	02:32:47.018	0.87308				2
2025.09.25	02:32:47.337		0.87311			4
2025.09.25	02:32:50.318	0.87307	0.87309			6
2025.09.25	02:32:55.685	0.87306	0.87308			6
2025.09.25	02:32:55.988	0.87305				2
2025.09.25	02:32:56.853	0.87306				2
2025.09.25	02:33:00.317	0.87306				2
2025.09.25	02:33:04.027	0.87305				2
2025.09.25	02:33:15.344		0.87307			4
2025.09.25	02:33:17.063	0.87306	0.87308			6
2025.09.25	02:33:24.436	0.87307				2
2025.09.25	02:33:27.334	0.87306	0.87309			6
2025.09.25	02:34:04.378	0.87306				2
2025.09.25	02:34:07.597		0.87308			4
2025.09.25	02:34:24.818		0.87309			4
2025.09.25	02:34:49.367	0.87307	0.87308			6
2025.09.25	02:34:55.810	0.87306	0.87309			6
2025.09.25	02:35:00.322	0.87306				2
2025.09.25	02:35:02.450		0.87308			4
2025.09.25	02:35:07.156	0.87305				2
2025.09.25	02:35:11.361		0.87307			4
2025.09.25	02:35:20.982		0.87308			4
2025.09.25	02:35:25.078	0.87306	0.87307			6
2025.09.25	02:35:25.408		0.87309			4
2025.09.25	02:35:29.952	0.87307				2
2025.09.25	02:35:42.114	0.87306				2
2025.09.25	02:35:52.583		0.87308			4
2025.09.25	02:35:57.244	0.87309	0.87310			6
2025.09.25	02:35:57.614		0.87311			4
2025.09.25	02:36:00.316	0.87309				2
2025.09.25	02:36:06.026	0.87310				2
2025.09.25	02:36:09.718	0.87309				2
2025.09.25	02:36:18.499	0.87310				2
2025.09.25	02:36:19.271	0.87311	0.87312			6
2025.09.25	02:36:20.398	0.87310	0.87311			6
2025.09.25	02:36:20.705	0.87311	0.87312			6
2025.09.25	02:36:21.660	0.87310				2
2025.09.25	02:36:22.300	0.87311				2
2025.09.25	02:37:04.967	0.87311				2
2025.09.25	02:37:20.923		0.87312			4
2025.09.25	02:37:22.888	0.87309	0.87310			6
2025.09.25	02:37:24.400	0.87310	0.87311			6
2025.09.25	02:38:00.417	0.87310				2
2025.09.25	02:38:06.720	0.87311	0.87312			6
2025.09.25	02:38:11.555	0.87309	0.87310			6
2025.09.25	02:38:15.716	0.87310	0.87311			6
2025.09.25	02:38:35.689	0.87311	0.87312			6
2025.09.25	02:39:00.556	0.87311				2
2025.09.25	02:39:21.585	0.87310	0.87311			6
2025.09.25	02:39:26.417	0.87311	0.87312			6
2025.09.25	02:40:00.466	0.87311				2
2025.09.25	02:40:01.932	0.87310	0.87311			6
2025.09.25	02:40:02.484	0.87309	0.87310			6
2025.09.25	02:40:12.582	0.87310	0.87311			6
2025.09.25	02:40:13.696	0.87311	0.87312			6
2025.09.25	02:40:26.366	0.87310	0.87311			6
2025.09.25	02:40:39.413	0.87309	0.87310			6
2025.09.25	02:40:40.851	0.87310	0.87311			6
2025.09.25	02:40:46.032	0.87309	0.87310			6
2025.09.25	02:41:00.869	0.87310	0.87311			6
2025.09.25	02:41:01.213	0.87308	0.87310			6
2025.09.25	02:41:02.949	0.87310	0.87311			6
2025.09.25	02:41:12.337	0.87308	0.87309			6
2025.09.25	02:42:00.513	0.87308				2
2025.09.25	02:42:14.355		0.87309			4
2025.09.25	02:42:24.615	0.87310	0.87311			6
2025.09.25	02:42:24.921	0.87311	0.87312			6
2025.09.25	02:42:45.370	0.87312	0.87313			6
2025.09.25	02:42:46.407		0.87314			4
2025.09.25	02:42:50.525	0.87313				2
2025.09.25	02:43:01.202	0.87313				2
2025.09.25	02:43:01.560	0.87312				2
2025.09.25	02:43:02.569	0.87310	0.87312			6
2025.09.25	02:43:05.223	0.87309				2
2025.09.25	02:43:08.284		0.87311			4
2025.09.25	02:43:11.044	0.87308				2
2025.09.25	02:43:11.348	0.87309				2
2025.09.25	02:43:11.792	0.87310				2
2025.09.25	02:43:14.122	0.87309				2
2025.09.25	02:43:21.417	0.87310				2
2025.09.25	02:43:59.485	0.87311	0.87312			6
2025.09.25	02:44:00.424	0.87310	0.87311			6
2025.09.25	02:44:04.073	0.87311	0.87312			6
2025.09.25	02:44:57.030	0.87310	0.87311			6
2025.09.25	02:45:00.722	0.87310				2
2025.09.25	02:45:05.356		0.87312			4
2025.09.25	02:45:06.102		0.87311			4
2025.09.25	02:45:19.696	0.87309				2
2025.09.25	02:45:19.998	0.87308	0.87310			6
2025.09.25	02:45:22.064	0.87310	0.87311			6
2025.09.25	02:45:26.405		0.87312			4
2025.09.25	02:45:27.502		0.87311			4
2025.09.25	02:45:41.195	0.87309				2
2025.09.25	02:45:44.357	0.87310				2
2025.09.25	02:45:57.445	0.87309	0.87310			6
2025.09.25	02:46:02.350	0.87309				2
2025.09.25	02:46:08.260	0.87304	0.87307			6
2025.09.25	02:46:08.778		0.87306			4
2025.09.25	02:46:11.418	0.87303				2
2025.09.25	02:46:13.073	0.87304				2
2025.09.25	02:46:16.632	0.87305				2
2025.09.25	02:46:16.945		0.87307			4
2025.09.25	02:46:23.085	0.87304				2
2025.09.25	02:46:23.817		0.87306			4
2025.09.25	02:46:24.656		0.87307			4
2025.09.25	02:46:25.632	0.87306				2
2025.09.25	02:46:30.352	0.87305				2
2025.09.25	02:46:31.645	0.87306				2
2025.09.25	02:46:32.015		0.87308			4
2025.09.25	02:46:32.852	0.87305				2
2025.09.25	02:47:02.878	0.87307				2
2025.09.25	02:47:04.719		0.87309			4
2025.09.25	02:47:05.123	0.87308	0.87310			6
2025.09.25	02:47:28.806		0.87309			4
2025.09.25	02:47:29.176		0.87310			4
2025.09.25	02:47:29.486		0.87309			4
2025.09.25	02:47:34.555		0.87310			4
2025.09.25	02:47:38.008	0.87307	0.87309			6
2025.09.25	02:47:40.561	0.87305	0.87308			6
2025.09.25	02:47:40.886	0.87306				2
2025.09.25	02:47:41.499		0.87309			4
2025.09.25	02:47:41.902		0.87308			4
2025.09.25	02:47:43.560		0.87309			4
2025.09.25	02:47:43.983	0.87307				2
2025.09.25	02:47:45.239		0.87308			4
2025.09.25	02:47:47.738		0.87309			4
2025.09.25	02:47:48.079	0.87306	0.87308			6
2025.09.25	02:47:48.399		0.87309			4
2025.09.25	02:47:54.414		0.87308			4
2025.09.25	02:47:55.271		0.87309			4
2025.09.25	02:48:00.663	0.87306				2
2025.09.25	02:48:01.392	0.87308	0.87310			6
2025.09.25	02:48:01.824	0.87307				2
2025.09.25	02:48:02.510	0.87308				2
2025.09.25	02:48:03.891	0.87307				2
2025.09.25	02:48:04.236	0.87308				2
2025.09.25	02:48:05.826	0.87307				2
2025.09.25	02:48:06.158	0.87308				2
2025.09.25	02:48:25.232		0.87309			4
2025.09.25	02:48:27.448		0.87310			4
2025.09.25	02:48:29.385		0.87309			4
2025.09.25	02:48:30.611		0.87310			4
2025.09.25	02:48:34.030		0.87309			4
2025.09.25	02:48:34.829		0.87310			4
2025.09.25	02:48:35.264		0.87309			4
2025.09.25	02:48:35.646		0.87310			4
2025.09.25	02:48:45.648	0.87307				2
2025.09.25	02:48:53.149	0.87308				2
2025.09.25	02:48:53.487	0.87307				2
2025.09.25	02:48:54.314		0.87309			4
2025.09.25	02:48:58.088	0.87308				2
2025.09.25	02:49:00.421	0.87307				2
2025.09.25	02:49:06.822		0.87310			4
2025.09.25	02:49:09.327	0.87306	0.87309			6
2025.09.25	02:49:09.696	0.87307				2
2025.09.25	02:49:20.695	0.87308	0.87310			6
2025.09.25	02:49:21.119		0.87309			4
2025.09.25	02:49:22.051	0.87307				2
2025.09.25	02:49:27.601		0.87310			4
2025.09.25	02:49:29.588	0.87308	0.87309			6
2025.09.25	02:49:30.246	0.87306				2
2025.09.25	02:49:30.558	0.87307				2
2025.09.25	02:49:32.643	0.87306	0.87308			6
2025.09.25	02:49:33.461		0.87307			4
2025.09.25	02:49:37.253	0.87305				2
2025.09.25	02:49:37.555	0.87306				2
2025.09.25	02:49:39.196	0.87305				2
2025.09.25	02:49:58.124	0.87307	0.87308			6
2025.09.25	02:49:59.301	0.87304	0.87306			6
2025.09.25	02:50:00.364	0.87304				2
2025.09.25	02:50:01.386	0.87306	0.87307			6
2025.09.25	02:50:03.383		0.87308			4
2025.09.25	02:50:10.683	0.87307				2
2025.09.25	02:50:11.621	0.87306				2
2025.09.25	02:50:16.954	0.87307	0.87309			6
2025.09.25	02:50:17.262	0.87308				2
2025.09.25	02:50:17.701	0.87307				2
2025.09.25	02:50:21.716	0.87308				2
2025.09.25	02:50:31.412		0.87310			4
2025.09.25	02:50:36.072	0.87307				2
2025.09.25	02:50:36.426		0.87311			4
2025.09.25	02:50:36.750	0.87310	0.87313			6
2025.09.25	02:50:37.089	0.87311				2
2025.09.25	02:50:37.400	0.87308	0.87311			6
2025.09.25	02:50:37.711	0.87310				2
2025.09.25	02:50:38.023	0.87308				2
2025.09.25	02:50:46.248	0.87307	0.87310			6
2025.09.25	02:50:48.033		0.87309			4
2025.09.25	02:50:52.235		0.87310			4
2025.09.25	02:50:52.897	0.87309				2
2025.09.25	02:50:58.147	0.87308				2
2025.09.25	02:50:58.535	0.87309	0.87311			6
2025.09.25	02:50:59.712		0.87310			4
2025.09.25	02:51:01.998	0.87309	0.87311			6
2025.09.25	02:51:02.395	0.87308				2
2025.09.25	02:51:06.753	0.87309				2
2025.09.25	02:51:14.915	0.87308				2
2025.09.25	02:51:16.031		0.87310			4
2025.09.25	02:51:16.343		0.87311			4
2025.09.25	02:51:22.063	0.87310				2
2025.09.25	02:51:26.313	0.87308				2
2025.09.25	02:51:32.250		0.87310			4
2025.09.25	02:51:33.342		0.87311			4
2025.09.25	02:51:35.334		0.87310			4
2025.09.25	02:51:37.144		0.87311			4
2025.09.25	02:51:40.779	0.87309				2
2025.09.25	02:51:42.391	0.87308				2
2025.09.25	02:51:43.225	0.87309				2
2025.09.25	02:51:53.274	0.87308				2
2025.09.25	02:52:00.429	0.87308				2
2025.09.25	02:52:11.821	0.87309				2
2025.09.25	02:52:30.993	0.87308				2
2025.09.25	02:52:37.600		0.87311			4
2025.09.25	02:52:46.229	0.87310				2
2025.09.25	02:52:48.401	0.87309				2
2025.09.25	02:52:50.517	0.87308	0.87310			6
2025.09.25	02:52:51.616		0.87309			4
2025.09.25	02:52:52.351	0.87307				2
2025.09.25	02:52:56.958	0.87308				2
2025.09.25	02:52:57.266	0.87306	0.87310			6
2025.09.25	02:52:57.579		0.87309			4
2025.09.25	02:52:57.906	0.87307				2
2025.09.25	02:53:00.266	0.87307	0.87310			6
2025.09.25	02:53:01.157	0.87309	0.87311			6
2025.09.25	02:53:01.458	0.87308				2
2025.09.25	02:53:02.118		0.87310			4
2025.09.25	02:53:10.499	0.87307	0.87309			6
2025.09.25	02:53:10.829	0.87306				2
2025.09.25	02:53:11.148	0.87307				2
2025.09.25	02:53:13.032		0.87310			4
2025.09.25	02:53:15.993		0.87309			4
2025.09.25	02:53:17.602		0.87310			4
2025.09.25	02:53:19.664		0.87309			4
2025.09.25	02:53:20.383		0.87310			4
2025.09.25	02:53:21.681		0.87309			4
2025.09.25	02:53:24.909	0.87306				2
2025.09.25	02:53:38.810	0.87307	0.87310			6
2025.09.25	02:53:45.179	0.87308	0.87311			6
2025.09.25	02:53:58.101	0.87307				2
2025.09.25	02:53:59.257		0.87310			4
2025.09.25	02:54:00.360	0.87307				2
2025.09.25	02:54:01.407	0.87308				2
2025.09.25	02:54:04.369	0.87307				2
2025.09.25	02:54:27.606		0.87309			4
2025.09.25	02:54:33.096		0.87310			4
2025.09.25	02:54:35.198		0.87309			4
2025.09.25	02:54:38.193		0.87310			4
2025.09.25	02:54:54.504		0.87309			4
2025.09.25	02:54:58.261		0.87308			4
2025.09.25	02:54:58.611		0.87309			4
2025.09.25	02:54:58.962	0.87306	0.87308			6
2025.09.25	02:55:00.361	0.87306				2
2025.09.25	02:55:03.055	0.87305				2
2025.09.25	02:55:03.388		0.87307			4
2025.09.25	02:55:13.933		0.87306			4
2025.09.25	02:55:14.813	0.87304				2
2025.09.25	02:55:15.728		0.87307			4
2025.09.25	02:55:16.266		0.87306			4
2025.09.25	02:55:20.859		0.87305			4
2025.09.25	02:55:22.782	0.87303				2
2025.09.25	02:55:26.511	0.87304				2
2025.09.25	02:55:28.012	0.87303				2
2025.09.25	02:55:55.733	0.87305	0.87306			6
2025.09.25	02:55:57.649	0.87304	0.87305			6
2025.09.25	02:56:00.238	0.87304				2
2025.09.25	02:56:15.143	0.87305	0.87306			6
2025.09.25	02:56:18.714	0.87304	0.87305			6
2025.09.25	02:56:20.230	0.87305	0.87306			6
2025.09.25	02:56:26.916	0.87304	0.87305			6
2025.09.25	02:56:28.460	0.87305	0.87306			6
2025.09.25	02:56:32.454	0.87304	0.87305			6
2025.09.25	02:56:33.478	0.87305	0.87306			6
2025.09.25	02:56:34.107	0.87306	0.87307			6
2025.09.25	02:56:45.106	0.87307	0.87308			6
2025.09.25	02:56:51.717	0.87306	0.87307			6
2025.09.25	02:57:11.932	0.87306				2
2025.09.25	02:57:14.762	0.87307	0.87308			6
2025.09.25	02:57:22.221	0.87306	0.87307			6
2025.09.25	02:57:30.428	0.87307	0.87308			6
2025.09.25	02:57:35.729	0.87306	0.87307			6
2025.09.25	02:57:40.373	0.87307	0.87308			6
2025.09.25	02:57:43.805	0.87308	0.87309			6
2025.09.25	02:57:48.045	0.87307	0.87308			6
2025.09.25	02:57:58.037	0.87304	0.87306			6
2025.09.25	02:57:58.339		0.87305			4
2025.09.25	02:57:59.152	0.87303				2
2025.09.25	02:57:59.878	0.87301	0.87303			6
2025.09.25	02:58:00.200	0.87301	0.87302			6
2025.09.25	02:58:02.581	0.87302	0.87303			6
2025.09.25	02:58:02.892	0.87301				2
2025.09.25	02:58:03.257	0.87302				2
2025.09.25	02:58:08.565	0.87303	0.87304			6
2025.09.25	02:58:20.977	0.87304	0.87305			6
2025.09.25	02:58:25.735	0.87301	0.87302			6
2025.09.25	02:58:26.198		0.87303			4
2025.09.25	02:58:33.551	0.87302				2
2025.09.25	02:58:34.273		0.87304			4
2025.09.25	02:58:34.672		0.87303			4
2025.09.25	02:58:37.875	0.87301				2
2025.09.25	02:58:47.350	0.87302	0.87304			6
2025.09.25	02:58:47.668		0.87303			4
2025.09.25	02:58:48.736		0.87304			4
2025.09.25	02:58:50.471		0.87303			4
2025.09.25	02:58:51.123		0.87304			4
2025.09.25	02:58:52.144		0.87303			4
2025.09.25	02:58:58.766	0.87303	0.87304			6
2025.09.25	02:58:59.381	0.87301	0.87303			6
2025.09.25	02:58:59.699		0.87302			4
2025.09.25	02:59:00.358	0.87301				2
2025.09.25	02:59:01.636		0.87303			4
2025.09.25	02:59:02.767		0.87302			4
2025.09.25	02:59:06.922	0.87303	0.87304			6
2025.09.25	02:59:14.596	0.87302	0.87303			6
2025.09.25	02:59:19.223	0.87303	0.87304			6
2025.09.25	02:59:23.597	0.87302	0.87303			6
2025.09.25	02:59:26.043	0.87301	0.87302			6
2025.09.25	02:59:27.493	0.87302	0.87303			6
2025.09.25	02:59:28.393	0.87303	0.87304			6
2025.09.25	02:59:31.200	0.87304	0.87305			6
2025.09.25	02:59:34.248	0.87303	0.87304			6
2025.09.25	02:59:39.453	0.87305	0.87306			6
2025.09.25	02:59:40.668	0.87306	0.87307			6
2025.09.25	02:59:40.994	0.87307	0.87308			6
2025.09.25	02:59:49.146	0.87305	0.87306			6
2025.09.25	02:59:49.456	0.87307	0.87308			6
2025.09.25	02:59:50.718	0.87309	0.87310			6
2025.09.25	02:59:53.654	0.87307	0.87308			6
2025.09.25	03:00:00.328	0.87305	0.87307			6
2025.09.25	03:00:01.732	0.87304				2
2025.09.25	03:00:02.046	0.87305				2
2025.09.25	03:00:02.761	0.87307	0.87308			6
2025.09.25	03:00:04.278	0.87305	0.87306			6
2025.09.25	03:00:06.180	0.87302	0.87303			6
2025.09.25	03:00:06.528	0.87303	0.87304			6
2025.09.25	03:00:07.482	0.87301	0.87302			6
2025.09.25	03:00:07.877	0.87303	0.87304			6
2025.09.25	03:00:10.169	0.87304	0.87305			6
2025.09.25	03:00:10.772	0.87301	0.87302			6
2025.09.25	03:00:14.251	0.87300	0.87301			6
2025.09.25	03:00:18.638	0.87302	0.87303			6
2025.09.25	03:00:21.508		0.87304			4
2025.09.25	03:00:22.201	0.87301	0.87302			6
2025.09.25	03:00:24.622	0.87302	0.87303			6
2025.09.25	03:00:29.863	0.87301				2
2025.09.25	03:00:35.401	0.87302				2
2025.09.25	03:00:36.206	0.87301				2
2025.09.25	03:00:37.501	0.87302				2
2025.09.25	03:00:38.398		0.87304			4
2025.09.25	03:00:39.558	0.87303				2
2025.09.25	03:00:44.282	0.87302				2
2025.09.25	03:00:44.587		0.87303			4
2025.09.25	03:00:44.900	0.87303	0.87304			6
2025.09.25	03:00:45.841	0.87302	0.87303			6
2025.09.25	03:00:46.933	0.87303	0.87304			6
2025.09.25	03:00:47.614	0.87302	0.87303			6
2025.09.25	03:00:54.681	0.87298	0.87300			6
2025.09.25	03:00:54.999	0.87300	0.87301			6
2025.09.25	03:00:55.665	0.87299				2
2025.09.25	03:00:55.997	0.87300	0.87302			6
2025.09.25	03:00:57.320	0.87298	0.87300			6
2025.09.25	03:00:57.958		0.87299			4
2025.09.25	03:00:58.409		0.87300			4
2025.09.25	03:01:00.322	0.87298				2
2025.09.25	03:01:00.697	0.87302	0.87303			6
2025.09.25	03:01:01.313	0.87301				2
2025.09.25	03:01:01.621	0.87302				2
2025.09.25	03:01:01.962	0.87303	0.87304			6
2025.09.25	03:01:05.862	0.87304	0.87305			6
2025.09.25	03:01:06.658	0.87303	0.87304			6
2025.09.25	03:01:09.658	0.87304	0.87305			6
2025.09.25	03:01:11.056	0.87303	0.87304			6
2025.09.25	03:01:14.790	0.87304	0.87305			6
2025.09.25	03:01:16.804		0.87306			4
2025.09.25	03:01:17.771		0.87305			4
2025.09.25	03:01:18.429		0.87306			4
2025.09.25	03:01:21.638		0.87305			4
2025.09.25	03:01:21.956	0.87305	0.87306			6
2025.09.25	03:01:23.463		0.87307			4
2025.09.25	03:01:23.772	0.87306				2
2025.09.25	03:01:26.787	0.87305	0.87306			6
2025.09.25	03:01:29.698	0.87303	0.87304			6
2025.09.25	03:01:31.496	0.87304	0.87305			6
2025.09.25	03:01:32.817	0.87303	0.87304			6
2025.09.25	03:01:40.818	0.87304	0.87306			6
2025.09.25	03:01:42.218		0.87305			4
2025.09.25	03:01:42.547		0.87306			4
2025.09.25	03:01:43.552		0.87305			4
2025.09.25	03:01:43.860	0.87303				2
2025.09.25	03:01:44.284	0.87304				2
2025.09.25	03:01:44.929	0.87302	0.87304			6
2025.09.25	03:01:46.379	0.87303				2
2025.09.25	03:01:50.980	0.87302	0.87303			6
2025.09.25	03:01:55.654	0.87300	0.87301			6
2025.09.25	03:01:56.010	0.87301	0.87302			6
2025.09.25	03:01:56.322	0.87299	0.87300			6
2025.09.25	03:01:56.627	0.87294	0.87295			6
2025.09.25	03:01:58.664	0.87293	0.87294			6
2025.09.25	03:01:59.289	0.87294	0.87296			6
2025.09.25	03:01:59.690	0.87295				2
2025.09.25	03:02:00.157	0.87294	0.87295			6
2025.09.25	03:02:04.500	0.87298	0.87299			6
2025.09.25	03:02:05.398	0.87299	0.87300			6
2025.09.25	03:02:06.622	0.87296	0.87297			6
2025.09.25	03:02:06.931	0.87297	0.87298			6
2025.09.25	03:02:07.259	0.87296	0.87297			6
2025.09.25	03:02:07.580	0.87297	0.87298			6
2025.09.25	03:02:09.212	0.87299	0.87300			6
2025.09.25	03:02:09.662		0.87301			4
2025.09.25	03:02:10.410	0.87300				2
2025.09.25	03:02:16.644	0.87301	0.87302			6
2025.09.25	03:02:21.767	0.87300	0.87301			6
2025.09.25	03:02:23.593	0.87301	0.87302			6
2025.09.25	03:02:25.767	0.87299	0.87300			6
2025.09.25	03:02:31.247	0.87300	0.87301			6
2025.09.25	03:02:35.728	0.87301	0.87302			6
2025.09.25	03:02:47.060	0.87302	0.87303			6
2025.09.25	03:02:51.004	0.87301	0.87302			6
2025.09.25	03:02:57.970	0.87300	0.87301			6
2025.09.25	03:03:00.434	0.87300				2
2025.09.25	03:03:01.814	0.87299				2
2025.09.25	03:03:02.350	0.87300				2
2025.09.25	03:03:02.659	0.87301	0.87302			6
2025.09.25	03:03:06.697	0.87300	0.87301			6
2025.09.25	03:03:10.374		0.87302			4
2025.09.25	03:03:11.595	0.87301				2
2025.09.25	03:03:14.282	0.87299	0.87301			6
2025.09.25	03:03:15.271	0.87301	0.87302			6
2025.09.25	03:03:15.604	0.87300	0.87301			6
2025.09.25	03:03:19.953	0.87299	0.87300			6
2025.09.25	03:03:20.351		0.87301			4
2025.09.25	03:03:22.174	0.87300				2
2025.09.25	03:03:23.857	0.87299	0.87300			6
2025.09.25	03:03:27.683	0.87298				2
2025.09.25	03:03:29.262	0.87299				2
2025.09.25	03:03:32.895		0.87301			4
2025.09.25	03:03:33.307		0.87300			4
2025.09.25	03:03:34.991	0.87298				2
2025.09.25	03:03:35.778	0.87299	0.87301			6
2025.09.25	03:03:37.286	0.87300				2
2025.09.25	03:03:39.759	0.87299				2
2025.09.25	03:03:40.392		0.87300			4
2025.09.25	03:03:40.895		0.87301			4
2025.09.25	03:03:41.477	0.87298	0.87300			6
2025.09.25	03:03:45.476	0.87299				2
2025.09.25	03:03:45.780	0.87298				2
2025.09.25	03:03:46.534	0.87299				2
2025.09.25	03:03:46.914	0.87298				2
2025.09.25	03:03:47.221		0.87299			4
2025.09.25	03:03:58.983	0.87297	0.87298			6
2025.09.25	03:04:00.667	0.87297				2
2025.09.25	03:04:01.877	0.87298	0.87299			6
2025.09.25	03:04:09.160		0.87300			4
2025.09.25	03:04:10.287		0.87299			4
2025.09.25	03:04:24.059	0.87295	0.87296			6
2025.09.25	03:04:24.689	0.87294				2
2025.09.25	03:04:26.355	0.87292	0.87297			6
2025.09.25	03:04:27.352	0.87291	0.87296			6
2025.09.25	03:04:29.605	0.87294	0.87295			6
2025.09.25	03:04:32.120	0.87293	0.87294			6
2025.09.25	03:04:32.627		0.87295			4
2025.09.25	03:04:32.965	0.87292	0.87293			6
2025.09.25	03:04:35.702	0.87289				2
2025.09.25	03:04:36.205	0.87291				2
2025.09.25	03:04:39.321	0.87293	0.87295			6
2025.09.25	03:04:39.663		0.87294			4
2025.09.25	03:04:43.832	0.87294	0.87295			6
2025.09.25	03:04:51.156	0.87293				2
2025.09.25	03:04:53.937	0.87294				2
2025.09.25	03:04:55.017	0.87293	0.87294			6
2025.09.25	03:04:56.357		0.87295			4
2025.09.25	03:04:56.671	0.87294				2
2025.09.25	03:04:57.152	0.87293				2
2025.09.25	03:04:58.461	0.87294				2
2025.09.25	03:05:00.344	0.87294				2
2025.09.25	03:05:01.217	0.87293				2
2025.09.25	03:05:02.198	0.87295	0.87296			6
2025.09.25	03:05:02.858	0.87293	0.87295			6
2025.09.25	03:05:03.798	0.87295	0.87296			6
2025.09.25	03:05:09.437	0.87294	0.87295			6
2025.09.25	03:05:10.133	0.87295	0.87296			6
2025.09.25	03:05:15.820	0.87294	0.87295			6
2025.09.25	03:05:21.683	0.87295	0.87296			6
2025.09.25	03:05:24.270	0.87294	0.87295			6
2025.09.25	03:05:33.720	0.87296	0.87297			6
2025.09.25	03:05:42.472	0.87295	0.87296			6
2025.09.25	03:05:43.986	0.87296	0.87297			6
2025.09.25	03:05:44.297	0.87295	0.87296			6
2025.09.25	03:05:45.338	0.87294	0.87295			6
2025.09.25	03:05:46.121	0.87293	0.87294			6
2025.09.25	03:05:46.423	0.87294	0.87295			6
2025.09.25	03:05:47.113	0.87293	0.87294			6
2025.09.25	03:05:47.495	0.87294	0.87295			6
2025.09.25	03:05:48.478	0.87293	0.87294			6
2025.09.25	03:05:51.399	0.87292	0.87293			6
2025.09.25	03:06:00.543	0.87292				2
2025.09.25	03:06:11.515		0.87294			4
2025.09.25	03:06:12.467	0.87293	0.87295			6
2025.09.25	03:06:15.061	0.87297	0.87298			6
2025.09.25	03:06:15.395	0.87298	0.87299			6
2025.09.25	03:06:18.326	0.87299	0.87300			6
2025.09.25	03:06:35.202		0.87301			4
2025.09.25	03:06:35.518	0.87300				2
2025.09.25	03:06:35.890	0.87299	0.87300			6
2025.09.25	03:06:38.273	0.87300	0.87301			6
2025.09.25	03:06:40.257	0.87299	0.87300			6
2025.09.25	03:06:50.676	0.87300	0.87301			6
2025.09.25	03:07:00.025	0.87300				2
2025.09.25	03:07:01.804		0.87302			4
2025.09.25	03:07:09.491	0.87301	0.87303			6
2025.09.25	03:07:10.773	0.87303	0.87304			6
2025.09.25	03:07:11.086	0.87304	0.87305			6
2025.09.25	03:07:14.312	0.87303	0.87304			6
2025.09.25	03:07:15.431	0.87302				2
2025.09.25	03:07:23.963		0.87303			4
2025.09.25	03:07:30.164	0.87300	0.87301			6
2025.09.25	03:07:31.411	0.87299				2
2025.09.25	03:07:31.823		0.87300			4
2025.09.25	03:07:32.130		0.87301			4
2025.09.25	03:07:32.545		0.87300			4
2025.09.25	03:07:33.269	0.87298				2
2025.09.25	03:07:37.113	0.87299	0.87301			6
2025.09.25	03:07:37.523		0.87300			4
2025.09.25	03:07:47.612	0.87298	0.87299			6
2025.09.25	03:08:00.148	0.87298				2
2025.09.25	03:08:01.446	0.87297	0.87298			6
2025.09.25	03:08:02.753	0.87298	0.87299			6
2025.09.25	03:08:06.552	0.87297	0.87298			6
2025.09.25	03:08:06.914	0.87298	0.87299			6
