<DATE>	<TIME>	<BID>	<ASK>	<LAST>	<VOLUME>	<FLAGS>
2025.09.12	00:03:30.509	0.86350	0.86512			6
2025.09.12	00:03:32.798	0.86346				2
2025.09.12	00:03:39.369	0.86340				2
2025.09.12	00:04:01.416	0.86340				2
2025.09.12	00:04:51.937		0.86512			4
2025.09.12	00:05:00.444	0.86354				2
2025.09.12	00:05:08.837	0.86379				2
2025.09.12	00:05:10.238	0.86383				2
2025.09.12	00:05:11.572	0.86389				2
2025.09.12	00:05:12.350	0.86390				2
2025.09.12	00:05:15.376	0.86388				2
2025.09.12	00:05:15.694	0.86387				2
2025.09.12	00:05:16.015	0.86379				2
2025.09.12	00:05:16.470	0.86374				2
2025.09.12	00:05:20.841	0.86376				2
2025.09.12	00:05:24.761	0.86377				2
2025.09.12	00:05:25.703	0.86375				2
2025.09.12	00:05:27.463	0.86376				2
2025.09.12	00:05:28.344	0.86375				2
2025.09.12	00:05:28.836	0.86374				2
2025.09.12	00:05:29.471	0.86375				2
2025.09.12	00:05:30.349	0.86374				2
2025.09.12	00:05:31.339	0.86377				2
2025.09.12	00:05:32.356	0.86375				2
2025.09.12	00:05:33.439	0.86378				2
2025.09.12	00:05:34.932	0.86379				2
2025.09.12	00:05:36.909	0.86380	0.86488			6
2025.09.12	00:05:37.898	0.86398				2
2025.09.12	00:05:38.345	0.86389	0.86498			6
2025.09.12	00:05:39.804	0.86390	0.86512			6
2025.09.12	00:05:40.297	0.86391				2
2025.09.12	00:05:41.278	0.86372				2
2025.09.12	00:05:42.974	0.86374				2
2025.09.12	00:05:44.353	0.86373				2
2025.09.12	00:05:45.618	0.86375				2
2025.09.12	00:05:48.354	0.86378				2
2025.09.12	00:05:48.813	0.86379	0.86494			6
2025.09.12	00:05:50.355	0.86381	0.86492			6
2025.09.12	00:05:50.888	0.86379	0.86490			6
2025.09.12	00:05:52.318	0.86378	0.86512			6
2025.09.12	00:05:53.747	0.86377				2
2025.09.12	00:05:56.345	0.86378				2
2025.09.12	00:06:01.162	0.86377				2
2025.09.12	00:06:03.505	0.86378				2
2025.09.12	00:06:06.344	0.86379				2
2025.09.12	00:06:20.352	0.86380				2
2025.09.12	00:06:28.345	0.86381				2
2025.09.12	00:06:33.442	0.86379				2
2025.09.12	00:06:34.344	0.86380				2
2025.09.12	00:06:40.878	0.86385				2
2025.09.12	00:06:44.345	0.86386				2
2025.09.12	00:06:55.879		0.86512			4
2025.09.12	00:07:01.925	0.86389				2
2025.09.12	00:07:05.926	0.86391				2
2025.09.12	00:07:14.060	0.86388				2
2025.09.12	00:07:34.551	0.86386				2
2025.09.12	00:07:40.871	0.86383				2
2025.09.12	00:07:47.129	0.86388				2
2025.09.12	00:08:09.777	0.86384	0.86512			6
2025.09.12	00:08:10.080	0.86385				2
2025.09.12	00:08:10.471	0.86388				2
2025.09.12	00:08:10.778	0.86385				2
2025.09.12	00:08:11.913	0.86388				2
2025.09.12	00:08:13.112	0.86386				2
2025.09.12	00:08:40.634	0.86385				2
2025.09.12	00:08:41.048	0.86389				2
2025.09.12	00:09:03.208	0.86388				2
2025.09.12	00:09:04.311	0.86390				2
2025.09.12	00:09:15.068	0.86389	0.86512			6
2025.09.12	00:09:19.759	0.86392				2
2025.09.12	00:09:24.522	0.86389				2
2025.09.12	00:09:29.247	0.86391				2
2025.09.12	00:09:34.573	0.86390				2
2025.09.12	00:09:36.348	0.86387				2
2025.09.12	00:09:44.335	0.86388				2
2025.09.12	00:09:46.348	0.86392				2
2025.09.12	00:09:49.349	0.86390				2
2025.09.12	00:09:53.907	0.86392				2
2025.09.12	00:09:59.192	0.86394				2
2025.09.12	00:10:00.322	0.86435	0.86508			6
2025.09.12	00:10:01.612	0.86434	0.86512			6
2025.09.12	00:10:02.038		0.86507			4
2025.09.12	00:10:06.884		0.86512			4
2025.09.12	00:10:11.429	0.86424	0.86481			6
2025.09.12	00:10:35.726	0.86423	0.86480			6
2025.09.12	00:11:00.004	0.86423				2
2025.09.12	00:11:04.857		0.86513			4
2025.09.12	00:11:06.212		0.86480			4
2025.09.12	00:11:07.134	0.86433	0.86512			6
2025.09.12	00:11:13.237	0.86423	0.86480			6
2025.09.12	00:11:13.860	0.86433	0.86512			6
2025.09.12	00:11:20.058	0.86423	0.86480			6
2025.09.12	00:11:20.686	0.86433	0.86512			6
2025.09.12	00:11:26.757	0.86423	0.86480			6
2025.09.12	00:11:27.361	0.86433	0.86512			6
2025.09.12	00:11:27.780	0.86432				2
2025.09.12	00:11:29.041	0.86433				2
2025.09.12	00:11:33.657	0.86423	0.86480			6
2025.09.12	00:11:34.293	0.86433	0.86512			6
2025.09.12	00:11:54.317	0.86434				2
2025.09.12	00:11:59.639	0.86437				2
2025.09.12	00:11:59.999	0.86432				2
2025.09.12	00:12:00.351	0.86432				2
2025.09.12	00:12:01.320	0.86433				2
2025.09.12	00:12:03.317	0.86432				2
2025.09.12	00:12:07.186	0.86431				2
2025.09.12	00:12:08.701	0.86433				2
2025.09.12	00:12:26.405	0.86431				2
2025.09.12	00:12:39.020		0.86512			4
2025.09.12	00:12:55.817	0.86432				2
2025.09.12	00:13:00.031	0.86432				2
2025.09.12	00:13:39.585		0.86512			4
2025.09.12	00:13:48.318	0.86433				2
2025.09.12	00:14:01.410	0.86433				2
2025.09.12	00:14:41.411		0.86512			4
2025.09.12	00:15:00.304	0.86433				2
2025.09.12	00:15:01.933	0.86434				2
2025.09.12	00:15:05.117	0.86433				2
2025.09.12	00:15:32.007	0.86434				2
2025.09.12	00:15:32.620	0.86432				2
2025.09.12	00:15:33.323	0.86429				2
2025.09.12	00:15:33.935	0.86426				2
2025.09.12	00:15:34.242	0.86432				2
2025.09.12	00:15:41.416		0.86512			4
2025.09.12	00:15:46.422	0.86431				2
2025.09.12	00:15:48.916	0.86432				2
2025.09.12	00:16:01.933	0.86432				2
2025.09.12	00:16:07.167	0.86430				2
2025.09.12	00:16:13.676	0.86431				2
2025.09.12	00:16:16.517	0.86432				2
2025.09.12	00:16:23.682	0.86430				2
2025.09.12	00:16:27.117	0.86432				2
2025.09.12	00:16:41.933		0.86512			4
2025.09.12	00:16:47.613	0.86431				2
2025.09.12	00:17:00.417	0.86431				2
2025.09.12	00:17:03.616	0.86427	0.86511			6
2025.09.12	00:17:18.010	0.86432	0.86512			6
2025.09.12	00:17:18.349	0.86426	0.86508			6
2025.09.12	00:17:26.021	0.86430				2
2025.09.12	00:17:30.916	0.86431				2
2025.09.12	00:17:51.936	0.86432				2
2025.09.12	00:17:53.601	0.86431				2
2025.09.12	00:18:00.016	0.86431				2
2025.09.12	00:18:18.408		0.86508			4
2025.09.12	00:18:35.417	0.86432				2
2025.09.12	00:18:41.416		0.86509			4
2025.09.12	00:18:51.240	0.86438	0.86512			6
2025.09.12	00:18:53.199	0.86437				2
2025.09.12	00:18:53.925	0.86438				2
2025.09.12	00:19:01.061	0.86442				2
2025.09.12	00:19:02.081	0.86439				2
2025.09.12	00:19:17.841		0.86513			4
2025.09.12	00:19:26.344	0.86438				2
2025.09.12	00:19:30.443	0.86439				2
2025.09.12	00:19:45.933	0.86435				2
2025.09.12	00:19:56.116	0.86436				2
2025.09.12	00:19:59.619	0.86440				2
2025.09.12	00:19:59.983	0.86434				2
2025.09.12	00:20:00.356	0.86434				2
2025.09.12	00:20:03.351	0.86432				2
2025.09.12	00:20:04.417	0.86433				2
2025.09.12	00:20:06.556	0.86438	0.86510			6
2025.09.12	00:20:13.457	0.86433	0.86513			6
2025.09.12	00:20:16.817	0.86432				2
2025.09.12	00:20:17.842		0.86512			4
2025.09.12	00:20:39.622	0.86435				2
2025.09.12	00:20:42.616	0.86436	0.86511			6
2025.09.12	00:20:53.419	0.86437	0.86510			6
2025.09.12	00:21:00.188	0.86435	0.86512			6
2025.09.12	00:21:03.703	0.86433				2
2025.09.12	00:21:06.318	0.86434				2
2025.09.12	00:21:10.007	0.86438				2
2025.09.12	00:21:10.323	0.86440				2
2025.09.12	00:21:13.144	0.86439				2
2025.09.12	00:21:15.657	0.86438				2
2025.09.12	00:21:49.874	0.86435				2
2025.09.12	00:21:50.197	0.86434				2
2025.09.12	00:21:54.537	0.86436				2
2025.09.12	00:21:54.839	0.86434				2
2025.09.12	00:21:55.453	0.86436				2
2025.09.12	00:21:55.757	0.86434				2
2025.09.12	00:21:56.066	0.86433				2
2025.09.12	00:21:59.116	0.86434				2
2025.09.12	00:22:00.356	0.86434	0.86512			6
2025.09.12	00:22:01.201	0.86433				2
2025.09.12	00:22:12.017	0.86434				2
2025.09.12	00:22:14.777	0.86430				2
2025.09.12	00:22:18.919	0.86431				2
2025.09.12	00:22:21.253	0.86430				2
2025.09.12	00:22:23.083	0.86428				2
2025.09.12	00:22:25.587	0.86429				2
2025.09.12	00:22:26.136	0.86428				2
2025.09.12	00:22:26.716	0.86429				2
2025.09.12	00:22:30.986	0.86430				2
2025.09.12	00:22:36.144	0.86429				2
2025.09.12	00:22:42.317	0.86430				2
2025.09.12	00:22:47.918	0.86429				2
2025.09.12	00:23:00.291	0.86429				2
2025.09.12	00:23:02.714		0.86512			4
2025.09.12	00:23:14.817	0.86430				2
2025.09.12	00:23:16.084	0.86427				2
2025.09.12	00:23:21.016	0.86428				2
2025.09.12	00:23:24.757	0.86431				2
2025.09.12	00:23:28.550	0.86428				2
2025.09.12	00:23:29.116	0.86427				2
2025.09.12	00:23:43.295	0.86433				2
2025.09.12	00:23:43.703	0.86429				2
2025.09.12	00:24:01.410	0.86429				2
2025.09.12	00:24:03.916		0.86512			4
2025.09.12	00:24:18.277	0.86432				2
2025.09.12	00:24:18.671	0.86427				2
2025.09.12	00:24:19.021	0.86425				2
2025.09.12	00:24:23.420	0.86426				2
2025.09.12	00:24:33.917	0.86425				2
2025.09.12	00:24:34.981	0.86429				2
2025.09.12	00:24:53.899	0.86431				2
2025.09.12	00:24:59.420	0.86432				2
2025.09.12	00:25:00.311	0.86431				2
2025.09.12	00:25:03.818		0.86511			4
2025.09.12	00:25:06.896	0.86432				2
2025.09.12	00:25:13.942	0.86430	0.86508			6
2025.09.12	00:25:14.347	0.86432	0.86512			6
2025.09.12	00:25:17.196	0.86430				2
2025.09.12	00:25:17.498	0.86433				2
2025.09.12	00:25:18.180	0.86432				2
2025.09.12	00:25:18.684	0.86433				2
2025.09.12	00:25:21.717	0.86432				2
2025.09.12	00:25:22.215	0.86433				2
2025.09.12	00:25:22.731	0.86432				2
2025.09.12	00:25:23.222	0.86433				2
2025.09.12	00:25:24.222	0.86432				2
2025.09.12	00:25:27.917	0.86433				2
2025.09.12	00:25:28.762	0.86432				2
2025.09.12	00:25:34.230	0.86433				2
2025.09.12	00:25:35.234	0.86432				2
2025.09.12	00:25:35.726	0.86433				2
2025.09.12	00:25:36.226	0.86432				2
2025.09.12	00:25:36.702	0.86433				2
2025.09.12	00:25:38.969	0.86432				2
2025.09.12	00:25:39.475	0.86433				2
2025.09.12	00:25:41.977	0.86432				2
2025.09.12	00:25:42.347	0.86433				2
2025.09.12	00:25:42.977	0.86432				2
2025.09.12	00:25:53.042	0.86433				2
2025.09.12	00:25:53.764	0.86432				2
2025.09.12	00:26:01.226	0.86433				2
2025.09.12	00:26:06.930	0.86432				2
2025.09.12	00:26:12.618	0.86433				2
2025.09.12	00:26:17.052		0.86512			4
2025.09.12	00:26:17.972	0.86432				2
2025.09.12	00:26:27.617	0.86433				2
2025.09.12	00:27:02.417	0.86433				2
2025.09.12	00:27:17.142		0.86512			4
2025.09.12	00:27:19.623	0.86432				2
2025.09.12	00:27:22.042	0.86433				2
2025.09.12	00:27:26.665	0.86431				2
2025.09.12	00:27:27.836	0.86432				2
2025.09.12	00:27:29.116	0.86431				2
2025.09.12	00:27:37.952	0.86432				2
2025.09.12	00:27:48.347	0.86431				2
2025.09.12	00:28:00.317	0.86431				2
2025.09.12	00:28:03.911	0.86432				2
2025.09.12	00:28:10.805	0.86431				2
2025.09.12	00:28:14.417	0.86430				2
2025.09.12	00:28:17.843		0.86514			4
2025.09.12	00:28:29.039	0.86431				2
2025.09.12	00:28:59.043	0.86432				2
2025.09.12	00:29:00.360	0.86432				2
2025.09.12	00:29:00.691	0.86429				2
2025.09.12	00:29:01.693	0.86430				2
2025.09.12	00:29:04.959	0.86431				2
2025.09.12	00:29:19.035		0.86514			4
2025.09.12	00:29:25.208	0.86432				2
2025.09.12	00:29:32.721	0.86431				2
2025.09.12	00:29:35.117	0.86432				2
2025.09.12	00:29:48.317	0.86431				2
2025.09.12	00:29:48.996	0.86432				2
2025.09.12	00:29:53.344	0.86433				2
2025.09.12	00:29:53.779	0.86432				2
2025.09.12	00:30:00.308	0.86429				2
2025.09.12	00:30:00.741	0.86432	0.86510			6
2025.09.12	00:30:01.788	0.86433	0.86509			6
2025.09.12	00:30:02.111		0.86512			4
2025.09.12	00:30:03.158	0.86435	0.86514			6
2025.09.12	00:30:13.224	0.86433				2
2025.09.12	00:30:13.677	0.86430				2
2025.09.12	00:30:16.689	0.86431				2
2025.09.12	00:30:18.166	0.86430				2
2025.09.12	00:30:32.502	0.86431				2
2025.09.12	00:30:39.811	0.86432				2
2025.09.12	00:30:41.417	0.86434				2
2025.09.12	00:30:49.807	0.86435				2
2025.09.12	00:30:58.654	0.86434				2
2025.09.12	00:31:04.274	0.86434	0.86514			6
2025.09.12	00:31:05.560	0.86433				2
2025.09.12	00:31:17.717	0.86432				2
2025.09.12	00:31:21.413	0.86433				2
2025.09.12	00:31:26.421	0.86431	0.86511			6
2025.09.12	00:31:26.823		0.86512			4
2025.09.12	00:31:27.150		0.86511			4
2025.09.12	00:31:28.355	0.86429				2
2025.09.12	00:31:36.660		0.86510			4
2025.09.12	00:32:03.318	0.86430				2
2025.09.12	00:32:12.306	0.86429				2
2025.09.12	00:32:16.735	0.86432	0.86514			6
2025.09.12	00:32:24.686	0.86431				2
2025.09.12	00:32:25.789		0.86512			4
2025.09.12	00:32:26.438		0.86514			4
2025.09.12	00:32:32.420	0.86430				2
2025.09.12	00:32:38.671	0.86429				2
2025.09.12	00:32:41.137	0.86428	0.86507			6
2025.09.12	00:32:41.438		0.86503			4
2025.09.12	00:32:45.304	0.86429	0.86499			6
2025.09.12	00:32:45.780		0.86500			4
2025.09.12	00:32:46.118		0.86498			4
2025.09.12	00:32:47.792	0.86430				2
2025.09.12	00:32:48.792	0.86429				2
2025.09.12	00:32:49.145		0.86499			4
2025.09.12	00:33:00.317	0.86428				2
2025.09.12	00:33:07.978	0.86429				2
2025.09.12	00:33:08.800	0.86430				2
2025.09.12	00:33:10.022		0.86506			4
2025.09.12	00:33:26.684	0.86431	0.86500			6
2025.09.12	00:33:27.757	0.86430				2
2025.09.12	00:33:30.703	0.86432				2
2025.09.12	00:33:32.414	0.86431				2
2025.09.12	00:33:39.382	0.86430				2
2025.09.12	00:33:40.144	0.86429	0.86502			6
2025.09.12	00:33:40.754		0.86500			4
2025.09.12	00:33:45.762	0.86430	0.86502			6
2025.09.12	00:33:46.206		0.86506			4
2025.09.12	00:33:46.573		0.86502			4
2025.09.12	00:33:47.601		0.86506			4
2025.09.12	00:33:48.883		0.86502			4
2025.09.12	00:33:49.635		0.86506			4
2025.09.12	00:33:50.309	0.86431				2
2025.09.12	00:33:50.819	0.86430	0.86502			6
2025.09.12	00:33:56.076	0.86429				2
2025.09.12	00:34:01.930	0.86429				2
2025.09.12	00:34:05.774	0.86430	0.86509			6
2025.09.12	00:34:07.472	0.86431				2
2025.09.12	00:34:16.921	0.86430				2
2025.09.12	00:34:27.487	0.86431	0.86514			6
2025.09.12	00:34:28.583	0.86428	0.86496			6
2025.09.12	00:34:28.900		0.86499			4
2025.09.12	00:34:29.543	0.86427	0.86500			6
2025.09.12	00:34:29.870	0.86426	0.86501			6
2025.09.12	00:34:30.352	0.86427	0.86500			6
2025.09.12	00:34:40.355	0.86428				2
2025.09.12	00:34:43.872		0.86501			4
2025.09.12	00:34:45.222		0.86499			4
2025.09.12	00:35:02.462	0.86428				2
2025.09.12	00:35:17.829	0.86429				2
2025.09.12	00:35:22.217	0.86430				2
2025.09.12	00:35:35.924	0.86429				2
2025.09.12	00:35:36.910	0.86428				2
2025.09.12	00:35:38.882		0.86500			4
2025.09.12	00:35:43.870		0.86501			4
2025.09.12	00:35:48.617	0.86429				2
2025.09.12	00:35:54.097		0.86499			4
2025.09.12	00:36:00.414	0.86430				2
2025.09.12	00:36:16.861	0.86431				2
2025.09.12	00:36:17.842	0.86432				2
2025.09.12	00:36:40.021	0.86433				2
2025.09.12	00:36:41.932	0.86432				2
2025.09.12	00:36:42.280	0.86430				2
2025.09.12	00:36:42.998	0.86432				2
2025.09.12	00:36:48.920	0.86431				2
2025.09.12	00:36:55.424		0.86499			4
2025.09.12	00:36:58.281		0.86498			4
2025.09.12	00:36:58.876		0.86499			4
2025.09.12	00:37:03.060	0.86431				2
2025.09.12	00:37:08.970		0.86498			4
2025.09.12	00:37:12.190		0.86500			4
2025.09.12	00:37:16.217	0.86430				2
2025.09.12	00:37:22.216	0.86431				2
2025.09.12	00:37:34.891	0.86433	0.86499			6
2025.09.12	00:37:38.418		0.86500			4
2025.09.12	00:37:40.222		0.86498			4
2025.09.12	00:37:40.544		0.86499			4
2025.09.12	00:38:00.617	0.86433				2
2025.09.12	00:38:07.282		0.86498			4
2025.09.12	00:38:07.675		0.86497			4
2025.09.12	00:38:23.400		0.86498			4
2025.09.12	00:38:23.922	0.86432	0.86499			6
2025.09.12	00:38:30.438	0.86431	0.86500			6
2025.09.12	00:38:34.073	0.86434	0.86498			6
2025.09.12	00:38:35.051		0.86496			4
2025.09.12	00:38:37.166		0.86497			4
2025.09.12	00:38:48.021	0.86435	0.86496			6
2025.09.12	00:38:48.943	0.86436	0.86495			6
2025.09.12	00:38:56.120	0.86435				2
2025.09.12	00:38:58.712	0.86436				2
2025.09.12	00:39:00.450	0.86436				2
2025.09.12	00:39:00.806	0.86435				2
2025.09.12	00:39:04.153		0.86496			4
2025.09.12	00:39:12.034		0.86495			4
2025.09.12	00:39:15.920		0.86496			4
2025.09.12	00:39:17.863		0.86487			4
2025.09.12	00:39:25.122	0.86434	0.86489			6
2025.09.12	00:39:26.971		0.86488			4
2025.09.12	00:39:30.672	0.86435	0.86487			6
2025.09.12	00:39:44.656		0.86486			4
2025.09.12	00:39:46.819		0.86487			4
2025.09.12	00:39:58.405	0.86434	0.86490			6
2025.09.12	00:39:59.314		0.86488			4
2025.09.12	00:40:00.027	0.86434	0.86490			6
2025.09.12	00:40:02.800		0.86493			4
2025.09.12	00:40:05.961		0.86491			4
2025.09.12	00:40:09.622	0.86435	0.86490			6
2025.09.12	00:40:10.669	0.86434	0.86491			6
2025.09.12	00:40:13.620	0.86433	0.86492			6
2025.09.12	00:40:18.642		0.86490			4
2025.09.12	00:40:19.730	0.86434				2
2025.09.12	00:40:20.993	0.86433	0.86491			6
2025.09.12	00:40:23.921	0.86434	0.86490			6
2025.09.12	00:40:30.033	0.86433	0.86491			6
2025.09.12	00:40:32.179	0.86432	0.86492			6
2025.09.12	00:40:39.851	0.86434	0.86491			6
2025.09.12	00:40:40.231	0.86435	0.86490			6
2025.09.12	00:40:40.913	0.86436	0.86489			6
2025.09.12	00:40:47.756	0.86435	0.86491			6
2025.09.12	00:40:49.109		0.86490			4
2025.09.12	00:40:50.067		0.86491			4
2025.09.12	00:40:54.306	0.86434				2
2025.09.12	00:40:55.063		0.86492			4
2025.09.12	00:41:00.413	0.86434	0.86491			6
2025.09.12	00:41:01.818		0.86492			4
2025.09.12	00:41:05.812	0.86433				2
2025.09.12	00:41:06.452	0.86431	0.86495			6
2025.09.12	00:41:08.737	0.86430	0.86487			6
2025.09.12	00:41:10.085	0.86432				2
2025.09.12	00:41:11.956	0.86431				2
2025.09.12	00:41:15.019	0.86432				2
2025.09.12	00:41:15.841	0.86431				2
2025.09.12	00:41:22.253	0.86430				2
2025.09.12	00:41:24.551	0.86431				2
2025.09.12	00:41:28.223	0.86430				2
2025.09.12	00:41:29.716	0.86429				2
2025.09.12	00:41:30.430	0.86430				2
2025.09.12	00:41:44.398	0.86431				2
2025.09.12	00:41:53.359	0.86430				2
2025.09.12	00:42:01.236	0.86430				2
2025.09.12	00:42:05.929	0.86431				2
2025.09.12	00:42:09.321	0.86429	0.86487			6
2025.09.12	00:42:10.924	0.86431				2
2025.09.12	00:42:15.017	0.86430				2
2025.09.12	00:42:45.282	0.86431				2
2025.09.12	00:42:55.364	0.86432				2
2025.09.12	00:42:55.936	0.86431				2
2025.09.12	00:42:57.197	0.86430				2
2025.09.12	00:43:01.184	0.86430				2
2025.09.12	00:43:05.718	0.86431				2
2025.09.12	00:43:06.607	0.86430				2
2025.09.12	00:43:09.617		0.86487			4
2025.09.12	00:43:19.209	0.86429				2
2025.09.12	00:43:24.875	0.86430				2
2025.09.12	00:43:25.298	0.86428				2
2025.09.12	00:43:30.200	0.86429				2
2025.09.12	00:43:37.833	0.86428				2
2025.09.12	00:43:40.161	0.86430				2
2025.09.12	00:43:41.614	0.86431				2
2025.09.12	00:43:45.713	0.86430				2
2025.09.12	00:43:48.659	0.86429				2
2025.09.12	00:43:50.137	0.86430				2
2025.09.12	00:43:51.956	0.86431				2
2025.09.12	00:43:55.094	0.86430				2
2025.09.12	00:43:58.819	0.86429				2
2025.09.12	00:44:00.547	0.86429				2
2025.09.12	00:44:10.242		0.86487			4
2025.09.12	00:44:15.777	0.86430				2
2025.09.12	00:44:16.080	0.86429				2
2025.09.12	00:44:20.175	0.86430				2
2025.09.12	00:44:28.172	0.86429				2
2025.09.12	00:44:36.123	0.86430				2
2025.09.12	00:44:36.955	0.86429				2
2025.09.12	00:44:38.197	0.86431				2
2025.09.12	00:44:38.641	0.86430				2
2025.09.12	00:44:40.604	0.86431				2
2025.09.12	00:44:41.708	0.86432				2
2025.09.12	00:44:46.188	0.86431				2
2025.09.12	00:44:48.643	0.86430				2
2025.09.12	00:44:48.989	0.86429				2
2025.09.12	00:45:00.893	0.86430				2
2025.09.12	00:45:02.990	0.86427	0.86484			6
2025.09.12	00:45:03.325	0.86426	0.86483			6
2025.09.12	00:45:06.353	0.86431	0.86487			6
2025.09.12	00:45:08.790	0.86430				2
2025.09.12	00:45:10.399	0.86442	0.86475			6
2025.09.12	00:45:13.054	0.86440				2
2025.09.12	00:45:13.891	0.86441				2
2025.09.12	00:45:16.912	0.86440				2
2025.09.12	00:45:19.473	0.86441				2
2025.09.12	00:45:26.515	0.86442				2
2025.09.12	00:45:27.323	0.86441				2
2025.09.12	00:45:33.388		0.86472			4
2025.09.12	00:45:34.483	0.86442	0.86467			6
2025.09.12	00:45:35.664	0.86444				2
2025.09.12	00:45:37.379	0.86434	0.86462			6
2025.09.12	00:45:39.672	0.86433				2
2025.09.12	00:45:40.740		0.86461			4
2025.09.12	00:45:41.488	0.86434	0.86460			6
2025.09.12	00:45:47.123	0.86433	0.86461			6
2025.09.12	00:45:57.617	0.86434	0.86460			6
2025.09.12	00:46:00.234	0.86434				2
2025.09.12	00:46:01.057	0.86433	0.86461			6
2025.09.12	00:46:03.644	0.86434	0.86460			6
2025.09.12	00:46:23.720	0.86435	0.86459			6
2025.09.12	00:46:28.130	0.86433	0.86461			6
2025.09.12	00:46:33.225	0.86434				2
2025.09.12	00:46:39.791	0.86435	0.86460			6
2025.09.12	00:46:40.263	0.86434	0.86461			6
2025.09.12	00:46:40.992	0.86435	0.86459			6
2025.09.12	00:46:42.205	0.86434	0.86460			6
2025.09.12	00:46:46.096		0.86459			4
2025.09.12	00:46:50.312	0.86435				2
2025.09.12	00:46:54.998	0.86432	0.86462			6
2025.09.12	00:47:00.557	0.86432				2
2025.09.12	00:47:02.891	0.86430	0.86466			6
2025.09.12	00:47:06.548	0.86432	0.86462			6
2025.09.12	00:47:22.168	0.86433				2
2025.09.12	00:47:32.070		0.86461			4
2025.09.12	00:47:33.144	0.86432	0.86462			6
2025.09.12	00:47:34.033	0.86433				2
2025.09.12	00:47:34.649	0.86432				2
2025.09.12	00:47:38.125	0.86434	0.86461			6
2025.09.12	00:47:38.953		0.86460			4
2025.09.12	00:47:40.857	0.86435	0.86459			6
2025.09.12	00:48:01.057	0.86435				2
2025.09.12	00:48:35.060	0.86434	0.86460			6
2025.09.12	00:48:45.647	0.86435				2
2025.09.12	00:48:56.718	0.86434				2
2025.09.12	00:49:03.091	0.86434				2
2025.09.12	00:49:03.416	0.86433	0.86462			6
2025.09.12	00:49:23.353	0.86440	0.86484			6
2025.09.12	00:49:23.657	0.86438	0.86485			6
2025.09.12	00:49:23.971	0.86440	0.86484			6
2025.09.12	00:49:24.565	0.86439	0.86485			6
2025.09.12	00:49:28.751	0.86440	0.86484			6
2025.09.12	00:49:29.581	0.86439	0.86483			6
2025.09.12	00:49:29.896	0.86440	0.86484			6
2025.09.12	00:49:30.847		0.86483			4
2025.09.12	00:49:31.213		0.86484			4
2025.09.12	00:49:32.056		0.86486			4
2025.09.12	00:49:33.082	0.86441	0.86485			6
2025.09.12	00:49:38.619	0.86442				2
2025.09.12	00:49:38.937	0.86443	0.86483			6
2025.09.12	00:49:39.566	0.86441	0.86466			6
2025.09.12	00:49:39.884	0.86440	0.86467			6
2025.09.12	00:49:40.190	0.86441	0.86466			6
2025.09.12	00:49:40.497	0.86440	0.86467			6
2025.09.12	00:49:44.886	0.86441				2
2025.09.12	00:49:45.765		0.86466			4
2025.09.12	00:49:46.202	0.86440	0.86467			6
2025.09.12	00:49:46.525	0.86441				2
2025.09.12	00:49:46.878		0.86466			4
2025.09.12	00:49:47.222	0.86440	0.86467			6
2025.09.12	00:49:48.339	0.86441	0.86466			6
2025.09.12	00:49:49.515	0.86440	0.86467			6
2025.09.12	00:49:50.202	0.86441	0.86466			6
2025.09.12	00:49:51.313	0.86440	0.86467			6
2025.09.12	00:49:52.010	0.86441	0.86466			6
2025.09.12	00:49:54.200		0.86467			4
2025.09.12	00:49:54.647		0.86466			4
2025.09.12	00:49:55.838	0.86440	0.86467			6
2025.09.12	00:49:56.182	0.86441	0.86466			6
2025.09.12	00:49:56.968	0.86418	0.86467			6
2025.09.12	00:49:57.280		0.86462			4
2025.09.12	00:49:57.683	0.86413				2
2025.09.12	00:49:58.183	0.86409				2
2025.09.12	00:49:58.874	0.86406				2
2025.09.12	00:50:00.547	0.86412				2
2025.09.12	00:50:11.299	0.86414	0.86463			6
2025.09.12	00:50:12.103	0.86412				2
2025.09.12	00:50:13.615	0.86413	0.86465			6
2025.09.12	00:50:14.032		0.86466			4
2025.09.12	00:50:17.304	0.86409				2
2025.09.12	00:50:25.770	0.86410	0.86465			6
2025.09.12	00:50:27.571	0.86409	0.86466			6
2025.09.12	00:50:35.666	0.86411	0.86464			6
2025.09.12	00:50:35.972	0.86413	0.86462			6
2025.09.12	00:50:45.659	0.86410	0.86465			6
2025.09.12	00:50:49.690	0.86409	0.86466			6
2025.09.12	00:50:55.220	0.86410	0.86465			6
2025.09.12	00:50:55.661	0.86413	0.86463			6
2025.09.12	00:50:57.872		0.86462			4
2025.09.12	00:51:03.917	0.86414				2
2025.09.12	00:51:05.670	0.86411	0.86464			6
2025.09.12	00:51:06.033	0.86409	0.86466			6
2025.09.12	00:51:08.770	0.86408				2
2025.09.12	00:51:12.250		0.86467			4
2025.09.12	00:51:18.764	0.86409	0.86466			6
2025.09.12	00:51:19.862	0.86410				2
2025.09.12	00:51:22.419	0.86438				2
2025.09.12	00:51:22.800	0.86436	0.86467			6
2025.09.12	00:51:28.652	0.86433	0.86468			6
2025.09.12	00:51:30.916	0.86412	0.86462			6
2025.09.12	00:51:31.439	0.86407				2
2025.09.12	00:51:31.823		0.86461			4
2025.09.12	00:51:35.683	0.86401				2
2025.09.12	00:51:36.213	0.86402				2
2025.09.12	00:51:38.717	0.86409				2
2025.09.12	00:51:39.177	0.86407	0.86462			6
2025.09.12	00:51:41.238	0.86409				2
2025.09.12	00:51:42.354	0.86407				2
2025.09.12	00:51:43.440	0.86405				2
2025.09.12	00:51:45.185	0.86404	0.86461			6
2025.09.12	00:51:48.735	0.86407				2
2025.09.12	00:51:52.439		0.86463			4
2025.09.12	00:51:52.989	0.86406				2
2025.09.12	00:51:54.872		0.86462			4
2025.09.12	00:51:57.355	0.86410				2
2025.09.12	00:51:58.729	0.86406				2
2025.09.12	00:52:00.316	0.86406				2
2025.09.12	00:52:01.519		0.86461			4
2025.09.12	00:52:11.372	0.86409				2
2025.09.12	00:52:12.426	0.86411	0.86462			6
2025.09.12	00:52:13.512		0.86461			4
2025.09.12	00:52:14.033		0.86462			4
2025.09.12	00:52:15.660	0.86403				2
2025.09.12	00:52:16.194		0.86461			4
2025.09.12	00:52:18.916	0.86404	0.86460			6
2025.09.12	00:52:23.629	0.86409	0.86462			6
2025.09.12	00:52:27.360		0.86461			4
2025.09.12	00:52:28.735	0.86411				2
2025.09.12	00:52:29.104	0.86409				2
2025.09.12	00:52:35.028	0.86407	0.86463			6
2025.09.12	00:52:39.422	0.86412	0.86464			6
2025.09.12	00:52:42.119	0.86407	0.86463			6
2025.09.12	00:52:43.894	0.86409	0.86461			6
2025.09.12	00:52:48.022	0.86406				2
2025.09.12	00:52:49.214		0.86460			4
2025.09.12	00:52:50.973		0.86461			4
2025.09.12	00:52:53.370	0.86409	0.86459			6
2025.09.12	00:52:53.912	0.86407	0.86461			6
2025.09.12	00:52:54.215		0.86460			4
2025.09.12	00:52:55.669		0.86458			4
2025.09.12	00:52:56.209	0.86408	0.86457			6
2025.09.12	00:52:58.726	0.86405	0.86458			6
2025.09.12	00:52:59.034	0.86404	0.86459			6
2025.09.12	00:53:00.028	0.86404				2
2025.09.12	00:53:05.687	0.86406	0.86460			6
2025.09.12	00:53:08.765		0.86461			4
2025.09.12	00:53:13.226	0.86409				2
2025.09.12	00:53:13.621	0.86411	0.86462			6
2025.09.12	00:53:15.376	0.86406				2
2025.09.12	00:53:15.714		0.86460			4
2025.09.12	00:53:20.717		0.86459			4
2025.09.12	00:53:25.662	0.86412	0.86462			6
2025.09.12	00:53:26.204	0.86416				2
2025.09.12	00:53:26.579		0.86461			4
2025.09.12	00:53:28.520		0.86460			4
2025.09.12	00:53:28.882	0.86417				2
2025.09.12	00:53:30.484		0.86461			4
2025.09.12	00:53:33.995		0.86462			4
2025.09.12	00:53:34.546		0.86460			4
2025.09.12	00:53:35.663	0.86406	0.86459			6
2025.09.12	00:53:38.723	0.86405	0.86460			6
2025.09.12	00:53:45.663	0.86412				2
2025.09.12	00:53:47.117		0.86461			4
2025.09.12	00:53:48.733	0.86416				2
2025.09.12	00:54:01.273	0.86416				2
2025.09.12	00:54:04.825		0.86460			4
2025.09.12	00:54:15.662	0.86406	0.86459			6
2025.09.12	00:54:16.753		0.86458			4
2025.09.12	00:54:22.281	0.86407				2
2025.09.12	00:54:25.442	0.86415	0.86459			6
2025.09.12	00:54:25.762	0.86417	0.86461			6
2025.09.12	00:54:29.220	0.86421				2
2025.09.12	00:54:29.627	0.86417				2
2025.09.12	00:54:30.029	0.86421				2
2025.09.12	00:54:30.918	0.86417				2
2025.09.12	00:54:35.725	0.86421				2
2025.09.12	00:54:36.070	0.86417	0.86460			6
2025.09.12	00:54:39.760	0.86416				2
2025.09.12	00:54:48.723	0.86418				2
2025.09.12	00:54:58.611		0.86459			4
2025.09.12	00:55:00.021	0.86418				2
2025.09.12	00:55:00.414	0.86414	0.86461			6
2025.09.12	00:55:01.838		0.86462			4
2025.09.12	00:55:08.717		0.86461			4
2025.09.12	00:55:10.786	0.86408	0.86458			6
2025.09.12	00:55:11.158	0.86406				2
2025.09.12	00:55:13.618	0.86405				2
2025.09.12	00:55:13.928		0.86459			4
2025.09.12	00:55:14.329	0.86408				2
2025.09.12	00:55:17.033	0.86404				2
2025.09.12	00:55:17.337	0.86411	0.86461			6
2025.09.12	00:55:18.063		0.86460			4
2025.09.12	00:55:18.470		0.86459			4
2025.09.12	00:55:22.452	0.86410	0.86460			6
2025.09.12	00:55:24.899	0.86404				2
2025.09.12	00:55:26.452	0.86405				2
2025.09.12	00:55:26.805	0.86403	0.86459			6
2025.09.12	00:55:27.134	0.86404				2
2025.09.12	00:55:27.440	0.86403				2
2025.09.12	00:55:27.784	0.86405				2
2025.09.12	00:55:29.035		0.86460			4
2025.09.12	00:55:29.364	0.86406	0.86461			6
2025.09.12	00:55:30.961	0.86404				2
2025.09.12	00:55:32.025	0.86405				2
2025.09.12	00:55:33.018		0.86460			4
2025.09.12	00:55:37.588	0.86408	0.86461			6
2025.09.12	00:55:38.349	0.86406				2
2025.09.12	00:55:39.515	0.86407				2
2025.09.12	00:55:43.060	0.86405				2
2025.09.12	00:55:48.017		0.86460			4
2025.09.12	00:55:48.724	0.86402	0.86461			6
2025.09.12	00:55:49.738		0.86460			4
2025.09.12	00:55:53.960	0.86405				2
2025.09.12	00:55:56.418	0.86403	0.86458			6
2025.09.12	00:55:58.730	0.86406	0.86459			6
2025.09.12	00:55:59.909	0.86405	0.86460			6
2025.09.12	00:56:00.360	0.86405				2
2025.09.12	00:56:02.419	0.86404	0.86461			6
2025.09.12	00:56:02.730		0.86460			4
2025.09.12	00:56:04.516	0.86405				2
2025.09.12	00:56:05.991	0.86404	0.86461			6
2025.09.12	00:56:11.193	0.86407				2
2025.09.12	00:56:14.028	0.86428	0.86458			6
2025.09.12	00:56:14.450	0.86426				2
2025.09.12	00:56:15.666	0.86427				2
2025.09.12	00:56:16.098	0.86426	0.86459			6
2025.09.12	00:56:16.599	0.86428	0.86457			6
2025.09.12	00:56:17.736	0.86426	0.86458			6
2025.09.12	00:56:18.345	0.86425	0.86459			6
2025.09.12	00:56:19.771	0.86426	0.86458			6
2025.09.12	00:56:26.750	0.86427	0.86457			6
2025.09.12	00:56:28.032	0.86426	0.86458			6
2025.09.12	00:56:33.968	0.86427	0.86459			6
2025.09.12	00:56:34.279		0.86458			4
2025.09.12	00:56:35.728	0.86426	0.86460			6
2025.09.12	00:56:36.105		0.86458			4
2025.09.12	00:56:38.016	0.86425	0.86459			6
2025.09.12	00:56:42.374	0.86428				2
2025.09.12	00:56:44.517	0.86426				2
2025.09.12	00:56:50.645	0.86427	0.86458			6
2025.09.12	00:56:52.490	0.86426	0.86459			6
2025.09.12	00:57:00.682	0.86443	0.86484			6
2025.09.12	00:57:00.986	0.86442	0.86485			6
2025.09.12	00:57:01.822	0.86446	0.86482			6
2025.09.12	00:57:02.340	0.86444	0.86485			6
2025.09.12	00:57:02.804	0.86442	0.86487			6
2025.09.12	00:57:03.119	0.86437	0.86490			6
2025.09.12	00:57:03.670	0.86441	0.86486			6
2025.09.12	00:57:03.971		0.86488			4
2025.09.12	00:57:04.285	0.86443	0.86486			6
2025.09.12	00:57:07.320	0.86444	0.86485			6
2025.09.12	00:57:08.955		0.86484			4
2025.09.12	00:57:11.876	0.86443	0.86485			6
2025.09.12	00:57:12.806	0.86444	0.86484			6
2025.09.12	00:57:18.763		0.86485			4
2025.09.12	00:57:19.956	0.86445	0.86483			6
2025.09.12	00:57:22.758	0.86444	0.86482			6
2025.09.12	00:57:23.066	0.86445	0.86483			6
2025.09.12	00:57:23.380	0.86444	0.86484			6
2025.09.12	00:57:23.681	0.86446	0.86482			6
2025.09.12	00:57:23.999	0.86445				2
2025.09.12	00:57:24.623	0.86446	0.86483			6
2025.09.12	00:57:24.925		0.86482			4
2025.09.12	00:57:25.238	0.86444	0.86483			6
2025.09.12	00:57:25.859	0.86445				2
2025.09.12	00:57:26.165	0.86446	0.86482			6
2025.09.12	00:57:27.537	0.86445				2
2025.09.12	00:57:29.985	0.86446				2
2025.09.12	00:57:30.300	0.86445				2
2025.09.12	00:57:30.617	0.86444	0.86483			6
2025.09.12	00:57:30.923	0.86446	0.86484			6
2025.09.12	00:57:31.225		0.86483			4
2025.09.12	00:57:31.861	0.86445				2
2025.09.12	00:57:32.786	0.86444	0.86484			6
2025.09.12	00:57:33.097		0.86483			4
2025.09.12	00:57:33.401	0.86445				2
2025.09.12	00:57:33.705	0.86444	0.86484			6
2025.09.12	00:57:34.241	0.86445	0.86483			6
2025.09.12	00:57:34.958	0.86444	0.86484			6
2025.09.12	00:57:35.391	0.86445	0.86483			6
2025.09.12	00:57:35.734		0.86484			4
2025.09.12	00:57:36.882	0.86446	0.86483			6
2025.09.12	00:57:39.883	0.86445	0.86484			6
2025.09.12	00:57:42.117	0.86446	0.86483			6
2025.09.12	00:57:42.491	0.86447	0.86482			6
2025.09.12	00:57:44.160	0.86446				2
2025.09.12	00:57:44.782	0.86445	0.86483			6
2025.09.12	00:57:45.156	0.86446	0.86482			6
2025.09.12	00:57:45.660	0.86445	0.86483			6
2025.09.12	00:57:48.497		0.86482			4
2025.09.12	00:57:53.444	0.86446				2
2025.09.12	00:57:58.773	0.86445	0.86483			6
2025.09.12	00:58:00.618	0.86445				2
2025.09.12	00:58:01.306	0.86446	0.86482			6
2025.09.12	00:58:03.704		0.86481			4
2025.09.12	00:58:05.302		0.86482			4
2025.09.12	00:58:05.849		0.86481			4
2025.09.12	00:58:06.562		0.86482			4
2025.09.12	00:58:08.388		0.86481			4
2025.09.12	00:58:08.749	0.86445	0.86482			6
2025.09.12	00:58:09.058	0.86446				2
2025.09.12	00:58:09.395	0.86445	0.86483			6
2025.09.12	00:58:10.174	0.86442	0.86486			6
2025.09.12	00:58:14.521	0.86443	0.86485			6
2025.09.12	00:58:15.057	0.86442				2
2025.09.12	00:58:16.884	0.86441	0.86488			6
2025.09.12	00:58:17.265	0.86440	0.86489			6
2025.09.12	00:58:18.487	0.86441	0.86488			6
2025.09.12	00:58:22.055	0.86440	0.86489			6
2025.09.12	00:58:25.013	0.86441	0.86488			6
2025.09.12	00:58:27.044	0.86440	0.86489			6
2025.09.12	00:58:32.151		0.86488			4
2025.09.12	00:58:33.267		0.86489			4
2025.09.12	00:58:37.148	0.86439				2
2025.09.12	00:58:42.116	0.86440	0.86488			6
2025.09.12	00:58:43.245	0.86439	0.86489			6
2025.09.12	00:58:58.871	0.86438				2
2025.09.12	00:59:01.613	0.86438				2
2025.09.12	00:59:10.413	0.86437	0.86491			6
2025.09.12	00:59:11.909	0.86438	0.86490			6
2025.09.12	00:59:19.007		0.86489			4
2025.09.12	00:59:19.519	0.86439				2
2025.09.12	00:59:25.855		0.86475			4
2025.09.12	00:59:26.900		0.86476			4
2025.09.12	00:59:28.263	0.86438				2
2025.09.12	00:59:30.883	0.86439	0.86475			6
2025.09.12	00:59:34.828	0.86438	0.86476			6
2025.09.12	00:59:35.646		0.86475			4
2025.09.12	00:59:35.994		0.86476			4
2025.09.12	00:59:38.422	0.86439	0.86475			6
2025.09.12	00:59:39.405	0.86436	0.86478			6
2025.09.12	00:59:39.891	0.86434	0.86480			6
2025.09.12	00:59:40.499		0.86479			4
2025.09.12	00:59:43.235	0.86433	0.86480			6
2025.09.12	00:59:43.540	0.86435	0.86481			6
2025.09.12	00:59:43.844	0.86432				2
2025.09.12	00:59:44.962		0.86480			4
2025.09.12	00:59:45.268	0.86433				2
2025.09.12	00:59:45.579	0.86432				2
2025.09.12	00:59:45.882	0.86431	0.86483			6
2025.09.12	00:59:46.198	0.86428	0.86485			6
2025.09.12	00:59:46.552		0.86486			4
2025.09.12	00:59:46.857	0.86427				2
2025.09.12	00:59:47.172	0.86426	0.86487			6
2025.09.12	00:59:47.478	0.86427	0.86486			6
2025.09.12	00:59:47.812	0.86426	0.86488			6
2025.09.12	00:59:48.645		0.86487			4
2025.09.12	00:59:49.579		0.86488			4
2025.09.12	00:59:49.886	0.86427	0.86487			6
2025.09.12	00:59:50.198	0.86428				2
2025.09.12	00:59:50.503		0.86486			4
2025.09.12	00:59:50.820	0.86426	0.86488			6
2025.09.12	00:59:51.126		0.86487			4
2025.09.12	00:59:51.438	0.86427				2
2025.09.12	00:59:51.740	0.86428				2
2025.09.12	00:59:52.046	0.86427	0.86486			6
2025.09.12	00:59:52.349	0.86426	0.86488			6
2025.09.12	00:59:53.296		0.86487			4
2025.09.12	00:59:54.349	0.86425	0.86488			6
2025.09.12	00:59:56.561	0.86427	0.86485			6
2025.09.12	00:59:57.563	0.86428				2
2025.09.12	00:59:58.209	0.86429	0.86484			6
2025.09.12	00:59:58.839	0.86428				2
2025.09.12	00:59:59.156	0.86429	0.86483			6
2025.09.12	00:59:59.458	0.86427	0.86486			6
2025.09.12	00:59:59.779	0.86426	0.86487			6
2025.09.12	01:00:00.308	0.86432	0.86481			6
2025.09.12	01:00:00.614	0.86436	0.86478			6
2025.09.12	01:00:00.927	0.86443	0.86471			6
2025.09.12	01:00:01.238		0.86477			4
2025.09.12	01:00:01.544	0.86440				2
2025.09.12	01:00:01.868	0.86443				2
2025.09.12	01:00:02.258	0.86444				2
2025.09.12	01:00:02.563	0.86445				2
2025.09.12	01:00:02.864	0.86446				2
2025.09.12	01:00:03.675	0.86434	0.86480			6
2025.09.12	01:00:04.315		0.86481			4
2025.09.12	01:00:04.617	0.86436				2
2025.09.12	01:00:04.918	0.86431	0.86474			6
2025.09.12	01:00:05.222	0.86432	0.86473			6
2025.09.12	01:00:05.525	0.86434	0.86474			6
2025.09.12	01:00:05.827	0.86435				2
2025.09.12	01:00:06.130	0.86433				2
2025.09.12	01:00:06.734	0.86434	0.86476			6
2025.09.12	01:00:07.038	0.86443	0.86475			6
2025.09.12	01:00:07.500	0.86444				2
2025.09.12	01:00:08.084	0.86445				2
2025.09.12	01:00:12.671	0.86446				2
2025.09.12	01:00:14.002	0.86445				2
2025.09.12	01:00:15.217	0.86444	0.86466			6
2025.09.12	01:00:18.965	0.86443				2
2025.09.12	01:00:20.213	0.86428	0.86462			6
2025.09.12	01:00:21.422	0.86432				2
2025.09.12	01:00:21.916	0.86433				2
2025.09.12	01:00:22.221	0.86439				2
2025.09.12	01:00:23.215	0.86440				2
2025.09.12	01:00:23.670	0.86443				2
2025.09.12	01:00:25.277	0.86430				2
2025.09.12	01:00:25.619	0.86433				2
2025.09.12	01:00:25.921	0.86432				2
2025.09.12	01:00:26.427	0.86433				2
2025.09.12	01:00:28.126	0.86435				2
2025.09.12	01:00:29.357	0.86434				2
2025.09.12	01:00:29.669	0.86433				2
2025.09.12	01:00:30.389	0.86434				2
2025.09.12	01:00:31.615	0.86431				2
2025.09.12	01:00:31.993	0.86430				2
2025.09.12	01:00:32.357	0.86431				2
2025.09.12	01:00:36.757	0.86433				2
2025.09.12	01:00:37.108	0.86432	0.86463			6
2025.09.12	01:00:37.419	0.86425	0.86462			6
2025.09.12	01:00:37.723		0.86460			4
2025.09.12	01:00:38.350		0.86462			4
2025.09.12	01:00:38.963		0.86460			4
2025.09.12	01:00:39.278		0.86462			4
2025.09.12	01:00:39.617		0.86459			4
2025.09.12	01:00:39.928		0.86462			4
2025.09.12	01:00:40.309		0.86458			4
2025.09.12	01:00:40.650		0.86462			4
2025.09.12	01:00:40.982		0.86460			4
2025.09.12	01:00:41.287	0.86424	0.86458			6
2025.09.12	01:00:41.598		0.86460			4
2025.09.12	01:00:41.904		0.86462			4
2025.09.12	01:00:42.693		0.86460			4
2025.09.12	01:00:42.998	0.86426				2
2025.09.12	01:00:43.317	0.86430				2
2025.09.12	01:00:47.825	0.86431				2
2025.09.12	01:00:49.439	0.86446	0.86461			6
2025.09.12	01:00:49.744	0.86445				2
2025.09.12	01:00:50.065	0.86444				2
2025.09.12	01:00:50.623	0.86442				2
2025.09.12	01:00:51.762	0.86444				2
2025.09.12	01:00:54.362	0.86446	0.86463			6
2025.09.12	01:00:54.688	0.86444	0.86461			6
2025.09.12	01:00:56.118	0.86445	0.86463			6
2025.09.12	01:00:56.439	0.86447	0.86465			6
2025.09.12	01:00:56.759	0.86448				2
2025.09.12	01:00:59.570	0.86450	0.86470			6
2025.09.12	01:01:00.308	0.86453				2
2025.09.12	01:01:01.451	0.86454				2
2025.09.12	01:01:03.706	0.86456				2
2025.09.12	01:01:05.256	0.86458	0.86473			6
2025.09.12	01:01:05.559	0.86453	0.86470			6
2025.09.12	01:01:08.528	0.86448	0.86465			6
2025.09.12	01:01:08.908	0.86447				2
2025.09.12	01:01:13.822		0.86464			4
2025.09.12	01:01:17.453	0.86448				2
2025.09.12	01:01:19.886	0.86447				2
2025.09.12	01:01:21.799	0.86448				2
2025.09.12	01:01:22.925	0.86447				2
2025.09.12	01:01:36.349	0.86448	0.86463			6
2025.09.12	01:01:42.347		0.86462			4
2025.09.12	01:01:44.587	0.86453	0.86467			6
2025.09.12	01:01:45.775	0.86452	0.86466			6
2025.09.12	01:01:46.345	0.86451				2
2025.09.12	01:01:46.774	0.86452	0.86467			6
2025.09.12	01:01:47.420	0.86451	0.86466			6
2025.09.12	01:01:47.728	0.86452				2
2025.09.12	01:01:49.641		0.86467			4
2025.09.12	01:01:50.358	0.86451	0.86465			6
2025.09.12	01:01:53.757		0.86466			4
2025.09.12	01:01:54.723	0.86450	0.86465			6
2025.09.12	01:01:56.350	0.86451				2
2025.09.12	01:01:58.389	0.86450	0.86464			6
2025.09.12	01:01:59.411		0.86463			4
2025.09.12	01:02:00.019	0.86450				2
2025.09.12	01:02:01.625	0.86449	0.86462			6
2025.09.12	01:02:08.056	0.86450	0.86461			6
2025.09.12	01:02:08.362	0.86449				2
2025.09.12	01:02:09.872	0.86451	0.86462			6
2025.09.12	01:02:11.374	0.86449				2
2025.09.12	01:02:15.838	0.86454	0.86465			6
2025.09.12	01:02:16.315	0.86452	0.86467			6
2025.09.12	01:02:17.427		0.86466			4
2025.09.12	01:02:18.017	0.86451				2
2025.09.12	01:02:18.329	0.86452				2
2025.09.12	01:02:20.355	0.86453				2
2025.09.12	01:02:26.344		0.86465			4
2025.09.12	01:02:30.348	0.86454				2
2025.09.12	01:02:52.067	0.86453				2
2025.09.12	01:02:54.984	0.86454	0.86467			6
2025.09.12	01:03:00.452	0.86454	0.86465			6
2025.09.12	01:03:05.836	0.86455				2
2025.09.12	01:03:10.351	0.86454				2
2025.09.12	01:03:28.356		0.86463			4
2025.09.12	01:03:31.424	0.86453				2
2025.09.12	01:03:39.423	0.86451				2
2025.09.12	01:03:42.595	0.86454				2
2025.09.12	01:03:44.994	0.86453	0.86464			6
2025.09.12	01:03:50.887	0.86457	0.86466			6
2025.09.12	01:03:53.693	0.86456				2
2025.09.12	01:03:54.816	0.86457				2
2025.09.12	01:03:56.117		0.86467			4
2025.09.12	01:03:56.815	0.86458				2
2025.09.12	01:04:00.408	0.86458				2
2025.09.12	01:04:01.921	0.86457				2
2025.09.12	01:04:02.860		0.86469			4
2025.09.12	01:04:03.721		0.86468			4
2025.09.12	01:04:04.664	0.86458				2
2025.09.12	01:04:05.117	0.86457				2
2025.09.12	01:04:09.345	0.86456				2
2025.09.12	01:04:09.675	0.86457				2
2025.09.12	01:04:10.518	0.86458				2
2025.09.12	01:04:11.418		0.86469			4
2025.09.12	01:04:16.818		0.86468			4
2025.09.12	01:04:19.353	0.86457	0.86469			6
2025.09.12	01:04:23.117		0.86468			4
2025.09.12	01:04:24.269	0.86456				2
2025.09.12	01:04:28.784	0.86457				2
2025.09.12	01:04:30.105	0.86455				2
2025.09.12	01:04:31.818		0.86467			4
2025.09.12	01:04:33.939	0.86456				2
2025.09.12	01:04:38.854	0.86455				2
2025.09.12	01:04:44.027	0.86454				2
2025.09.12	01:04:44.725	0.86455	0.86468			6
2025.09.12	01:04:49.106	0.86456				2
2025.09.12	01:05:00.018	0.86456				2
2025.09.12	01:05:00.434	0.86454	0.86466			6
2025.09.12	01:05:06.767	0.86450	0.86462			6
2025.09.12	01:05:11.376	0.86445	0.86458			6
2025.09.12	01:05:12.757		0.86457			4
2025.09.12	01:05:14.457	0.86448	0.86460			6
2025.09.12	01:05:16.350	0.86446				2
2025.09.12	01:05:22.461	0.86447				2
2025.09.12	01:05:26.354	0.86448				2
2025.09.12	01:05:31.011		0.86459			4
2025.09.12	01:05:31.608	0.86446	0.86458			6
2025.09.12	01:05:32.438	0.86445				2
2025.09.12	01:05:34.347	0.86446				2
2025.09.12	01:05:35.633		0.86457			4
2025.09.12	01:05:35.965	0.86445	0.86456			6
2025.09.12	01:05:36.914	0.86451	0.86462			6
2025.09.12	01:05:37.276	0.86454	0.86464			6
2025.09.12	01:05:38.323	0.86452				2
2025.09.12	01:05:39.263	0.86449	0.86456			6
2025.09.12	01:05:42.017	0.86448				2
2025.09.12	01:05:43.719	0.86447				2
2025.09.12	01:05:45.930	0.86448				2
2025.09.12	01:05:58.424	0.86447	0.86457			6
2025.09.12	01:06:00.093	0.86447				2
2025.09.12	01:06:12.509	0.86445	0.86456			6
2025.09.12	01:06:16.344	0.86446				2
2025.09.12	01:06:18.020		0.86457			4
2025.09.12	01:06:19.060	0.86448	0.86456			6
2025.09.12	01:06:25.935	0.86440	0.86452			6
2025.09.12	01:06:26.347	0.86439				2
2025.09.12	01:06:27.965		0.86451			4
2025.09.12	01:06:41.244	0.86440				2
2025.09.12	01:06:42.389	0.86439				2
2025.09.12	01:06:50.957		0.86450			4
2025.09.12	01:06:51.262	0.86440	0.86451			6
2025.09.12	01:06:52.914	0.86441				2
2025.09.12	01:06:58.817	0.86440				2
2025.09.12	01:07:00.451	0.86441	0.86452			6
2025.09.12	01:07:00.770	0.86442				2
2025.09.12	01:07:03.470		0.86451			4
2025.09.12	01:07:06.622		0.86452			4
2025.09.12	01:07:20.633	0.86443				2
2025.09.12	01:07:26.716		0.86451			4
2025.09.12	01:07:36.622		0.86452			4
2025.09.12	01:07:37.985	0.86442	0.86451			6
2025.09.12	01:07:49.617		0.86452			4
2025.09.12	01:07:51.376		0.86451			4
2025.09.12	01:07:58.857		0.86452			4
2025.09.12	01:08:00.704	0.86442				2
2025.09.12	01:08:03.627	0.86443	0.86451			6
2025.09.12	01:08:08.953	0.86444				2
2025.09.12	01:08:13.854	0.86442				2
2025.09.12	01:08:20.122	0.86443				2
2025.09.12	01:08:29.994		0.86450			4
2025.09.12	01:09:00.703	0.86443				2
2025.09.12	01:09:03.546		0.86449			4
2025.09.12	01:09:05.122	0.86444				2
2025.09.12	01:09:07.817	0.86448	0.86454			6
2025.09.12	01:09:08.135	0.86447				2
2025.09.12	01:09:09.969	0.86446	0.86455			6
2025.09.12	01:09:15.238	0.86445	0.86451			6
2025.09.12	01:09:17.418		0.86450			4
2025.09.12	01:09:30.621	0.86444				2
2025.09.12	01:09:44.806	0.86443				2
2025.09.12	01:09:50.142		0.86452			4
2025.09.12	01:09:50.461	0.86444				2
2025.09.12	01:09:50.964	0.86443				2
2025.09.12	01:09:56.464	0.86445	0.86453			6
2025.09.12	01:09:58.940	0.86444				2
2025.09.12	01:10:00.352	0.86444				2
2025.09.12	01:10:01.061	0.86445				2
2025.09.12	01:10:03.333	0.86444				2
2025.09.12	01:10:03.641		0.86452			4
2025.09.12	01:10:04.747	0.86443	0.86450			6
2025.09.12	01:10:06.972	0.86441	0.86449			6
2025.09.12	01:10:07.292	0.86443				2
2025.09.12	01:10:08.920	0.86444				2
2025.09.12	01:10:10.587		0.86450			4
2025.09.12	01:10:11.330	0.86439	0.86446			6
2025.09.12	01:10:13.091	0.86438				2
2025.09.12	01:10:15.918	0.86437				2
2025.09.12	01:10:24.617	0.86438				2
2025.09.12	01:10:34.569	0.86437				2
2025.09.12	01:10:36.617	0.86438				2
2025.09.12	01:10:41.823	0.86439	0.86445			6
2025.09.12	01:10:57.918	0.86438	0.86446			6
2025.09.12	01:10:58.229		0.86443			4
2025.09.12	01:11:00.354	0.86438				2
2025.09.12	01:11:01.217	0.86437				2
2025.09.12	01:11:05.417		0.86444			4
2025.09.12	01:11:11.224	0.86438	0.86445			6
2025.09.12	01:11:12.099		0.86447			4
2025.09.12	01:11:14.425	0.86440	0.86448			6
2025.09.12	01:11:14.888	0.86442				2
2025.09.12	01:11:15.478	0.86440				2
2025.09.12	01:11:19.222	0.86439				2
2025.09.12	01:11:21.876	0.86442				2
2025.09.12	01:11:22.309	0.86439				2
2025.09.12	01:11:24.700	0.86440				2
2025.09.12	01:11:25.604	0.86441				2
2025.09.12	01:11:29.380	0.86443	0.86449			6
2025.09.12	01:11:34.327	0.86442	0.86450			6
2025.09.12	01:11:45.224	0.86441	0.86451			6
2025.09.12	01:11:45.657	0.86442				2
2025.09.12	01:11:47.248	0.86441				2
2025.09.12	01:11:52.482	0.86442	0.86450			6
2025.09.12	01:11:53.161		0.86452			4
2025.09.12	01:11:59.935	0.86443				2
2025.09.12	01:12:00.957	0.86443				2
2025.09.12	01:12:03.714	0.86445				2
2025.09.12	01:12:04.030	0.86443				2
2025.09.12	01:12:19.437	0.86442	0.86449			6
2025.09.12	01:12:20.776	0.86440	0.86450			6
2025.09.12	01:12:21.917	0.86443				2
2025.09.12	01:12:32.319	0.86442				2
2025.09.12	01:12:33.412	0.86443				2
2025.09.12	01:12:40.498	0.86442				2
2025.09.12	01:12:41.419	0.86443				2
2025.09.12	01:12:44.660	0.86444				2
2025.09.12	01:12:45.209	0.86443				2
2025.09.12	01:12:45.511	0.86444				2
2025.09.12	01:12:53.334	0.86442				2
2025.09.12	01:12:59.598	0.86443				2
2025.09.12	01:13:00.447	0.86443				2
2025.09.12	01:13:03.918	0.86442				2
2025.09.12	01:13:04.800	0.86439	0.86446			6
2025.09.12	01:13:06.289	0.86438				2
2025.09.12	01:13:07.417	0.86439				2
2025.09.12	01:13:09.927	0.86438				2
2025.09.12	01:13:10.711	0.86440				2
2025.09.12	01:13:12.742	0.86443	0.86448			6
2025.09.12	01:13:14.343	0.86441				2
2025.09.12	01:13:26.372	0.86442				2
2025.09.12	01:13:28.462	0.86441				2
2025.09.12	01:13:30.815	0.86442				2
2025.09.12	01:13:42.814	0.86441				2
2025.09.12	01:13:46.497	0.86442				2
2025.09.12	01:13:46.805	0.86441				2
2025.09.12	01:13:47.142	0.86440				2
2025.09.12	01:13:47.676	0.86441				2
2025.09.12	01:13:54.209	0.86442				2
2025.09.12	01:14:01.551	0.86442				2
2025.09.12	01:14:03.857	0.86438	0.86445			6
2025.09.12	01:14:10.739	0.86440				2
2025.09.12	01:14:16.211	0.86436	0.86443			6
2025.09.12	01:14:21.747	0.86439	0.86447			6
2025.09.12	01:14:37.771	0.86440				2
2025.09.12	01:14:38.869	0.86439				2
2025.09.12	01:14:44.997	0.86441				2
2025.09.12	01:14:46.607		0.86446			4
2025.09.12	01:14:48.753	0.86439	0.86447			6
2025.09.12	01:14:49.894	0.86438	0.86446			6
2025.09.12	01:14:52.070	0.86442	0.86450			6
2025.09.12	01:14:53.698	0.86443	0.86449			6
2025.09.12	01:15:00.352	0.86443				2
2025.09.12	01:15:02.571	0.86441				2
2025.09.12	01:15:06.229		0.86450			4
2025.09.12	01:15:09.629	0.86442				2
2025.09.12	01:15:09.947		0.86451			4
2025.09.12	01:15:11.118	0.86444				2
2025.09.12	01:15:12.116	0.86445				2
2025.09.12	01:15:33.407		0.86450			4
2025.09.12	01:16:00.977	0.86445				2
2025.09.12	01:16:09.019		0.86453			4
2025.09.12	01:16:09.563	0.86446				2
2025.09.12	01:16:10.568	0.86448	0.86454			6
2025.09.12	01:16:24.882		0.86451			4
2025.09.12	01:16:26.989		0.86454			4
2025.09.12	01:16:27.347	0.86449				2
2025.09.12	01:16:45.319	0.86451				2
2025.09.12	01:16:58.114	0.86450	0.86453			6
2025.09.12	01:16:58.419		0.86452			4
2025.09.12	01:16:59.482	0.86451				2
2025.09.12	01:17:01.219	0.86451				2
2025.09.12	01:17:16.402	0.86452	0.86456			6
2025.09.12	01:17:16.994	0.86453				2
2025.09.12	01:17:17.894	0.86454	0.86457			6
2025.09.12	01:17:18.714	0.86453				2
2025.09.12	01:17:26.354	0.86454				2
2025.09.12	01:17:32.069	0.86453				2
2025.09.12	01:17:42.164	0.86454				2
2025.09.12	01:18:00.200	0.86454				2
2025.09.12	01:18:19.177		0.86457			4
2025.09.12	01:18:26.867	0.86453	0.86459			6
2025.09.12	01:18:27.686	0.86454				2
2025.09.12	01:18:28.196	0.86455				2
2025.09.12	01:18:30.616		0.86458			4
2025.09.12	01:18:33.662	0.86456				2
2025.09.12	01:18:36.177		0.86459			4
2025.09.12	01:18:39.178		0.86458			4
2025.09.12	01:18:40.404	0.86451				2
2025.09.12	01:18:41.111	0.86455				2
2025.09.12	01:19:00.631	0.86455				2
2025.09.12	01:19:09.346	0.86453				2
2025.09.12	01:19:13.842	0.86454				2
2025.09.12	01:19:14.348	0.86455				2
2025.09.12	01:19:15.719	0.86453				2
2025.09.12	01:19:17.800		0.86455			4
2025.09.12	01:19:18.112		0.86457			4
2025.09.12	01:19:18.624		0.86456			4
2025.09.12	01:19:20.326		0.86458			4
2025.09.12	01:19:22.972		0.86457			4
2025.09.12	01:20:01.139	0.86453	0.86455			6
2025.09.12	01:20:06.777		0.86456			4
2025.09.12	01:20:37.772	0.86451	0.86454			6
2025.09.12	01:20:39.005		0.86455			4
2025.09.12	01:20:39.308	0.86452				2
2025.09.12	01:21:01.411	0.86452				2
2025.09.12	01:21:09.550		0.86456			4
2025.09.12	01:22:00.446	0.86452				2
2025.09.12	01:22:11.929		0.86456			4
2025.09.12	01:22:34.126		0.86457			4
2025.09.12	01:22:36.790		0.86456			4
2025.09.12	01:22:39.913	0.86451				2
2025.09.12	01:22:54.590	0.86448	0.86457			6
2025.09.12	01:22:54.955	0.86449				2
2025.09.12	01:22:55.786	0.86452				2
2025.09.12	01:23:01.561	0.86452				2
2025.09.12	01:23:06.422		0.86456			4
2025.09.12	01:23:12.429	0.86451	0.86455			6
2025.09.12	01:23:13.164		0.86453			4
2025.09.12	01:23:23.121	0.86452	0.86454			6
2025.09.12	01:23:26.418		0.86453			4
2025.09.12	01:23:35.390		0.86454			4
2025.09.12	01:23:39.915		0.86453			4
2025.09.12	01:23:42.903		0.86454			4
2025.09.12	01:23:52.251	0.86451				2
2025.09.12	01:23:54.860	0.86450				2
2025.09.12	01:23:56.085	0.86449				2
2025.09.12	01:24:00.777	0.86449				2
2025.09.12	01:24:08.624		0.86453			4
2025.09.12	01:24:10.663		0.86454			4
2025.09.12	01:24:12.025	0.86450				2
2025.09.12	01:24:12.338	0.86448				2
2025.09.12	01:24:12.788	0.86449				2
2025.09.12	01:24:27.128	0.86450				2
2025.09.12	01:24:27.451		0.86456			4
2025.09.12	01:24:33.112	0.86449	0.86454			6
2025.09.12	01:24:33.449	0.86450	0.86455			6
2025.09.12	01:25:04.212	0.86450				2
2025.09.12	01:25:04.918	0.86449				2
2025.09.12	01:25:05.258	0.86448				2
2025.09.12	01:25:13.218	0.86449				2
2025.09.12	01:25:16.819	0.86448				2
2025.09.12	01:25:20.041		0.86452			4
2025.09.12	01:25:23.869		0.86453			4
2025.09.12	01:25:58.724	0.86447				2
2025.09.12	01:26:00.483	0.86447				2
2025.09.12	01:26:07.979	0.86446				2
2025.09.12	01:26:08.911	0.86447				2
2025.09.12	01:26:24.877		0.86453			4
2025.09.12	01:26:31.217	0.86448				2
2025.09.12	01:26:37.869	0.86446	0.86454			6
2025.09.12	01:26:39.541	0.86447	0.86453			6
2025.09.12	01:26:40.014	0.86446				2
2025.09.12	01:26:45.917	0.86445				2
2025.09.12	01:26:51.386	0.86446				2
2025.09.12	01:26:57.030	0.86444	0.86451			6
2025.09.12	01:27:00.763	0.86447				2
2025.09.12	01:27:02.100	0.86445	0.86449			6
2025.09.12	01:27:06.017	0.86444				2
2025.09.12	01:27:16.260	0.86445				2
2025.09.12	01:27:22.486	0.86442				2
2025.09.12	01:27:23.873	0.86444				2
2025.09.12	01:27:25.770	0.86442				2
2025.09.12	01:27:27.418	0.86444				2
2025.09.12	01:27:43.050	0.86445				2
2025.09.12	01:27:52.006	0.86442				2
2025.09.12	01:27:52.642	0.86443				2
2025.09.12	01:27:59.419	0.86444				2
2025.09.12	01:28:02.206	0.86444	0.86449			6
2025.09.12	01:28:04.218		0.86448			4
2025.09.12	01:28:07.328	0.86443	0.86449			6
2025.09.12	01:28:08.016	0.86444				2
2025.09.12	01:28:14.526	0.86445	0.86450			6
2025.09.12	01:28:14.937	0.86442	0.86448			6
2025.09.12	01:28:17.202	0.86443	0.86447			6
2025.09.12	01:28:37.110	0.86442	0.86449			6
2025.09.12	01:28:39.019		0.86448			4
2025.09.12	01:29:00.019	0.86442				2
2025.09.12	01:29:00.424		0.86449			4
2025.09.12	01:29:02.360	0.86441				2
2025.09.12	01:29:02.696	0.86442				2
2025.09.12	01:29:03.612	0.86443	0.86450			6
2025.09.12	01:29:09.974		0.86448			4
2025.09.12	01:29:13.034		0.86450			4
2025.09.12	01:29:13.346		0.86449			4
2025.09.12	01:29:14.368	0.86446	0.86450			6
2025.09.12	01:29:15.400	0.86448	0.86449			6
2025.09.12	01:29:16.637	0.86449	0.86450			6
2025.09.12	01:29:26.702	0.86448	0.86449			6
2025.09.12	01:29:58.343	0.86446	0.86448			6
2025.09.12	01:29:58.648	0.86447				2
2025.09.12	01:29:59.346	0.86448	0.86449			6
2025.09.12	01:30:00.389	0.86448				2
2025.09.12	01:30:03.210	0.86444	0.86447			6
2025.09.12	01:30:03.838	0.86445	0.86448			6
2025.09.12	01:30:04.139	0.86444	0.86446			6
2025.09.12	01:30:05.348	0.86445				2
2025.09.12	01:30:06.580	0.86443	0.86448			6
2025.09.12	01:30:12.618	0.86444				2
2025.09.12	01:30:26.576	0.86440	0.86445			6
2025.09.12	01:30:28.963	0.86441	0.86447			6
2025.09.12	01:30:34.216	0.86442				2
2025.09.12	01:30:41.654	0.86443				2
2025.09.12	01:30:45.357	0.86442	0.86446			6
2025.09.12	01:30:55.216	0.86441				2
2025.09.12	01:31:00.314	0.86441				2
2025.09.12	01:31:07.218		0.86445			4
2025.09.12	01:31:14.483	0.86440				2
2025.09.12	01:31:33.399	0.86441	0.86446			6
2025.09.12	01:31:38.631	0.86442				2
2025.09.12	01:31:57.816	0.86439	0.86447			6
2025.09.12	01:31:58.795	0.86442	0.86448			6
2025.09.12	01:32:00.471	0.86442				2
2025.09.12	01:32:02.325	0.86439	0.86447			6
2025.09.12	01:32:08.913	0.86440	0.86448			6
2025.09.12	01:32:11.713	0.86441				2
2025.09.12	01:32:14.576	0.86443				2
2025.09.12	01:32:23.016	0.86441	0.86449			6
2025.09.12	01:32:23.637	0.86442				2
2025.09.12	01:32:34.385	0.86439	0.86447			6
2025.09.12	01:33:00.535	0.86439				2
2025.09.12	01:33:02.987	0.86438				2
2025.09.12	01:33:03.442	0.86439				2
2025.09.12	01:33:05.924	0.86440				2
2025.09.12	01:33:10.459	0.86439				2
2025.09.12	01:33:16.041	0.86440				2
2025.09.12	01:33:21.316	0.86439				2
2025.09.12	01:33:27.543	0.86438	0.86446			6
2025.09.12	01:33:28.368	0.86439				2
2025.09.12	01:33:29.427	0.86438	0.86447			6
2025.09.12	01:33:32.974	0.86439				2
2025.09.12	01:33:39.673		0.86446			4
2025.09.12	01:33:54.397	0.86440	0.86447			6
2025.09.12	01:33:55.431	0.86438	0.86446			6
2025.09.12	01:33:56.474	0.86440				2
2025.09.12	01:34:00.214	0.86439				2
2025.09.12	01:34:01.357		0.86449			4
2025.09.12	01:34:01.662	0.86442				2
2025.09.12	01:34:02.809	0.86440				2
2025.09.12	01:34:19.217		0.86448			4
2025.09.12	01:34:39.349	0.86442				2
2025.09.12	01:34:47.418	0.86441	0.86449			6
2025.09.12	01:34:49.396	0.86444				2
2025.09.12	01:34:54.722	0.86441				2
2025.09.12	01:34:59.579	0.86440	0.86448			6
2025.09.12	01:35:00.608	0.86440				2
2025.09.12	01:35:16.740		0.86447			4
2025.09.12	01:35:22.286	0.86443	0.86450			6
2025.09.12	01:35:22.682	0.86441				2
2025.09.12	01:35:23.381	0.86440	0.86447			6
2025.09.12	01:35:23.700		0.86448			4
2025.09.12	01:35:25.245	0.86441	0.86450			6
2025.09.12	01:35:34.345	0.86445				2
2025.09.12	01:35:34.651	0.86442				2
2025.09.12	01:35:39.139	0.86443				2
2025.09.12	01:35:40.260	0.86442				2
2025.09.12	01:35:41.027		0.86451			4
2025.09.12	01:35:41.428	0.86443	0.86450			6
2025.09.12	01:35:44.094		0.86451			4
2025.09.12	01:35:44.426		0.86450			4
2025.09.12	01:35:48.883	0.86444	0.86451			6
2025.09.12	01:35:49.428		0.86450			4
2025.09.12	01:35:50.597	0.86442				2
2025.09.12	01:36:01.415	0.86442				2
2025.09.12	01:36:09.917	0.86443				2
2025.09.12	01:36:10.905	0.86442				2
2025.09.12	01:36:11.978	0.86443				2
2025.09.12	01:36:30.629	0.86442				2
2025.09.12	01:36:37.436	0.86444				2
2025.09.12	01:36:39.102	0.86443				2
2025.09.12	01:36:57.233		0.86450			4
2025.09.12	01:37:01.459	0.86443				2
2025.09.12	01:37:07.680	0.86444	0.86449			6
2025.09.12	01:37:12.324	0.86443	0.86450			6
2025.09.12	01:37:18.450	0.86444	0.86451			6
2025.09.12	01:37:22.219	0.86445				2
2025.09.12	01:37:25.519		0.86450			4
2025.09.12	01:37:38.954		0.86451			4
2025.09.12	01:37:39.842	0.86444	0.86450			6
2025.09.12	01:37:42.317		0.86451			4
2025.09.12	01:37:45.917	0.86445				2
2025.09.12	01:38:04.270	0.86445				2
2025.09.12	01:38:05.717		0.86450			4
2025.09.12	01:38:12.017	0.86444	0.86451			6
2025.09.12	01:38:24.982	0.86445				2
2025.09.12	01:38:34.412	0.86443	0.86450			6
2025.09.12	01:38:38.188	0.86444	0.86451			6
2025.09.12	01:38:39.192	0.86448	0.86452			6
2025.09.12	01:38:44.292		0.86453			4
2025.09.12	01:38:52.740		0.86451			4
2025.09.12	01:38:56.046		0.86453			4
2025.09.12	01:39:00.850	0.86448	0.86452			6
2025.09.12	01:39:03.169	0.86447				2
2025.09.12	01:39:05.110	0.86445				2
2025.09.12	01:39:14.196	0.86444				2
2025.09.12	01:39:25.817		0.86453			4
2025.09.12	01:39:31.778	0.86445				2
2025.09.12	01:39:33.621	0.86444				2
2025.09.12	01:39:42.335	0.86446				2
2025.09.12	01:39:44.043	0.86445				2
2025.09.12	01:39:48.795	0.86444				2
2025.09.12	01:39:53.545	0.86445				2
2025.09.12	01:39:58.679	0.86444				2
2025.09.12	01:40:00.017	0.86444				2
2025.09.12	01:40:02.358	0.86445	0.86452			6
2025.09.12	01:40:02.696	0.86447	0.86456			6
2025.09.12	01:40:03.316	0.86448				2
2025.09.12	01:40:06.671	0.86447				2
2025.09.12	01:40:09.173	0.86448				2
2025.09.12	01:40:18.344		0.86455			4
2025.09.12	01:40:24.817		0.86456			4
2025.09.12	01:40:35.824	0.86449				2
2025.09.12	01:40:40.223	0.86448				2
2025.09.12	01:40:42.482	0.86447				2
2025.09.12	01:40:43.682		0.86455			4
2025.09.12	01:40:46.855		0.86456			4
2025.09.12	01:40:51.533	0.86446	0.86455			6
2025.09.12	01:40:53.134		0.86454			4
2025.09.12	01:41:01.865	0.86447	0.86453			6
2025.09.12	01:41:02.814	0.86446	0.86454			6
2025.09.12	01:41:10.220		0.86455			4
2025.09.12	01:41:29.527		0.86453			4
2025.09.12	01:41:29.973	0.86445				2
2025.09.12	01:41:55.148	0.86442	0.86446			6
2025.09.12	01:41:55.806	0.86441	0.86447			6
2025.09.12	01:41:57.179	0.86442				2
2025.09.12	01:41:58.364	0.86441	0.86446			6
2025.09.12	01:41:58.812	0.86442				2
2025.09.12	01:42:00.117	0.86440				2
2025.09.12	01:42:01.631	0.86439	0.86445			6
2025.09.12	01:42:04.708	0.86440				2
2025.09.12	01:42:06.671	0.86441	0.86446			6
2025.09.12	01:42:24.027	0.86440				2
2025.09.12	01:42:24.879	0.86441				2
2025.09.12	01:42:31.927	0.86442	0.86449			6
2025.09.12	01:42:40.819		0.86448			4
2025.09.12	01:42:44.311	0.86443				2
2025.09.12	01:42:44.813	0.86442				2
2025.09.12	01:42:49.829	0.86444				2
2025.09.12	01:42:50.146	0.86443	0.86447			6
2025.09.12	01:42:51.262		0.86448			4
2025.09.12	01:42:52.743	0.86442	0.86449			6
2025.09.12	01:42:53.645	0.86444				2
2025.09.12	01:42:54.788	0.86443				2
2025.09.12	01:42:55.981		0.86450			4
2025.09.12	01:42:59.949		0.86449			4
2025.09.12	01:43:01.172	0.86443				2
2025.09.12	01:43:04.161	0.86445	0.86450			6
2025.09.12	01:43:06.735	0.86446				2
2025.09.12	01:43:09.955		0.86451			4
2025.09.12	01:43:20.054	0.86443	0.86450			6
2025.09.12	01:43:28.638	0.86445	0.86452			6
2025.09.12	01:43:35.601		0.86451			4
2025.09.12	01:43:36.755	0.86446	0.86452			6
2025.09.12	01:43:41.080	0.86444	0.86451			6
2025.09.12	01:44:00.508	0.86444				2
2025.09.12	01:44:03.859	0.86446	0.86452			6
2025.09.12	01:44:11.032	0.86447	0.86451			6
2025.09.12	01:44:15.720		0.86452			4
2025.09.12	01:44:27.917	0.86448	0.86453			6
2025.09.12	01:44:28.220	0.86446				2
2025.09.12	01:44:29.786	0.86445				2
2025.09.12	01:44:30.451	0.86444				2
2025.09.12	01:44:31.041	0.86445				2
2025.09.12	01:44:37.793		0.86451			4
2025.09.12	01:44:45.504	0.86444				2
2025.09.12	01:44:57.919	0.86445				2
2025.09.12	01:45:00.784	0.86444				2
2025.09.12	01:45:01.094	0.86445				2
2025.09.12	01:45:10.953		0.86450			4
2025.09.12	01:45:15.903	0.86444	0.86451			6
2025.09.12	01:45:16.907	0.86445				2
2025.09.12	01:45:21.154	0.86444				2
2025.09.12	01:45:23.163	0.86445				2
2025.09.12	01:45:23.493	0.86444				2
2025.09.12	01:45:25.000	0.86445				2
2025.09.12	01:45:30.402	0.86444	0.86452			6
2025.09.12	01:45:31.941	0.86445				2
2025.09.12	01:45:33.997	0.86447	0.86451			6
2025.09.12	01:45:35.524	0.86448	0.86452			6
2025.09.12	01:45:43.875		0.86453			4
2025.09.12	01:45:48.439	0.86444	0.86452			6
2025.09.12	01:45:53.247	0.86445				2
2025.09.12	01:46:00.627	0.86445				2
2025.09.12	01:46:13.180	0.86446	0.86453			6
2025.09.12	01:46:14.913	0.86447				2
2025.09.12	01:46:15.922	0.86446				2
2025.09.12	01:46:19.082	0.86447	0.86452			6
2025.09.12	01:46:35.201	0.86446				2
2025.09.12	01:46:35.540	0.86445				2
2025.09.12	01:46:40.965	0.86444				2
2025.09.12	01:47:01.636	0.86444				2
2025.09.12	01:47:21.231		0.86452			4
2025.09.12	01:48:02.407	0.86444				2
2025.09.12	01:48:12.374	0.86445				2
2025.09.12	01:48:13.426	0.86444				2
2025.09.12	01:48:14.864	0.86445				2
2025.09.12	01:48:22.322		0.86452			4
2025.09.12	01:48:25.684	0.86444	0.86451			6
2025.09.12	01:48:26.235	0.86443				2
2025.09.12	01:48:51.317	0.86444				2
2025.09.12	01:48:55.543	0.86443				2
2025.09.12	01:48:58.361	0.86442				2
2025.09.12	01:49:02.292	0.86442				2
2025.09.12	01:49:03.394	0.86443				2
2025.09.12	01:49:17.723	0.86444				2
2025.09.12	01:49:32.441	0.86442	0.86451			6
2025.09.12	01:50:04.140	0.86443	0.86449			6
2025.09.12	01:50:05.026		0.86450			4
2025.09.12	01:50:10.829	0.86442	0.86451			6
2025.09.12	01:50:15.061	0.86443				2
2025.09.12	01:50:16.272	0.86442				2
2025.09.12	01:50:21.076		0.86450			4
2025.09.12	01:50:26.409		0.86449			4
2025.09.12	01:50:26.882	0.86441				2
2025.09.12	01:51:00.265	0.86442				2
2025.09.12	01:51:05.371	0.86443				2
2025.09.12	01:51:07.599	0.86441	0.86448			6
2025.09.12	01:51:07.916		0.86449			4
2025.09.12	01:51:08.618	0.86442				2
2025.09.12	01:51:12.717	0.86443				2
2025.09.12	01:52:04.373	0.86443				2
2025.09.12	01:52:15.370		0.86449			4
2025.09.12	01:52:23.367	0.86442				2
2025.09.12	01:52:45.377		0.86448			4
2025.09.12	01:52:45.683	0.86444	0.86449			6
2025.09.12	01:52:46.746	0.86445	0.86450			6
2025.09.12	01:52:47.076		0.86449			4
2025.09.12	01:52:48.704	0.86442				2
2025.09.12	01:52:49.877	0.86443				2
2025.09.12	01:52:50.276	0.86442				2
2025.09.12	01:52:51.236	0.86443				2
2025.09.12	01:53:01.433	0.86443				2
2025.09.12	01:53:17.931	0.86444				2
2025.09.12	01:53:25.863		0.86450			4
2025.09.12	01:53:38.050	0.86442	0.86449			6
2025.09.12	01:53:38.690	0.86441				2
2025.09.12	01:53:39.992	0.86442				2
2025.09.12	01:53:46.220	0.86441				2
2025.09.12	01:53:51.318	0.86442				2
2025.09.12	01:54:00.380	0.86442				2
2025.09.12	01:54:01.811	0.86441	0.86448			6
2025.09.12	01:54:17.207	0.86442	0.86449			6
2025.09.12	01:54:20.532		0.86450			4
2025.09.12	01:54:21.045	0.86443	0.86449			6
2025.09.12	01:54:23.626		0.86450			4
2025.09.12	01:54:24.116		0.86449			4
2025.09.12	01:54:56.267	0.86444	0.86450			6
2025.09.12	01:54:58.667	0.86443				2
2025.09.12	01:55:00.881	0.86443				2
2025.09.12	01:55:03.467		0.86449			4
2025.09.12	01:55:05.048	0.86448	0.86454			6
2025.09.12	01:55:05.378	0.86446	0.86452			6
2025.09.12	01:55:09.474	0.86447				2
2025.09.12	01:55:43.216	0.86448				2
2025.09.12	01:55:49.326	0.86447	0.86453			6
2025.09.12	01:55:56.667	0.86449				2
2025.09.12	01:56:00.118	0.86449				2
2025.09.12	01:56:10.517	0.86448				2
2025.09.12	01:56:20.012	0.86444	0.86450			6
2025.09.12	01:56:20.383	0.86445				2
2025.09.12	01:56:25.380		0.86452			4
2025.09.12	01:56:47.012	0.86446	0.86453			6
2025.09.12	01:56:57.611	0.86445	0.86452			6
2025.09.12	01:57:00.427	0.86445				2
2025.09.12	01:57:19.431	0.86446				2
2025.09.12	01:57:20.155	0.86445				2
2025.09.12	01:57:37.225	0.86447	0.86454			6
2025.09.12	01:57:37.922	0.86448				2
2025.09.12	01:57:45.877	0.86449				2
2025.09.12	01:57:55.140		0.86453			4
2025.09.12	01:58:00.385	0.86449				2
2025.09.12	01:58:03.921	0.86448				2
2025.09.12	01:58:04.934	0.86449				2
2025.09.12	01:58:09.761	0.86450	0.86454			6
2025.09.12	01:58:16.130	0.86447	0.86452			6
2025.09.12	01:58:28.175		0.86453			4
2025.09.12	01:58:34.261	0.86446	0.86452			6
2025.09.12	01:58:35.382	0.86445				2
2025.09.12	01:58:35.698	0.86446				2
2025.09.12	01:58:36.413	0.86445				2
2025.09.12	01:58:37.230	0.86446				2
2025.09.12	01:58:39.061	0.86447	0.86454			6
2025.09.12	01:58:45.193	0.86446	0.86452			6
2025.09.12	01:58:53.576		0.86453			4
2025.09.12	01:59:04.806	0.86447	0.86454			6
2025.09.12	01:59:06.330	0.86448	0.86452			6
2025.09.12	01:59:10.651		0.86453			4
2025.09.12	01:59:17.676		0.86452			4
2025.09.12	01:59:21.398	0.86447				2
2025.09.12	01:59:28.277	0.86446				2
2025.09.12	01:59:40.527	0.86445				2
2025.09.12	02:00:00.333	0.86450	0.86455			6
2025.09.12	02:00:00.638	0.86448	0.86453			6
2025.09.12	02:00:05.183	0.86449	0.86454			6
2025.09.12	02:00:06.161	0.86447	0.86453			6
2025.09.12	02:00:09.250	0.86444	0.86450			6
2025.09.12	02:00:12.145		0.86447			4
2025.09.12	02:00:12.926		0.86450			4
2025.09.12	02:00:14.009	0.86442	0.86448			6
2025.09.12	02:00:15.024		0.86447			4
2025.09.12	02:00:15.796	0.86441				2
2025.09.12	02:00:21.685	0.86440				2
2025.09.12	02:00:25.598	0.86439	0.86445			6
2025.09.12	02:00:26.148	0.86440	0.86444			6
2025.09.12	02:00:26.613	0.86439				2
2025.09.12	02:00:30.440	0.86440	0.86446			6
2025.09.12	02:00:32.955	0.86438				2
2025.09.12	02:00:36.162	0.86440	0.86444			6
2025.09.12	02:00:38.273	0.86436	0.86445			6
2025.09.12	02:00:38.574	0.86437				2
2025.09.12	02:00:46.590	0.86441				2
2025.09.12	02:00:50.392	0.86437	0.86443			6
2025.09.12	02:00:53.595		0.86444			4
2025.09.12	02:00:54.818	0.86436				2
2025.09.12	02:01:00.751	0.86436				2
2025.09.12	02:01:01.060	0.86435	0.86443			6
2025.09.12	02:01:02.412	0.86441	0.86446			6
2025.09.12	02:01:05.792	0.86440	0.86445			6
2025.09.12	02:01:10.881		0.86446			4
2025.09.12	02:01:11.997	0.86441				2
2025.09.12	02:01:15.134		0.86445			4
2025.09.12	02:01:20.984		0.86444			4
2025.09.12	02:01:25.501		0.86445			4
2025.09.12	02:01:29.937	0.86443	0.86446			6
2025.09.12	02:01:37.432		0.86445			4
2025.09.12	02:01:45.921		0.86446			4
2025.09.12	02:01:46.713		0.86445			4
2025.09.12	02:01:49.552		0.86444			4
2025.09.12	02:01:58.397	0.86442				2
2025.09.12	02:02:00.182	0.86442				2
2025.09.12	02:02:02.083	0.86443				2
2025.09.12	02:02:08.479		0.86445			4
2025.09.12	02:02:09.824		0.86444			4
2025.09.12	02:02:10.793		0.86445			4
2025.09.12	02:02:11.134	0.86444				2
2025.09.12	02:02:12.182		0.86446			4
2025.09.12	02:02:12.911	0.86445				2
2025.09.12	02:02:22.426	0.86444				2
2025.09.12	02:02:28.728	0.86443	0.86445			6
2025.09.12	02:02:29.031	0.86444	0.86446			6
2025.09.12	02:02:29.334	0.86445				2
2025.09.12	02:02:31.754	0.86443				2
2025.09.12	02:02:35.115	0.86444				2
2025.09.12	02:02:39.177	0.86443				2
2025.09.12	02:02:43.050	0.86444				2
2025.09.12	02:02:43.386	0.86445				2
2025.09.12	02:02:48.736	0.86444				2
2025.09.12	02:02:50.036	0.86445				2
2025.09.12	02:02:52.369	0.86444				2
2025.09.12	02:02:52.919		0.86447			4
2025.09.12	02:03:00.315	0.86444				2
2025.09.12	02:03:02.981		0.86446			4
2025.09.12	02:03:13.467	0.86445	0.86447			6
2025.09.12	02:03:18.457	0.86446	0.86448			6
2025.09.12	02:03:20.110	0.86447				2
2025.09.12	02:03:24.509	0.86446				2
2025.09.12	02:03:46.885	0.86447				2
2025.09.12	02:03:47.946	0.86446				2
2025.09.12	02:04:00.146	0.86446				2
2025.09.12	02:04:04.319	0.86447				2
2025.09.12	02:04:05.657	0.86446				2
2025.09.12	02:04:18.425	0.86447				2
2025.09.12	02:04:20.502		0.86449			4
2025.09.12	02:04:34.243	0.86445	0.86447			6
2025.09.12	02:04:36.383	0.86446				2
2025.09.12	02:04:37.371		0.86448			4
2025.09.12	02:04:58.871	0.86447				2
2025.09.12	02:05:00.672	0.86447				2
2025.09.12	02:05:07.377		0.86449			4
2025.09.12	02:05:07.848	0.86448				2
2025.09.12	02:05:14.375	0.86449	0.86450			6
2025.09.12	02:05:16.516	0.86448	0.86449			6
2025.09.12	02:05:22.944	0.86449	0.86450			6
2025.09.12	02:05:24.755	0.86448	0.86449			6
2025.09.12	02:05:27.004	0.86449	0.86450			6
2025.09.12	02:05:30.427	0.86448	0.86449			6
2025.09.12	02:05:31.377		0.86450			4
2025.09.12	02:05:36.189	0.86449				2
2025.09.12	02:05:36.625	0.86448				2
2025.09.12	02:05:37.642	0.86449				2
2025.09.12	02:05:41.863	0.86446				2
2025.09.12	02:06:00.928	0.86446				2
2025.09.12	02:06:07.041	0.86450	0.86451			6
2025.09.12	02:06:07.348	0.86451	0.86452			6
2025.09.12	02:06:07.667	0.86450	0.86451			6
2025.09.12	02:06:16.794	0.86451	0.86452			6
2025.09.12	02:06:17.467	0.86450	0.86451			6
2025.09.12	02:06:29.656	0.86451	0.86452			6
2025.09.12	02:06:30.030	0.86450	0.86451			6
2025.09.12	02:06:36.571	0.86451	0.86452			6
2025.09.12	02:06:42.614	0.86450	0.86451			6
2025.09.12	02:06:43.100	0.86451	0.86452			6
2025.09.12	02:06:47.225	0.86450	0.86451			6
2025.09.12	02:07:01.000	0.86450				2
2025.09.12	02:07:10.380		0.86452			4
2025.09.12	02:07:10.684	0.86451				2
2025.09.12	02:07:17.892		0.86453			4
2025.09.12	02:07:18.660	0.86452				2
2025.09.12	02:07:19.087	0.86451				2
2025.09.12	02:07:22.918		0.86452			4
2025.09.12	02:07:26.440		0.86453			4
2025.09.12	02:07:35.178	0.86452				2
2025.09.12	02:07:35.510	0.86451				2
2025.09.12	02:07:35.818	0.86452				2
2025.09.12	02:07:36.169	0.86451				2
2025.09.12	02:07:36.722	0.86452				2
2025.09.12	02:07:38.508	0.86451				2
2025.09.12	02:07:44.686	0.86452				2
2025.09.12	02:07:50.486		0.86454			4
2025.09.12	02:08:00.083	0.86453				2
2025.09.12	02:08:00.478	0.86451				2
2025.09.12	02:08:02.463	0.86450				2
2025.09.12	02:08:16.298	0.86451	0.86455			6
2025.09.12	02:08:25.096	0.86452				2
2025.09.12	02:08:30.485	0.86453				2
2025.09.12	02:08:30.788	0.86454	0.86456			6
2025.09.12	02:08:39.078	0.86452				2
2025.09.12	02:08:48.556	0.86451	0.86455			6
2025.09.12	02:08:52.773	0.86450	0.86454			6
2025.09.12	02:08:57.333	0.86451	0.86455			6
2025.09.12	02:08:57.821		0.86457			4
2025.09.12	02:09:00.445	0.86451				2
2025.09.12	02:09:13.776	0.86452	0.86456			6
2025.09.12	02:09:21.076	0.86453	0.86457			6
2025.09.12	02:09:21.717	0.86452	0.86456			6
2025.09.12	02:09:43.520	0.86451	0.86455			6
2025.09.12	02:10:00.525	0.86451				2
2025.09.12	02:10:02.872	0.86449	0.86453			6
2025.09.12	02:10:03.178	0.86450				2
2025.09.12	02:10:04.962		0.86454			4
2025.09.12	02:10:35.739	0.86451	0.86455			6
2025.09.12	02:10:36.815		0.86454			4
2025.09.12	02:10:47.837	0.86450				2
2025.09.12	02:10:49.997	0.86451				2
2025.09.12	02:11:00.466	0.86451				2
2025.09.12	02:11:00.826	0.86452				2
2025.09.12	02:11:04.953		0.86455			4
2025.09.12	02:11:08.344	0.86451				2
2025.09.12	02:11:08.660		0.86454			4
2025.09.12	02:11:13.334		0.86455			4
2025.09.12	02:11:21.159		0.86454			4
2025.09.12	02:11:41.647	0.86450				2
2025.09.12	02:12:00.313	0.86450				2
2025.09.12	02:12:14.402	0.86451				2
2025.09.12	02:12:14.721	0.86450	0.86452			6
2025.09.12	02:12:16.199	0.86449	0.86451			6
2025.09.12	02:12:18.692		0.86452			4
2025.09.12	02:12:24.144		0.86451			4
2025.09.12	02:12:24.511		0.86452			4
2025.09.12	02:12:24.822	0.86448	0.86451			6
2025.09.12	02:12:36.366		0.86452			4
2025.09.12	02:12:45.972	0.86449				2
2025.09.12	02:12:50.257	0.86446	0.86451			6
2025.09.12	02:12:54.800	0.86447				2
2025.09.12	02:12:58.113	0.86448				2
2025.09.12	02:13:00.533	0.86448				2
2025.09.12	02:13:02.863	0.86447				2
2025.09.12	02:13:03.231	0.86446				2
2025.09.12	02:13:10.474	0.86447	0.86450			6
2025.09.12	02:13:15.797	0.86450	0.86452			6
2025.09.12	02:13:18.022	0.86449				2
2025.09.12	02:13:20.947		0.86453			4
2025.09.12	02:13:21.260	0.86450				2
2025.09.12	02:13:28.443	0.86452	0.86455			6
2025.09.12	02:13:28.746	0.86451				2
2025.09.12	02:13:40.091	0.86452				2
2025.09.12	02:13:40.971	0.86451				2
2025.09.12	02:13:42.138		0.86454			4
2025.09.12	02:13:45.226		0.86455			4
2025.09.12	02:13:56.206		0.86454			4
2025.09.12	02:14:03.519	0.86451				2
2025.09.12	02:14:21.412		0.86453			4
2025.09.12	02:14:24.070		0.86452			4
2025.09.12	02:14:25.269	0.86450				2
2025.09.12	02:15:00.309	0.86450				2
2025.09.12	02:15:25.480		0.86452			4
2025.09.12	02:15:27.830		0.86453			4
2025.09.12	02:15:50.305		0.86452			4
2025.09.12	02:16:02.224	0.86450				2
2025.09.12	02:16:04.881	0.86449				2
2025.09.12	02:16:13.498	0.86450				2
2025.09.12	02:16:24.803	0.86451				2
2025.09.12	02:16:34.770	0.86449	0.86451			6
2025.09.12	02:16:35.319	0.86448				2
2025.09.12	02:16:40.756		0.86450			4
2025.09.12	02:16:43.252		0.86451			4
2025.09.12	02:16:44.367		0.86450			4
2025.09.12	02:16:45.085		0.86451			4
2025.09.12	02:16:48.070		0.86450			4
2025.09.12	02:16:48.856		0.86451			4
2025.09.12	02:16:52.391		0.86450			4
2025.09.12	02:16:53.563		0.86451			4
2025.09.12	02:16:57.227		0.86450			4
2025.09.12	02:17:00.333	0.86448				2
2025.09.12	02:17:00.959		0.86451			4
2025.09.12	02:17:01.279		0.86450			4
2025.09.12	02:17:03.943		0.86451			4
2025.09.12	02:17:04.257		0.86450			4
2025.09.12	02:17:04.558		0.86451			4
2025.09.12	02:17:06.220		0.86450			4
2025.09.12	02:17:07.374		0.86451			4
2025.09.12	02:17:07.679		0.86450			4
2025.09.12	02:17:08.086		0.86451			4
2025.09.12	02:17:09.287		0.86450			4
2025.09.12	02:17:09.650		0.86451			4
2025.09.12	02:17:10.035		0.86450			4
2025.09.12	02:17:12.663		0.86451			4
2025.09.12	02:17:13.420		0.86450			4
2025.09.12	02:17:18.544		0.86451			4
2025.09.12	02:17:19.179		0.86450			4
2025.09.12	02:17:20.432		0.86451			4
2025.09.12	02:17:21.930		0.86450			4
2025.09.12	02:17:22.611		0.86451			4
2025.09.12	02:17:23.308		0.86450			4
2025.09.12	02:17:44.397	0.86447				2
2025.09.12	02:18:00.225	0.86447				2
2025.09.12	02:18:02.504		0.86449			4
2025.09.12	02:18:34.209	0.86445	0.86448			6
2025.09.12	02:18:36.841		0.86447			4
2025.09.12	02:18:37.205		0.86448			4
2025.09.12	02:18:37.596		0.86447			4
2025.09.12	02:18:38.451		0.86448			4
2025.09.12	02:18:39.617		0.86447			4
2025.09.12	02:18:39.953		0.86448			4
2025.09.12	02:18:45.496		0.86449			4
2025.09.12	02:18:50.395		0.86448			4
2025.09.12	02:19:00.475	0.86446	0.86449			6
2025.09.12	02:19:01.592		0.86448			4
2025.09.12	02:19:06.595		0.86447			4
2025.09.12	02:19:06.952		0.86448			4
2025.09.12	02:19:07.345	0.86445				2
2025.09.12	02:19:08.914		0.86447			4
2025.09.12	02:19:24.820		0.86446			4
2025.09.12	02:19:40.097		0.86447			4
2025.09.12	02:19:41.765		0.86446			4
2025.09.12	02:19:46.957		0.86447			4
2025.09.12	02:19:47.974		0.86448			4
2025.09.12	02:19:49.164	0.86444	0.86445			6
2025.09.12	02:19:52.683		0.86446			4
2025.09.12	02:19:58.657		0.86447			4
2025.09.12	02:20:01.224	0.86444				2
2025.09.12	02:20:01.958	0.86445				2
2025.09.12	02:20:22.327	0.86444				2
2025.09.12	02:20:34.123	0.86445				2
2025.09.12	02:20:39.988		0.86446			4
2025.09.12	02:20:49.760	0.86444	0.86448			6
2025.09.12	02:20:53.011	0.86445				2
2025.09.12	02:20:56.535	0.86446	0.86449			6
2025.09.12	02:21:01.696	0.86446				2
2025.09.12	02:21:07.035		0.86448			4
2025.09.12	02:21:08.860	0.86445	0.86446			6
2025.09.12	02:21:16.029		0.86447			4
2025.09.12	02:21:18.089		0.86446			4
2025.09.12	02:21:21.004		0.86448			4
2025.09.12	02:21:23.471		0.86446			4
2025.09.12	02:21:23.777		0.86447			4
2025.09.12	02:21:25.689		0.86448			4
2025.09.12	02:21:28.377		0.86447			4
2025.09.12	02:21:34.315		0.86446			4
2025.09.12	02:21:40.495		0.86447			4
2025.09.12	02:22:00.473	0.86445				2
2025.09.12	02:22:00.927		0.86448			4
2025.09.12	02:22:02.067		0.86449			4
2025.09.12	02:22:02.426		0.86448			4
2025.09.12	02:22:05.517		0.86447			4
2025.09.12	02:22:05.845	0.86446				2
2025.09.12	02:22:06.527		0.86449			4
2025.09.12	02:22:38.350	0.86445	0.86447			6
2025.09.12	02:22:38.669		0.86449			4
2025.09.12	02:22:55.352		0.86447			4
2025.09.12	02:22:56.903		0.86449			4
2025.09.12	02:23:01.412	0.86445				2
2025.09.12	02:23:03.462		0.86448			4
2025.09.12	02:23:09.780		0.86449			4
2025.09.12	02:23:18.070	0.86446				2
2025.09.12	02:23:19.514		0.86448			4
2025.09.12	02:23:25.488		0.86449			4
2025.09.12	02:23:55.712	0.86447	0.86450			6
2025.09.12	02:24:00.420	0.86447	0.86449			6
2025.09.12	02:24:11.142	0.86446				2
2025.09.12	02:24:19.180	0.86447	0.86450			6
2025.09.12	02:24:32.260	0.86445	0.86449			6
2025.09.12	02:24:33.021		0.86448			4
2025.09.12	02:24:38.492		0.86447			4
2025.09.12	02:24:41.102		0.86448			4
2025.09.12	02:25:00.468	0.86445				2
2025.09.12	02:25:06.724	0.86447				2
2025.09.12	02:25:18.827		0.86449			4
2025.09.12	02:25:20.826	0.86445	0.86448			6
2025.09.12	02:25:22.342		0.86447			4
2025.09.12	02:25:35.772		0.86448			4
2025.09.12	02:25:58.819		0.86447			4
2025.09.12	02:26:01.422	0.86445				2
2025.09.12	02:26:22.028		0.86448			4
2025.09.12	02:26:22.579	0.86446	0.86449			6
2025.09.12	02:26:42.838	0.86445	0.86447			6
2025.09.12	02:26:52.756		0.86448			4
2025.09.12	02:26:53.528	0.86446				2
2025.09.12	02:27:00.809	0.86445				2
2025.09.12	02:27:01.559	0.86446				2
2025.09.12	02:27:02.185	0.86445				2
2025.09.12	02:27:21.975		0.86447			4
2025.09.12	02:27:32.422		0.86448			4
2025.09.12	02:27:37.222		0.86447			4
2025.09.12	02:27:45.148	0.86446	0.86449			6
2025.09.12	02:27:54.906		0.86448			4
2025.09.12	02:28:00.354	0.86446				2
2025.09.12	02:28:05.787		0.86449			4
2025.09.12	02:28:18.475		0.86448			4
2025.09.12	02:28:18.809	0.86445	0.86449			6
2025.09.12	02:28:31.892	0.86446				2
2025.09.12	02:28:37.687	0.86445				2
2025.09.12	02:28:38.368	0.86446				2
2025.09.12	02:28:39.681	0.86445				2
2025.09.12	02:28:41.003	0.86446				2
2025.09.12	02:28:41.842	0.86445				2
2025.09.12	02:28:44.472		0.86448			4
2025.09.12	02:28:45.597	0.86444	0.86447			6
2025.09.12	02:29:00.066	0.86444				2
2025.09.12	02:29:03.626	0.86445				2
2025.09.12	02:29:04.947	0.86444				2
2025.09.12	02:29:08.270	0.86445				2
2025.09.12	02:29:11.460	0.86444				2
2025.09.12	02:29:11.875	0.86445				2
2025.09.12	02:29:22.897	0.86444				2
2025.09.12	02:29:23.375	0.86445				2
2025.09.12	02:29:39.191	0.86444				2
2025.09.12	02:29:41.017	0.86445				2
2025.09.12	02:29:44.925	0.86444				2
2025.09.12	02:29:45.382	0.86445				2
2025.09.12	02:29:47.671		0.86447			4
2025.09.12	02:29:48.373	0.86444				2
2025.09.12	02:29:52.183	0.86445				2
2025.09.12	02:29:53.471	0.86444				2
2025.09.12	02:29:56.387	0.86445				2
2025.09.12	02:30:00.421	0.86446	0.86449			6
2025.09.12	02:30:02.347	0.86447				2
2025.09.12	02:30:06.917	0.86446				2
2025.09.12	02:30:14.541	0.86445	0.86447			6
2025.09.12	02:30:17.025		0.86448			4
2025.09.12	02:30:51.381	0.86446	0.86449			6
2025.09.12	02:31:00.214	0.86445	0.86448			6
2025.09.12	02:31:00.519		0.86447			4
2025.09.12	02:31:03.693	0.86446				2
2025.09.12	02:31:07.171	0.86445				2
2025.09.12	02:31:33.702	0.86447	0.86450			6
2025.09.12	02:31:37.216	0.86448				2
2025.09.12	02:31:51.561	0.86447				2
2025.09.12	02:31:52.030	0.86446				2
2025.09.12	02:31:58.137	0.86447				2
2025.09.12	02:31:59.142		0.86449			4
2025.09.12	02:31:59.779		0.86450			4
2025.09.12	02:32:02.094	0.86447				2
2025.09.12	02:32:09.386	0.86446				2
2025.09.12	02:32:11.332		0.86449			4
2025.09.12	02:32:18.980	0.86447				2
2025.09.12	02:32:21.814	0.86446				2
2025.09.12	02:32:28.400	0.86447				2
2025.09.12	02:32:29.635	0.86446				2
2025.09.12	02:32:47.592	0.86445	0.86448			6
2025.09.12	02:32:49.003	0.86446	0.86449			6
2025.09.12	02:32:53.371	0.86447				2
2025.09.12	02:32:57.946	0.86446				2
2025.09.12	02:32:58.973		0.86450			4
2025.09.12	02:33:02.618	0.86446	0.86449			6
2025.09.12	02:33:09.543	0.86447				2
2025.09.12	02:33:11.266	0.86446				2
2025.09.12	02:33:15.962		0.86448			4
2025.09.12	02:33:17.069		0.86449			4
2025.09.12	02:33:18.288	0.86447				2
2025.09.12	02:33:38.370	0.86448				2
2025.09.12	02:33:49.332	0.86447				2
2025.09.12	02:33:50.454		0.86450			4
2025.09.12	02:33:51.912	0.86448				2
2025.09.12	02:33:53.192		0.86449			4
2025.09.12	02:33:56.257	0.86447				2
2025.09.12	02:33:58.351	0.86448				2
2025.09.12	02:34:00.090	0.86448				2
2025.09.12	02:34:03.254	0.86447				2
2025.09.12	02:34:24.944	0.86446	0.86448			6
2025.09.12	02:34:30.488	0.86447				2
2025.09.12	02:34:33.380	0.86448	0.86449			6
2025.09.12	02:34:39.068		0.86450			4
2025.09.12	02:34:40.354	0.86446	0.86449			6
2025.09.12	02:34:40.660		0.86448			4
2025.09.12	02:34:43.182	0.86447				2
2025.09.12	02:34:43.633	0.86446				2
2025.09.12	02:34:50.521	0.86447				2
2025.09.12	02:34:52.578	0.86446				2
2025.09.12	02:34:52.950	0.86447				2
2025.09.12	02:35:00.411	0.86447				2
2025.09.12	02:35:01.708	0.86446				2
2025.09.12	02:35:10.968	0.86447				2
2025.09.12	02:35:14.004	0.86446				2
2025.09.12	02:35:35.427	0.86447				2
2025.09.12	02:35:35.779		0.86449			4
2025.09.12	02:35:36.121		0.86448			4
2025.09.12	02:35:38.386	0.86446				2
2025.09.12	02:35:42.645	0.86447				2
2025.09.12	02:35:43.416	0.86446				2
2025.09.12	02:35:56.371	0.86447				2
2025.09.12	02:35:59.178	0.86446				2
2025.09.12	02:36:00.708	0.86447	0.86449			6
2025.09.12	02:36:13.406	0.86446	0.86448			6
2025.09.12	02:36:16.479	0.86447				2
2025.09.12	02:36:17.066	0.86446				2
2025.09.12	02:36:27.625		0.86447			4
2025.09.12	02:36:28.089		0.86448			4
2025.09.12	02:36:37.220		0.86449			4
2025.09.12	02:36:41.923		0.86448			4
2025.09.12	02:36:49.744	0.86447	0.86449			6
2025.09.12	02:37:00.993	0.86447				2
2025.09.12	02:37:19.587	0.86448				2
2025.09.12	02:37:20.731	0.86447				2
2025.09.12	02:37:30.312		0.86450			4
2025.09.12	02:37:50.774		0.86449			4
2025.09.12	02:38:02.186	0.86447				2
2025.09.12	02:38:24.218	0.86448				2
2025.09.12	02:38:54.854		0.86449			4
2025.09.12	02:38:56.346	0.86447				2
2025.09.12	02:38:58.154	0.86448				2
2025.09.12	02:39:00.213	0.86448				2
2025.09.12	02:39:02.227	0.86447				2
2025.09.12	02:39:16.625		0.86448			4
2025.09.12	02:39:16.989		0.86449			4
2025.09.12	02:39:17.675	0.86448				2
2025.09.12	02:39:18.514	0.86449	0.86450			6
2025.09.12	02:39:19.212	0.86448				2
2025.09.12	02:39:21.477	0.86447	0.86448			6
2025.09.12	02:39:22.444		0.86449			4
2025.09.12	02:39:23.305		0.86448			4
2025.09.12	02:39:27.985	0.86446				2
2025.09.12	02:39:41.896		0.86449			4
2025.09.12	02:39:48.189	0.86447				2
2025.09.12	02:40:00.017	0.86446				2
2025.09.12	02:40:02.703	0.86447				2
2025.09.12	02:40:03.370	0.86446				2
2025.09.12	02:40:06.597	0.86447				2
2025.09.12	02:40:13.042	0.86446				2
2025.09.12	02:40:20.533	0.86447				2
2025.09.12	02:40:31.412	0.86446				2
2025.09.12	02:40:36.774	0.86447				2
2025.09.12	02:40:37.955	0.86446				2
2025.09.12	02:40:38.357	0.86447				2
2025.09.12	02:40:41.951		0.86449			4
2025.09.12	02:40:46.140	0.86448				2
2025.09.12	02:40:52.797	0.86447				2
2025.09.12	02:40:53.305		0.86448			4
2025.09.12	02:40:54.436		0.86449			4
2025.09.12	02:40:54.923		0.86448			4
2025.09.12	02:41:08.391	0.86447				2
2025.09.12	02:41:08.705		0.86449			4
2025.09.12	02:41:10.411	0.86446	0.86448			6
2025.09.12	02:41:12.221	0.86447				2
2025.09.12	02:41:12.692	0.86446				2
2025.09.12	02:41:25.989	0.86448	0.86449			6
2025.09.12	02:41:26.323	0.86447				2
2025.09.12	02:41:40.086	0.86448				2
2025.09.12	02:41:41.202		0.86450			4
2025.09.12	02:41:59.584	0.86449				2
2025.09.12	02:42:00.747	0.86449				2
2025.09.12	02:42:11.959	0.86448	0.86449			6
2025.09.12	02:42:17.780	0.86447				2
2025.09.12	02:42:29.814	0.86448				2
2025.09.12	02:42:33.644	0.86447	0.86448			6
2025.09.12	02:42:40.368	0.86448	0.86449			6
2025.09.12	02:42:43.297	0.86447				2
2025.09.12	02:42:43.842	0.86448				2
2025.09.12	02:42:46.136	0.86447	0.86448			6
2025.09.12	02:42:59.309		0.86449			4
2025.09.12	02:42:59.774		0.86448			4
2025.09.12	02:43:00.495	0.86447				2
2025.09.12	02:43:00.882		0.86449			4
2025.09.12	02:43:01.806		0.86448			4
2025.09.12	02:43:02.349		0.86449			4
2025.09.12	02:43:02.906		0.86448			4
2025.09.12	02:44:00.329	0.86447				2
2025.09.12	02:44:02.351	0.86446				2
2025.09.12	02:44:02.906		0.86448			4
2025.09.12	02:44:15.788	0.86445	0.86447			6
2025.09.12	02:44:17.269	0.86443	0.86445			6
2025.09.12	02:44:18.674	0.86442				2
2025.09.12	02:44:23.424		0.86444			4
2025.09.12	02:44:26.452	0.86441	0.86443			6
2025.09.12	02:45:00.742	0.86441				2
2025.09.12	02:45:06.497	0.86443	0.86444			6
2025.09.12	02:45:08.647	0.86442	0.86443			6
2025.09.12	02:45:09.407		0.86444			4
2025.09.12	02:45:22.997		0.86443			4
2025.09.12	02:45:30.771		0.86444			4
2025.09.12	02:45:36.100		0.86443			4
2025.09.12	02:45:38.721		0.86444			4
2025.09.12	02:45:41.777		0.86443			4
2025.09.12	02:45:42.881		0.86444			4
2025.09.12	02:45:46.582		0.86443			4
2025.09.12	02:45:47.208		0.86444			4
2025.09.12	02:45:47.886		0.86443			4
2025.09.12	02:45:50.098	0.86441				2
2025.09.12	02:45:51.202	0.86442				2
2025.09.12	02:46:02.065	0.86441	0.86442			6
2025.09.12	02:46:02.429	0.86442	0.86443			6
2025.09.12	02:46:02.761	0.86441				2
2025.09.12	02:46:04.785	0.86446	0.86447			6
2025.09.12	02:46:05.507	0.86447	0.86448			6
2025.09.12	02:46:24.646	0.86446				2
2025.09.12	02:46:25.830	0.86447				2
2025.09.12	02:46:53.320	0.86446				2
2025.09.12	02:46:56.030	0.86447				2
2025.09.12	02:46:59.880	0.86448	0.86449			6
2025.09.12	02:47:00.223	0.86448				2
2025.09.12	02:47:04.863	0.86447	0.86448			6
2025.09.12	02:47:12.414	0.86446	0.86447			6
2025.09.12	02:47:16.802	0.86445	0.86446			6
2025.09.12	02:47:34.902	0.86447	0.86448			6
2025.09.12	02:47:36.309	0.86446	0.86447			6
2025.09.12	02:47:45.803	0.86447	0.86448			6
2025.09.12	02:47:49.086	0.86446	0.86447			6
2025.09.12	02:47:51.228		0.86448			4
2025.09.12	02:47:52.796	0.86445	0.86447			6
2025.09.12	02:47:53.123	0.86446				2
2025.09.12	02:47:56.136	0.86447	0.86448			6
2025.09.12	02:48:00.570	0.86446	0.86447			6
2025.09.12	02:48:01.106	0.86447	0.86448			6
2025.09.12	02:48:02.498	0.86446	0.86447			6
2025.09.12	02:48:23.637	0.86448	0.86449			6
2025.09.12	02:48:33.434		0.86450			4
2025.09.12	02:48:38.488	0.86449				2
2025.09.12	02:48:40.107	0.86448				2
2025.09.12	02:48:41.439	0.86447	0.86448			6
2025.09.12	02:48:50.993	0.86448	0.86449			6
2025.09.12	02:48:52.107	0.86447	0.86448			6
2025.09.12	02:48:57.001	0.86448	0.86449			6
2025.09.12	02:48:58.307	0.86447	0.86448			6
2025.09.12	02:48:58.828	0.86448	0.86449			6
2025.09.12	02:48:59.290	0.86447	0.86448			6
2025.09.12	02:48:59.602	0.86448	0.86449			6
2025.09.12	02:49:00.827	0.86448				2
2025.09.12	02:49:01.473	0.86447	0.86448			6
2025.09.12	02:49:02.271	0.86448	0.86449			6
2025.09.12	02:49:28.370	0.86447	0.86448			6
2025.09.12	02:49:37.655	0.86446	0.86447			6
2025.09.12	02:49:41.387	0.86447	0.86448			6
2025.09.12	02:49:58.182	0.86446				2
2025.09.12	02:50:00.466	0.86446	0.86447			6
2025.09.12	02:50:06.423	0.86445				2
2025.09.12	02:50:07.690	0.86446				2
2025.09.12	02:50:08.972	0.86445				2
2025.09.12	02:50:15.609	0.86446				2
2025.09.12	02:50:16.982	0.86443	0.86445			6
2025.09.12	02:50:17.337		0.86444			4
2025.09.12	02:50:33.939	0.86440	0.86441			6
2025.09.12	02:50:40.345	0.86441	0.86442			6
2025.09.12	02:51:01.696	0.86441				2
2025.09.12	02:51:12.382	0.86443	0.86444			6
2025.09.12	02:51:12.775	0.86444	0.86445			6
2025.09.12	02:51:15.427	0.86442	0.86443			6
2025.09.12	02:51:35.401	0.86443	0.86444			6
2025.09.12	02:51:41.180	0.86442	0.86443			6
2025.09.12	02:51:41.500	0.86443	0.86444			6
2025.09.12	02:51:41.801	0.86442	0.86443			6
2025.09.12	02:51:49.063	0.86441	0.86442			6
2025.09.12	02:51:53.378	0.86442	0.86443			6
2025.09.12	02:52:02.651	0.86442				2
2025.09.12	02:52:03.957	0.86441	0.86442			6
2025.09.12	02:52:04.263	0.86442	0.86443			6
2025.09.12	02:52:15.005	0.86441	0.86442			6
2025.09.12	02:52:30.478	0.86442	0.86443			6
2025.09.12	02:52:31.532	0.86441	0.86442			6
2025.09.12	02:52:34.218		0.86443			4
2025.09.12	02:52:51.134		0.86442			4
2025.09.12	02:52:52.196	0.86440				2
2025.09.12	02:52:58.601	0.86441				2
2025.09.12	02:53:00.997	0.86441				2
2025.09.12	02:53:05.849	0.86440	0.86441			6
2025.09.12	02:53:09.860	0.86441	0.86442			6
2025.09.12	02:53:24.281	0.86442	0.86443			6
2025.09.12	02:53:25.436	0.86441	0.86442			6
2025.09.12	02:53:25.788	0.86442	0.86443			6
2025.09.12	02:53:31.860	0.86441	0.86442			6
2025.09.12	02:53:34.185	0.86439	0.86440			6
2025.09.12	02:53:34.503	0.86438	0.86439			6
2025.09.12	02:53:34.863	0.86439	0.86440			6
2025.09.12	02:53:36.405	0.86438	0.86439			6
2025.09.12	02:53:36.788	0.86439	0.86440			6
2025.09.12	02:53:37.990	0.86437	0.86438			6
2025.09.12	02:53:41.243	0.86439	0.86440			6
2025.09.12	02:53:47.474	0.86438	0.86439			6
2025.09.12	02:53:48.405	0.86439	0.86440			6
2025.09.12	02:53:48.959	0.86440	0.86441			6
2025.09.12	02:53:49.704	0.86439	0.86440			6
2025.09.12	02:54:00.372	0.86439				2
2025.09.12	02:54:02.047	0.86438	0.86439			6
2025.09.12	02:54:02.570	0.86437	0.86438			6
2025.09.12	02:54:08.969	0.86436				2
2025.09.12	02:54:13.633	0.86437				2
2025.09.12	02:54:13.956	0.86436				2
2025.09.12	02:54:15.061	0.86437				2
2025.09.12	02:54:18.239	0.86436				2
2025.09.12	02:54:19.727	0.86437				2
2025.09.12	02:54:28.468	0.86436				2
2025.09.12	02:54:29.514		0.86437			4
2025.09.12	02:54:32.867	0.86437	0.86438			6
2025.09.12	02:54:33.613	0.86436	0.86437			6
2025.09.12	02:54:34.515	0.86437	0.86438			6
2025.09.12	02:54:39.003	0.86436	0.86437			6
2025.09.12	02:54:45.134	0.86437	0.86438			6
2025.09.12	02:54:53.317	0.86436	0.86437			6
2025.09.12	02:54:58.338		0.86438			4
2025.09.12	02:55:00.502	0.86436				2
2025.09.12	02:55:04.861	0.86435	0.86436			6
2025.09.12	02:55:18.713	0.86436	0.86437			6
2025.09.12	02:55:20.795	0.86435	0.86436			6
2025.09.12	02:55:25.029		0.86437			4
2025.09.12	02:55:25.368	0.86436				2
2025.09.12	02:55:27.850	0.86435				2
2025.09.12	02:55:28.518		0.86436			4
2025.09.12	02:55:28.841	0.86436	0.86437			6
2025.09.12	02:55:29.770	0.86435	0.86436			6
2025.09.12	02:55:30.138	0.86436	0.86437			6
2025.09.12	02:55:30.461	0.86435	0.86436			6
2025.09.12	02:55:35.918	0.86436	0.86437			6
2025.09.12	02:55:36.220	0.86435	0.86436			6
2025.09.12	02:55:37.502	0.86436	0.86437			6
2025.09.12	02:55:38.153	0.86435	0.86436			6
2025.09.12	02:55:39.184	0.86434	0.86435			6
2025.09.12	02:55:39.923	0.86435	0.86436			6
2025.09.12	02:55:53.847	0.86436	0.86437			6
2025.09.12	02:55:54.319	0.86435	0.86436			6
2025.09.12	02:55:56.021		0.86437			4
2025.09.12	02:55:57.449		0.86436			4
2025.09.12	02:56:01.623	0.86435				2
2025.09.12	02:56:03.473	0.86436	0.86437			6
2025.09.12	02:56:08.036	0.86435				2
2025.09.12	02:56:08.674		0.86436			4
2025.09.12	02:56:11.597	0.86436	0.86437			6
2025.09.12	02:56:12.800	0.86435				2
2025.09.12	02:56:22.879	0.86433	0.86436			6
2025.09.12	02:56:24.047	0.86434				2
2025.09.12	02:56:28.986		0.86435			4
2025.09.12	02:56:29.791	0.86433				2
2025.09.12	02:56:30.373	0.86434	0.86436			6
2025.09.12	02:56:35.267		0.86435			4
2025.09.12	02:56:36.495	0.86435	0.86437			6
2025.09.12	02:56:38.309	0.86434	0.86436			6
2025.09.12	02:56:38.635		0.86435			4
2025.09.12	02:56:40.161		0.86436			4
2025.09.12	02:56:50.542		0.86435			4
2025.09.12	02:56:51.911		0.86436			4
2025.09.12	02:57:00.195	0.86433	0.86435			6
2025.09.12	02:57:01.474		0.86434			4
2025.09.12	02:57:08.505		0.86435			4
2025.09.12	02:57:11.376		0.86434			4
2025.09.12	02:57:12.046	0.86432	0.86433			6
2025.09.12	02:57:20.576	0.86430	0.86431			6
2025.09.12	02:57:21.264	0.86429				2
2025.09.12	02:57:21.700		0.86430			4
2025.09.12	02:57:27.579		0.86431			4
2025.09.12	02:57:30.431		0.86430			4
2025.09.12	02:57:31.072		0.86431			4
2025.09.12	02:57:38.779	0.86428	0.86429			6
2025.09.12	02:57:39.209		0.86430			4
2025.09.12	02:57:40.245	0.86429	0.86431			6
2025.09.12	02:57:40.694	0.86430	0.86432			6
2025.09.12	02:57:40.999	0.86431				2
2025.09.12	02:57:45.605	0.86433	0.86434			6
2025.09.12	02:57:45.922	0.86434	0.86435			6
2025.09.12	02:57:50.412	0.86433	0.86434			6
2025.09.12	02:57:51.465	0.86434	0.86435			6
2025.09.12	02:57:52.554		0.86436			4
2025.09.12	02:57:55.859	0.86435				2
2025.09.12	02:57:56.602	0.86434	0.86435			6
2025.09.12	02:57:57.147	0.86435	0.86436			6
2025.09.12	02:57:57.485	0.86434	0.86435			6
2025.09.12	02:58:00.030	0.86434				2
2025.09.12	02:58:11.339	0.86433	0.86434			6
2025.09.12	02:58:11.671	0.86434	0.86435			6
2025.09.12	02:58:11.971	0.86433	0.86434			6
2025.09.12	02:58:12.916		0.86435			4
2025.09.12	02:58:13.440	0.86434				2
2025.09.12	02:58:16.071	0.86433	0.86434			6
2025.09.12	02:58:20.279	0.86435	0.86436			6
2025.09.12	02:58:20.587		0.86437			4
2025.09.12	02:58:21.026	0.86436				2
2025.09.12	02:58:23.561	0.86435	0.86436			6
2025.09.12	02:58:28.344	0.86434	0.86435			6
2025.09.12	02:58:29.480	0.86435	0.86437			6
2025.09.12	02:58:32.613	0.86434	0.86435			6
2025.09.12	02:58:36.621	0.86433	0.86434			6
2025.09.12	02:58:39.162	0.86432	0.86433			6
2025.09.12	02:58:41.223	0.86433	0.86434			6
2025.09.12	02:58:43.474	0.86432	0.86433			6
2025.09.12	02:58:43.871	0.86431				2
2025.09.12	02:58:44.542		0.86432			4
2025.09.12	02:58:44.860	0.86432	0.86433			6
2025.09.12	02:58:46.832	0.86431	0.86432			6
2025.09.12	02:58:48.742	0.86430				2
2025.09.12	02:58:51.228	0.86431				2
2025.09.12	02:58:52.078	0.86430				2
2025.09.12	02:58:53.475	0.86433	0.86434			6
2025.09.12	02:59:00.801	0.86433				2
2025.09.12	02:59:04.281	0.86432	0.86433			6
2025.09.12	02:59:15.810	0.86430	0.86432			6
2025.09.12	02:59:24.389		0.86431			4
2025.09.12	02:59:27.883		0.86432			4
2025.09.12	02:59:33.376		0.86431			4
2025.09.12	02:59:36.733		0.86432			4
2025.09.12	02:59:45.543	0.86431				2
2025.09.12	02:59:45.940	0.86432	0.86433			6
2025.09.12	02:59:48.483		0.86434			4
2025.09.12	02:59:49.363	0.86433				2
2025.09.12	02:59:49.680	0.86434	0.86435			6
2025.09.12	02:59:50.842	0.86435	0.86437			6
2025.09.12	02:59:51.342	0.86436				2
2025.09.12	02:59:51.676	0.86437	0.86438			6
2025.09.12	02:59:52.021	0.86436	0.86437			6
2025.09.12	02:59:53.141	0.86437	0.86438			6
2025.09.12	02:59:54.386	0.86436				2
2025.09.12	02:59:55.024	0.86437				2
2025.09.12	02:59:55.383	0.86436				2
2025.09.12	02:59:58.343	0.86437				2
2025.09.12	03:00:00.142	0.86437				2
2025.09.12	03:00:00.461	0.86439	0.86440			6
2025.09.12	03:00:00.785	0.86440	0.86441			6
2025.09.12	03:00:01.348	0.86439	0.86440			6
2025.09.12	03:00:03.649	0.86440	0.86441			6
2025.09.12	03:00:03.975	0.86439	0.86440			6
2025.09.12	03:00:04.621	0.86440	0.86441			6
2025.09.12	03:00:05.836	0.86439	0.86440			6
2025.09.12	03:00:06.511	0.86442	0.86443			6
2025.09.12	03:00:06.831	0.86443	0.86444			6
2025.09.12	03:00:07.326	0.86442	0.86443			6
2025.09.12	03:00:07.981	0.86441	0.86442			6
2025.09.12	03:00:08.337	0.86442	0.86443			6
2025.09.12	03:00:09.470	0.86441	0.86442			6
2025.09.12	03:00:09.777	0.86442	0.86443			6
2025.09.12	03:00:10.497	0.86441	0.86442			6
2025.09.12	03:00:11.671	0.86440				2
2025.09.12	03:00:13.065		0.86441			4
2025.09.12	03:00:13.886	0.86438	0.86440			6
2025.09.12	03:00:14.201	0.86439				2
2025.09.12	03:00:14.761	0.86438				2
2025.09.12	03:00:15.372	0.86441	0.86442			6
2025.09.12	03:00:15.680	0.86439	0.86441			6
2025.09.12	03:00:16.354	0.86440				2
2025.09.12	03:00:20.704	0.86439				2
2025.09.12	03:00:21.403	0.86440				2
2025.09.12	03:00:23.953	0.86439				2
2025.09.12	03:00:25.837	0.86438	0.86439			6
2025.09.12	03:00:27.876		0.86440			4
2025.09.12	03:00:30.270		0.86439			4
2025.09.12	03:00:37.422	0.86439	0.86440			6
2025.09.12	03:00:40.426	0.86440	0.86441			6
2025.09.12	03:00:41.046		0.86442			4
2025.09.12	03:00:42.989	0.86441				2
2025.09.12	03:00:44.140	0.86440				2
2025.09.12	03:00:46.283	0.86439	0.86440			6
2025.09.12	03:00:48.303	0.86438	0.86439			6
2025.09.12	03:00:48.750		0.86440			4
2025.09.12	03:00:49.238		0.86439			4
2025.09.12	03:00:49.729		0.86440			4
2025.09.12	03:00:50.323	0.86439				2
2025.09.12	03:00:51.840		0.86441			4
2025.09.12	03:00:54.053	0.86440				2
2025.09.12	03:00:56.550		0.86442			4
2025.09.12	03:01:00.291	0.86440				2
2025.09.12	03:01:01.383		0.86443			4
2025.09.12	03:01:03.802		0.86442			4
2025.09.12	03:01:08.683	0.86441	0.86443			6
2025.09.12	03:01:10.165	0.86440				2
2025.09.12	03:01:10.478	0.86441				2
2025.09.12	03:01:12.725	0.86440	0.86442			6
2025.09.12	03:01:13.043	0.86441	0.86443			6
2025.09.12	03:01:18.985	0.86442				2
2025.09.12	03:01:19.922	0.86440	0.86442			6
2025.09.12	03:01:21.725		0.86443			4
2025.09.12	03:01:22.222	0.86439	0.86442			6
2025.09.12	03:01:22.529	0.86440				2
2025.09.12	03:01:23.140	0.86439				2
2025.09.12	03:01:23.682		0.86440			4
2025.09.12	03:01:23.993		0.86441			4
2025.09.12	03:01:26.764	0.86440				2
2025.09.12	03:01:27.797	0.86441	0.86442			6
2025.09.12	03:01:28.229	0.86440	0.86441			6
2025.09.12	03:01:31.248	0.86441	0.86442			6
2025.09.12	03:01:32.947	0.86440	0.86441			6
2025.09.12	03:01:34.090	0.86441	0.86442			6
2025.09.12	03:01:34.565	0.86440	0.86441			6
2025.09.12	03:01:38.922	0.86441	0.86442			6
2025.09.12	03:01:39.486	0.86440	0.86441			6
2025.09.12	03:01:40.706		0.86442			4
2025.09.12	03:01:42.973		0.86443			4
2025.09.12	03:01:43.388	0.86441				2
2025.09.12	03:01:44.771	0.86440				2
2025.09.12	03:01:45.215	0.86439	0.86441			6
2025.09.12	03:01:45.564	0.86440				2
2025.09.12	03:01:47.156	0.86439				2
2025.09.12	03:01:47.770	0.86440				2
2025.09.12	03:01:50.317	0.86439				2
2025.09.12	03:01:51.535	0.86441	0.86442			6
2025.09.12	03:01:53.371	0.86442	0.86443			6
2025.09.12	03:01:54.123	0.86441				2
2025.09.12	03:01:54.530	0.86442	0.86444			6
2025.09.12	03:01:55.626	0.86441	0.86442			6
2025.09.12	03:01:56.561	0.86442	0.86443			6
2025.09.12	03:01:56.973	0.86441	0.86442			6
2025.09.12	03:01:59.682	0.86440	0.86441			6
2025.09.12	03:02:00.072	0.86440				2
2025.09.12	03:02:03.462	0.86439	0.86440			6
2025.09.12	03:02:03.889	0.86438	0.86439			6
2025.09.12	03:02:04.455	0.86439	0.86440			6
2025.09.12	03:02:05.312		0.86441			4
2025.09.12	03:02:07.707	0.86438	0.86440			6
2025.09.12	03:02:08.243	0.86437				2
2025.09.12	03:02:08.582	0.86438				2
2025.09.12	03:02:09.366	0.86436	0.86438			6
2025.09.12	03:02:09.677		0.86439			4
2025.09.12	03:02:10.043	0.86438	0.86440			6
2025.09.12	03:02:10.729	0.86436	0.86438			6
2025.09.12	03:02:11.127	0.86437	0.86440			6
2025.09.12	03:02:11.907	0.86438	0.86441			6
2025.09.12	03:02:12.249		0.86440			4
2025.09.12	03:02:12.583	0.86434	0.86437			6
2025.09.12	03:02:12.887	0.86435				2
2025.09.12	03:02:13.193		0.86438			4
2025.09.12	03:02:13.503	0.86434	0.86437			6
2025.09.12	03:02:13.938	0.86435	0.86438			6
2025.09.12	03:02:18.155		0.86437			4
2025.09.12	03:02:27.774		0.86436			4
2025.09.12	03:02:29.133	0.86436	0.86438			6
2025.09.12	03:02:29.457		0.86439			4
2025.09.12	03:02:29.783		0.86438			4
2025.09.12	03:02:30.106	0.86435				2
2025.09.12	03:02:31.607	0.86436				2
2025.09.12	03:02:33.451	0.86435	0.86436			6
2025.09.12	03:02:33.958		0.86437			4
2025.09.12	03:02:36.817		0.86436			4
2025.09.12	03:02:38.221	0.86434				2
2025.09.12	03:02:38.603	0.86435				2
2025.09.12	03:02:39.217	0.86434				2
2025.09.12	03:02:39.584	0.86435				2
2025.09.12	03:02:40.404	0.86434				2
2025.09.12	03:02:40.736		0.86435			4
2025.09.12	03:02:41.902	0.86435	0.86436			6
2025.09.12	03:02:44.425	0.86436	0.86438			6
2025.09.12	03:02:45.924	0.86435				2
2025.09.12	03:02:48.661		0.86436			4
2025.09.12	03:02:50.990	0.86434	0.86435			6
2025.09.12	03:02:53.855		0.86437			4
2025.09.12	03:02:54.767		0.86435			4
2025.09.12	03:03:00.546	0.86434				2
2025.09.12	03:03:01.025		0.86436			4
2025.09.12	03:03:01.329	0.86435				2
2025.09.12	03:03:01.640	0.86434				2
2025.09.12	03:03:01.997	0.86435				2
2025.09.12	03:03:02.383	0.86434	0.86435			6
2025.09.12	03:03:03.908	0.86435	0.86436			6
2025.09.12	03:03:06.177	0.86434				2
2025.09.12	03:03:10.216		0.86435			4
2025.09.12	03:03:11.734	0.86433				2
2025.09.12	03:03:15.745	0.86434	0.86436			6
2025.09.12	03:03:19.998		0.86435			4
2025.09.12	03:03:22.456		0.86436			4
2025.09.12	03:03:23.135	0.86435	0.86437			6
2025.09.12	03:03:33.821	0.86436	0.86438			6
2025.09.12	03:03:42.198	0.86435				2
2025.09.12	03:03:43.523	0.86436	0.86437			6
2025.09.12	03:03:43.891		0.86438			4
2025.09.12	03:03:44.337	0.86435	0.86436			6
2025.09.12	03:03:44.638	0.86436	0.86437			6
2025.09.12	03:03:47.588	0.86435				2
2025.09.12	03:03:47.895	0.86437	0.86438			6
2025.09.12	03:03:48.598	0.86435	0.86437			6
