<DATE>	<TIME>	<BID>	<ASK>	<LAST>	<VOLUME>	<FLAGS>
2025.07.08	00:03:31.043	0.86055	0.86159			6
2025.07.08	00:03:36.440		0.86156			4
2025.07.08	00:03:59.425		0.86151			4
2025.07.08	00:04:00.610	0.86055	0.86145			6
2025.07.08	00:04:10.502	0.86011	0.86133			6
2025.07.08	00:04:13.095		0.86137			4
2025.07.08	00:05:01.763	0.86011	0.86134			6
2025.07.08	00:05:53.786		0.86133			4
2025.07.08	00:06:00.361	0.86011				2
2025.07.08	00:06:57.966		0.86133			4
2025.07.08	00:07:00.414	0.86011				2
2025.07.08	00:07:18.811		0.86130			4
2025.07.08	00:07:20.987		0.86128			4
2025.07.08	00:07:27.180		0.86127			4
2025.07.08	00:07:56.501		0.86124			4
2025.07.08	00:08:00.325	0.86011	0.86125			6
2025.07.08	00:08:18.217		0.86131			4
2025.07.08	00:08:20.361		0.86130			4
2025.07.08	00:08:28.360		0.86125			4
2025.07.08	00:09:04.369	0.86011				2
2025.07.08	00:09:14.362		0.86124			4
2025.07.08	00:09:18.208		0.86119			4
2025.07.08	00:09:27.933		0.86125			4
2025.07.08	00:09:28.368		0.86124			4
2025.07.08	00:09:34.328		0.86125			4
2025.07.08	00:09:44.527		0.86124			4
2025.07.08	00:09:49.361	0.85991	0.86111			6
2025.07.08	00:09:49.745		0.86112			4
2025.07.08	00:09:50.314		0.86114			4
2025.07.08	00:09:55.969		0.86102			4
2025.07.08	00:10:00.006	0.85991				2
2025.07.08	00:10:00.322		0.86063			4
2025.07.08	00:10:01.479		0.86064			4
2025.07.08	00:10:11.817	0.86012	0.86093			6
2025.07.08	00:10:59.148		0.86095			4
2025.07.08	00:11:00.060	0.86047	0.86104			6
2025.07.08	00:11:00.971	0.86048	0.86105			6
2025.07.08	00:11:02.183	0.86049	0.86106			6
2025.07.08	00:11:05.213	0.86027	0.86125			6
2025.07.08	00:11:06.312	0.86049	0.86106			6
2025.07.08	00:11:07.234	0.86027	0.86125			6
2025.07.08	00:11:09.859		0.86138			4
2025.07.08	00:11:11.356		0.86139			4
2025.07.08	00:11:11.763	0.86040	0.86144			6
2025.07.08	00:11:13.757	0.86053	0.86110			6
2025.07.08	00:11:14.684	0.86049	0.86134			6
2025.07.08	00:11:20.813	0.86053	0.86110			6
2025.07.08	00:11:21.723	0.86049	0.86134			6
2025.07.08	00:11:27.810	0.86053	0.86110			6
2025.07.08	00:11:28.732	0.86049	0.86134			6
2025.07.08	00:11:34.979	0.86053	0.86110			6
2025.07.08	00:11:35.892	0.86062	0.86140			6
2025.07.08	00:11:36.418	0.86072	0.86147			6
2025.07.08	00:11:43.157	0.86073	0.86146			6
2025.07.08	00:11:53.108	0.86061				2
2025.07.08	00:11:54.220	0.86044	0.86143			6
2025.07.08	00:11:54.556	0.86043				2
2025.07.08	00:11:56.306	0.86041				2
2025.07.08	00:12:01.456	0.86041				2
2025.07.08	00:12:06.140		0.86138			4
2025.07.08	00:12:06.659		0.86134			4
2025.07.08	00:12:47.057		0.86133			4
2025.07.08	00:13:01.660	0.86041				2
2025.07.08	00:13:06.153	0.86000	0.86086			6
2025.07.08	00:13:06.677		0.86077			4
2025.07.08	00:13:07.819		0.86083			4
2025.07.08	00:13:08.830		0.86081			4
2025.07.08	00:13:10.068		0.86078			4
2025.07.08	00:13:14.348		0.86080			4
2025.07.08	00:13:16.070		0.86077			4
2025.07.08	00:13:17.665		0.86082			4
2025.07.08	00:13:18.364		0.86083			4
2025.07.08	00:13:19.073		0.86080			4
2025.07.08	00:13:28.951	0.85989	0.86076			6
2025.07.08	00:13:32.394		0.86078			4
2025.07.08	00:13:33.259		0.86075			4
2025.07.08	00:13:34.400		0.86077			4
2025.07.08	00:13:35.664		0.86078			4
2025.07.08	00:13:47.389		0.86086			4
2025.07.08	00:13:48.126		0.86073			4
2025.07.08	00:13:50.399		0.86076			4
2025.07.08	00:13:51.558		0.86077			4
2025.07.08	00:13:53.055		0.86076			4
2025.07.08	00:13:54.313		0.86077			4
2025.07.08	00:13:54.878		0.86076			4
2025.07.08	00:13:55.383		0.86077			4
2025.07.08	00:13:57.559		0.86078			4
2025.07.08	00:14:01.300	0.85989				2
2025.07.08	00:14:06.308		0.86077			4
2025.07.08	00:14:07.421		0.86075			4
2025.07.08	00:14:08.312		0.86076			4
2025.07.08	00:14:14.939	0.86016	0.86106			6
2025.07.08	00:14:26.080	0.85982	0.86075			6
2025.07.08	00:14:37.456		0.86074			4
2025.07.08	00:14:40.413		0.86072			4
2025.07.08	00:14:41.958		0.86071			4
2025.07.08	00:14:42.503		0.86074			4
2025.07.08	00:14:45.259		0.86075			4
2025.07.08	00:14:49.465		0.86074			4
2025.07.08	00:15:00.317	0.85982				2
2025.07.08	00:15:08.378		0.86075			4
2025.07.08	00:15:10.421		0.86080			4
2025.07.08	00:16:56.415	0.85970	0.86080			6
2025.07.08	00:17:00.308	0.85970				2
2025.07.08	00:17:10.406	0.86030	0.86096			6
2025.07.08	00:17:11.374		0.86091			4
2025.07.08	00:17:15.619	0.86041	0.86100			6
2025.07.08	00:17:21.304		0.86104			4
2025.07.08	00:17:31.298		0.86106			4
2025.07.08	00:17:32.359		0.86107			4
2025.07.08	00:17:38.280		0.86112			4
2025.07.08	00:17:51.256		0.86111			4
2025.07.08	00:18:00.254	0.86041				2
2025.07.08	00:18:21.440		0.86107			4
2025.07.08	00:18:48.424	0.86042	0.86099			6
2025.07.08	00:18:51.823	0.86041	0.86107			6
2025.07.08	00:19:00.315	0.86041				2
2025.07.08	00:19:52.738		0.86107			4
2025.07.08	00:20:00.316	0.86041				2
2025.07.08	00:20:53.227		0.86107			4
2025.07.08	00:20:55.111	0.86026				2
2025.07.08	00:20:56.290	0.86037				2
2025.07.08	00:21:00.407	0.86037				2
2025.07.08	00:21:49.766	0.86054	0.86124			6
2025.07.08	00:21:59.381	0.86055				2
2025.07.08	00:22:00.360	0.86055				2
2025.07.08	00:22:34.932	0.86056				2
2025.07.08	00:22:41.577	0.86055				2
2025.07.08	00:22:48.862		0.86130			4
2025.07.08	00:22:52.461	0.86056				2
2025.07.08	00:23:00.314	0.86056				2
2025.07.08	00:23:09.229	0.86047	0.86128			6
2025.07.08	00:23:20.813	0.86041	0.86119			6
2025.07.08	00:23:23.539	0.85982	0.86092			6
2025.07.08	00:23:24.408		0.86079			4
2025.07.08	00:23:50.501		0.86081			4
2025.07.08	00:24:00.320	0.85982	0.86078			6
2025.07.08	00:24:06.430		0.86079			4
2025.07.08	00:24:06.846		0.86080			4
2025.07.08	00:24:15.012		0.86087			4
2025.07.08	00:24:18.538		0.86086			4
2025.07.08	00:24:23.547		0.86087			4
2025.07.08	00:24:43.358	0.85989	0.86091			6
2025.07.08	00:24:44.112		0.86092			4
2025.07.08	00:24:50.081		0.86089			4
2025.07.08	00:25:00.308	0.85989				2
2025.07.08	00:25:02.183		0.86091			4
2025.07.08	00:25:03.762		0.86090			4
2025.07.08	00:25:09.302		0.86092			4
2025.07.08	00:25:11.306		0.86093			4
2025.07.08	00:25:13.676	0.85982	0.86089			6
2025.07.08	00:25:14.309		0.86087			4
2025.07.08	00:25:14.724		0.86086			4
2025.07.08	00:25:26.072		0.86085			4
2025.07.08	00:25:26.414		0.86086			4
2025.07.08	00:25:27.066		0.86085			4
2025.07.08	00:25:29.537		0.86083			4
2025.07.08	00:25:29.927	0.85991	0.86085			6
2025.07.08	00:25:30.542		0.86083			4
2025.07.08	00:25:30.860		0.86084			4
2025.07.08	00:25:33.320		0.86083			4
2025.07.08	00:25:34.101		0.86085			4
2025.07.08	00:25:34.418		0.86083			4
2025.07.08	00:25:35.150		0.86082			4
2025.07.08	00:25:35.468		0.86083			4
2025.07.08	00:25:35.777		0.86085			4
2025.07.08	00:25:36.160		0.86082			4
2025.07.08	00:25:36.656		0.86084			4
2025.07.08	00:25:37.457		0.86083			4
2025.07.08	00:25:37.776		0.86082			4
2025.07.08	00:25:38.153		0.86083			4
2025.07.08	00:25:38.460		0.86081			4
2025.07.08	00:25:38.848		0.86084			4
2025.07.08	00:25:39.150		0.86083			4
2025.07.08	00:25:40.068		0.86084			4
2025.07.08	00:25:40.465		0.86080			4
2025.07.08	00:25:40.779		0.86079			4
2025.07.08	00:25:41.083		0.86081			4
2025.07.08	00:25:41.656		0.86083			4
2025.07.08	00:25:51.118		0.86081			4
2025.07.08	00:25:51.426		0.86080			4
2025.07.08	00:25:51.746		0.86081			4
2025.07.08	00:25:52.050		0.86082			4
2025.07.08	00:25:52.360		0.86083			4
2025.07.08	00:25:52.977		0.86080			4
2025.07.08	00:25:53.336		0.86083			4
2025.07.08	00:25:53.639		0.86082			4
2025.07.08	00:25:53.943		0.86083			4
2025.07.08	00:25:56.075		0.86082			4
2025.07.08	00:25:56.378		0.86083			4
2025.07.08	00:25:56.998		0.86082			4
2025.07.08	00:26:02.435	0.85991	0.86085			6
2025.07.08	00:26:06.019	0.85989	0.86086			6
2025.07.08	00:26:06.944		0.86085			4
2025.07.08	00:26:07.299		0.86087			4
2025.07.08	00:26:07.618		0.86086			4
2025.07.08	00:26:16.890	0.85986	0.86085			6
2025.07.08	00:26:31.802		0.86084			4
2025.07.08	00:26:35.099		0.86083			4
2025.07.08	00:26:35.608		0.86085			4
2025.07.08	00:26:39.205		0.86083			4
2025.07.08	00:26:43.970		0.86074			4
2025.07.08	00:26:51.225		0.86075			4
2025.07.08	00:26:56.026		0.86076			4
2025.07.08	00:26:57.101		0.86074			4
2025.07.08	00:26:58.877	0.85982	0.86085			6
2025.07.08	00:27:00.260	0.85982				2
2025.07.08	00:27:01.458	0.85986				2
2025.07.08	00:27:14.288	0.85982				2
2025.07.08	00:27:19.131	0.85986				2
2025.07.08	00:27:24.147	0.86006	0.86101			6
2025.07.08	00:27:24.460		0.86107			4
2025.07.08	00:27:31.460		0.86106			4
2025.07.08	00:27:39.178	0.86019	0.86127			6
2025.07.08	00:27:39.557		0.86126			4
2025.07.08	00:27:40.620	0.86020	0.86124			6
2025.07.08	00:27:45.070	0.86019	0.86115			6
2025.07.08	00:27:45.570		0.86105			4
2025.07.08	00:27:51.568	0.86021				2
2025.07.08	00:27:56.060		0.86106			4
2025.07.08	00:27:56.407		0.86116			4
2025.07.08	00:27:56.748		0.86115			4
2025.07.08	00:27:59.962	0.86022	0.86117			6
2025.07.08	00:28:01.618	0.86022				2
2025.07.08	00:28:05.813	0.86021				2
2025.07.08	00:28:07.569	0.86022				2
2025.07.08	00:28:16.397		0.86115			4
2025.07.08	00:28:19.372	0.86028				2
2025.07.08	00:28:22.576		0.86117			4
2025.07.08	00:28:26.019	0.86049				2
2025.07.08	00:28:32.137	0.86048				2
2025.07.08	00:28:33.559		0.86115			4
2025.07.08	00:28:40.914	0.86049	0.86113			6
2025.07.08	00:28:41.483	0.86050				2
2025.07.08	00:28:48.889	0.86054				2
2025.07.08	00:28:50.150		0.86111			4
2025.07.08	00:28:54.236	0.86055				2
2025.07.08	00:28:59.963	0.86056				2
2025.07.08	00:29:01.763	0.86056				2
2025.07.08	00:29:03.923		0.86110			4
2025.07.08	00:29:11.645		0.86109			4
2025.07.08	00:29:11.959		0.86110			4
2025.07.08	00:29:16.401		0.86109			4
2025.07.08	00:29:21.830		0.86108			4
2025.07.08	00:29:23.406	0.86055	0.86119			6
2025.07.08	00:29:24.275		0.86117			4
2025.07.08	00:29:27.753		0.86118			4
2025.07.08	00:29:29.621	0.86054				2
2025.07.08	00:29:33.171		0.86117			4
2025.07.08	00:29:34.850	0.86045				2
2025.07.08	00:29:35.175	0.86057	0.86116			6
2025.07.08	00:29:38.081		0.86114			4
2025.07.08	00:29:39.662		0.86116			4
2025.07.08	00:29:42.598		0.86115			4
2025.07.08	00:29:43.427		0.86116			4
2025.07.08	00:29:49.988		0.86115			4
2025.07.08	00:29:55.273		0.86114			4
2025.07.08	00:29:57.694		0.86115			4
2025.07.08	00:30:00.378	0.86054				2
2025.07.08	00:30:00.752		0.86117			4
2025.07.08	00:30:04.133		0.86115			4
2025.07.08	00:30:07.696	0.86055				2
2025.07.08	00:30:09.918	0.86054	0.86113			6
2025.07.08	00:30:11.545	0.86058	0.86125			6
2025.07.08	00:30:12.049	0.86059				2
2025.07.08	00:30:16.551	0.86061	0.86126			6
2025.07.08	00:30:21.857	0.86062				2
2025.07.08	00:30:34.876	0.86065	0.86130			6
2025.07.08	00:30:38.042	0.86067				2
2025.07.08	00:30:38.852	0.86065	0.86131			6
2025.07.08	00:30:39.205		0.86132			4
2025.07.08	00:30:40.355		0.86129			4
2025.07.08	00:30:46.201	0.86020	0.86124			6
2025.07.08	00:30:49.532		0.86119			4
2025.07.08	00:30:50.658	0.86018				2
2025.07.08	00:31:00.407	0.86018				2
2025.07.08	00:31:01.752	0.86017	0.86114			6
2025.07.08	00:31:02.805	0.86015				2
2025.07.08	00:31:05.061		0.86113			4
2025.07.08	00:31:14.752		0.86112			4
2025.07.08	00:31:19.458		0.86113			4
2025.07.08	00:31:21.396	0.86016				2
2025.07.08	00:31:22.318	0.86011				2
2025.07.08	00:31:23.886		0.86112			4
2025.07.08	00:31:24.277	0.86009	0.86115			6
2025.07.08	00:31:26.419	0.86017				2
2025.07.08	00:31:30.298	0.86020				2
2025.07.08	00:31:31.756		0.86116			4
2025.07.08	00:31:36.249	0.86004	0.86111			6
2025.07.08	00:31:37.181		0.86110			4
2025.07.08	00:31:38.660		0.86109			4
2025.07.08	00:31:47.189	0.86000	0.86103			6
2025.07.08	00:31:50.408	0.86015	0.86109			6
2025.07.08	00:31:51.030	0.86020				2
2025.07.08	00:31:53.960		0.86104			4
2025.07.08	00:31:54.271	0.86018				2
2025.07.08	00:32:04.460	0.86018				2
2025.07.08	00:32:44.266	0.86020				2
2025.07.08	00:32:44.890	0.86012				2
2025.07.08	00:32:45.200	0.86009				2
2025.07.08	00:32:45.530	0.86012				2
2025.07.08	00:32:50.475	0.86006				2
2025.07.08	00:32:56.650		0.86104			4
2025.07.08	00:33:01.764	0.86006				2
2025.07.08	00:33:16.406	0.86007	0.86101			6
2025.07.08	00:34:01.768	0.86007				2
2025.07.08	00:34:04.114	0.86004				2
2025.07.08	00:34:16.646	0.86006	0.86101			6
2025.07.08	00:34:30.013	0.86020				2
2025.07.08	00:34:30.406	0.86018				2
2025.07.08	00:34:59.770	0.86017				2
2025.07.08	00:35:00.955	0.86017				2
2025.07.08	00:35:17.072		0.86101			4
2025.07.08	00:35:26.976	0.86019				2
2025.07.08	00:35:40.540	0.86018				2
2025.07.08	00:35:42.708	0.86019				2
2025.07.08	00:35:53.789		0.86102			4
2025.07.08	00:35:55.758	0.86020				2
2025.07.08	00:35:56.433	0.86016	0.86101			6
2025.07.08	00:35:58.327	0.86015				2
2025.07.08	00:35:59.032	0.86018				2
2025.07.08	00:36:01.101	0.86017				2
2025.07.08	00:36:01.823	0.86018				2
2025.07.08	00:36:29.359		0.86100			4
2025.07.08	00:36:31.642	0.86020				2
2025.07.08	00:36:41.372	0.86010	0.86097			6
2025.07.08	00:36:43.075	0.86008	0.86098			6
2025.07.08	00:36:47.122	0.86005				2
2025.07.08	00:36:49.112	0.86006				2
2025.07.08	00:36:56.361		0.86097			4
2025.07.08	00:37:00.324	0.86006				2
2025.07.08	00:37:01.626	0.86008	0.86098			6
2025.07.08	00:37:02.111		0.86099			4
2025.07.08	00:37:06.414	0.86003				2
2025.07.08	00:37:08.037	0.86000				2
2025.07.08	00:37:16.352	0.86003				2
2025.07.08	00:37:22.462		0.86100			4
2025.07.08	00:37:31.348		0.86101			4
2025.07.08	00:37:43.244	0.86004				2
2025.07.08	00:37:57.690		0.86102			4
2025.07.08	00:38:00.697	0.86004				2
2025.07.08	00:38:04.122	0.86007	0.86101			6
2025.07.08	00:38:28.455		0.86100			4
2025.07.08	00:38:29.545	0.86008				2
2025.07.08	00:38:32.947		0.86102			4
2025.07.08	00:38:35.181	0.86006				2
2025.07.08	00:38:36.855		0.86101			4
2025.07.08	00:38:38.040	0.86008				2
2025.07.08	00:38:40.168		0.86102			4
2025.07.08	00:38:42.315		0.86101			4
2025.07.08	00:38:52.455		0.86102			4
2025.07.08	00:39:00.407	0.86008				2
2025.07.08	00:39:02.272		0.86101			4
2025.07.08	00:39:04.184	0.86007				2
2025.07.08	00:39:04.653	0.86008				2
2025.07.08	00:39:06.547	0.86006				2
2025.07.08	00:39:22.547	0.86005				2
2025.07.08	00:39:26.219		0.86102			4
2025.07.08	00:39:26.732		0.86101			4
2025.07.08	00:39:28.039	0.86006				2
2025.07.08	00:39:31.389	0.86005				2
2025.07.08	00:39:33.524	0.86004				2
2025.07.08	00:39:38.971		0.86102			4
2025.07.08	00:39:39.508		0.86101			4
2025.07.08	00:39:46.663	0.86003				2
2025.07.08	00:39:48.730		0.86102			4
2025.07.08	00:39:49.127		0.86101			4
2025.07.08	00:39:49.532	0.86004				2
2025.07.08	00:40:04.166	0.86004				2
2025.07.08	00:40:06.425	0.86002	0.86100			6
2025.07.08	00:40:11.546	0.85998				2
2025.07.08	00:40:11.892	0.85996				2
2025.07.08	00:40:15.982	0.86002	0.86098			6
2025.07.08	00:40:29.986		0.86099			4
2025.07.08	00:40:30.388		0.86098			4
2025.07.08	00:40:41.917		0.86099			4
2025.07.08	00:40:46.184		0.86098			4
2025.07.08	00:40:52.463		0.86097			4
2025.07.08	00:41:00.408	0.86002				2
2025.07.08	00:41:06.858		0.86098			4
2025.07.08	00:41:10.204	0.86003	0.86099			6
2025.07.08	00:41:12.153	0.86004				2
2025.07.08	00:41:14.251		0.86100			4
2025.07.08	00:41:14.912		0.86099			4
2025.07.08	00:41:18.566	0.86005				2
2025.07.08	00:41:18.901	0.86004				2
2025.07.08	00:41:19.848	0.86003				2
2025.07.08	00:41:28.466	0.85999	0.86102			6
2025.07.08	00:41:34.347	0.86002				2
2025.07.08	00:41:49.147		0.86101			4
2025.07.08	00:41:54.008		0.86102			4
2025.07.08	00:41:54.621		0.86100			4
2025.07.08	00:41:58.457		0.86097			4
2025.07.08	00:41:59.625		0.86095			4
2025.07.08	00:42:00.619	0.86002				2
2025.07.08	00:42:04.868	0.86006	0.86096			6
2025.07.08	00:42:05.291	0.86010	0.86093			6
2025.07.08	00:43:00.981	0.86010				2
2025.07.08	00:43:13.468		0.86093			4
2025.07.08	00:44:01.752	0.86010				2
2025.07.08	00:44:13.994		0.86093			4
2025.07.08	00:45:01.458	0.86010				2
2025.07.08	00:45:03.140	0.86009	0.86085			6
2025.07.08	00:45:04.656	0.86010	0.86083			6
2025.07.08	00:45:06.473		0.86093			4
2025.07.08	00:45:10.292	0.86022	0.86081			6
2025.07.08	00:45:25.238	0.86020	0.86088			6
2025.07.08	00:46:02.661	0.86020				2
2025.07.08	00:46:30.409		0.86088			4
2025.07.08	00:46:38.672	0.86023				2
2025.07.08	00:47:02.363	0.86023				2
2025.07.08	00:47:03.134	0.86022	0.86065			6
2025.07.08	00:47:04.975		0.86063			4
2025.07.08	00:47:06.489	0.86023	0.86088			6
2025.07.08	00:48:00.407	0.86023				2
2025.07.08	00:48:08.358		0.86088			4
2025.07.08	00:48:39.637	0.85997				2
2025.07.08	00:49:00.875	0.85997				2
2025.07.08	00:49:09.258		0.86088			4
2025.07.08	00:49:27.164	0.85986				2
2025.07.08	00:49:36.612	0.85997				2
2025.07.08	00:50:00.445	0.85997				2
2025.07.08	00:50:09.268		0.86088			4
2025.07.08	00:51:03.411	0.85997				2
2025.07.08	00:51:09.488		0.86088			4
2025.07.08	00:51:26.460	0.86000				2
2025.07.08	00:51:48.867		0.86095			4
2025.07.08	00:52:00.361	0.86000				2
2025.07.08	00:52:20.411	0.86001				2
2025.07.08	00:52:24.407	0.86021				2
2025.07.08	00:52:43.259	0.86014				2
2025.07.08	00:52:48.869		0.86095			4
2025.07.08	00:53:02.354	0.86014				2
2025.07.08	00:53:29.396	0.86022				2
2025.07.08	00:53:49.432		0.86095			4
2025.07.08	00:54:00.662	0.86022				2
2025.07.08	00:54:24.397	0.86026				2
2025.07.08	00:54:32.797	0.86019				2
2025.07.08	00:54:49.784		0.86095			4
2025.07.08	00:55:03.803	0.86019				2
2025.07.08	00:55:27.797	0.86014				2
2025.07.08	00:55:53.785		0.86095			4
2025.07.08	00:56:00.636	0.86014				2
2025.07.08	00:56:22.801	0.86013				2
2025.07.08	00:56:47.963	0.86021	0.86098			6
2025.07.08	00:56:52.456	0.86019	0.86097			6
2025.07.08	00:56:57.609	0.86020				2
2025.07.08	00:56:58.125	0.86033				2
2025.07.08	00:57:00.407	0.86033				2
2025.07.08	00:57:01.114		0.86096			4
2025.07.08	00:57:15.185	0.86028				2
2025.07.08	00:57:42.096	0.86024				2
2025.07.08	00:57:44.140	0.86027				2
2025.07.08	00:58:06.616	0.86027	0.86095			6
2025.07.08	00:58:16.461		0.86096			4
2025.07.08	00:58:17.716	0.86022				2
2025.07.08	00:58:23.035	0.86026				2
2025.07.08	00:58:26.619		0.86095			4
2025.07.08	00:58:33.327	0.86022				2
2025.07.08	00:58:56.250	0.86029	0.86096			6
2025.07.08	00:58:57.712	0.86020	0.86097			6
2025.07.08	00:59:00.410	0.86020				2
2025.07.08	00:59:08.198	0.86019				2
2025.07.08	00:59:48.741		0.86096			4
2025.07.08	01:00:00.311	0.86021				2
2025.07.08	01:00:00.620	0.86018	0.86094			6
2025.07.08	01:00:00.924	0.86017	0.86095			6
2025.07.08	01:00:01.239	0.86026	0.86096			6
2025.07.08	01:00:01.544	0.86030	0.86097			6
2025.07.08	01:00:01.862		0.86096			4
2025.07.08	01:00:03.401	0.86034	0.86080			6
2025.07.08	01:00:03.740	0.86031	0.86079			6
2025.07.08	01:00:04.347	0.86030	0.86078			6
2025.07.08	01:00:04.647		0.86076			4
2025.07.08	01:00:04.951		0.86078			4
2025.07.08	01:00:05.254	0.86031	0.86079			6
2025.07.08	01:00:05.862	0.86028	0.86076			6
2025.07.08	01:00:06.772		0.86074			4
2025.07.08	01:00:07.074	0.86034	0.86094			6
2025.07.08	01:00:07.397	0.86038	0.86092			6
2025.07.08	01:00:10.102	0.86046	0.86095			6
2025.07.08	01:00:13.946	0.86054	0.86079			6
2025.07.08	01:00:14.290	0.86046	0.86095			6
2025.07.08	01:00:14.599	0.86059	0.86078			6
2025.07.08	01:00:14.900		0.86079			4
2025.07.08	01:00:15.521	0.86060				2
2025.07.08	01:00:16.205	0.86054	0.86096			6
2025.07.08	01:00:26.360	0.86060	0.86099			6
2025.07.08	01:00:27.668	0.86064	0.86084			6
2025.07.08	01:00:27.970	0.86063	0.86083			6
2025.07.08	01:00:28.355	0.86067				2
2025.07.08	01:00:28.660	0.86068	0.86084			6
2025.07.08	01:00:30.323	0.86062	0.86083			6
2025.07.08	01:00:31.243		0.86085			4
2025.07.08	01:00:31.556	0.86060	0.86102			6
2025.07.08	01:00:31.995	0.86063	0.86086			6
2025.07.08	01:00:32.299	0.86060	0.86102			6
2025.07.08	01:00:33.748	0.86063	0.86086			6
2025.07.08	01:00:34.368	0.86065	0.86089			6
2025.07.08	01:00:34.863		0.86088			4
2025.07.08	01:00:35.195		0.86089			4
2025.07.08	01:00:36.431	0.86060	0.86102			6
2025.07.08	01:00:36.933	0.86065	0.86089			6
2025.07.08	01:00:37.259	0.86060	0.86102			6
2025.07.08	01:00:37.581	0.86066	0.86090			6
2025.07.08	01:00:37.899	0.86060	0.86102			6
2025.07.08	01:00:38.552	0.86066	0.86090			6
2025.07.08	01:00:41.358	0.86060	0.86102			6
2025.07.08	01:00:41.658	0.86065	0.86089			6
2025.07.08	01:00:42.451	0.86066	0.86090			6
2025.07.08	01:00:45.248	0.86067	0.86091			6
2025.07.08	01:00:46.157	0.86060	0.86102			6
2025.07.08	01:00:46.709	0.86065	0.86089			6
2025.07.08	01:00:47.697	0.86066	0.86091			6
2025.07.08	01:00:48.357	0.86068	0.86092			6
2025.07.08	01:00:48.660	0.86060	0.86102			6
2025.07.08	01:00:49.290	0.86068	0.86091			6
2025.07.08	01:00:49.622	0.86067				2
2025.07.08	01:00:49.940	0.86060	0.86102			6
2025.07.08	01:00:50.261	0.86063	0.86095			6
2025.07.08	01:00:50.580	0.86069	0.86092			6
2025.07.08	01:00:50.882		0.86093			4
2025.07.08	01:00:51.228	0.86072	0.86090			6
2025.07.08	01:00:51.687	0.86074	0.86093			6
2025.07.08	01:00:52.353		0.86094			4
2025.07.08	01:00:53.596		0.86095			4
2025.07.08	01:00:55.681		0.86094			4
2025.07.08	01:00:57.363		0.86093			4
2025.07.08	01:00:57.921		0.86094			4
2025.07.08	01:01:00.313	0.86067	0.86090			6
2025.07.08	01:01:00.620	0.86068				2
2025.07.08	01:01:01.764		0.86091			4
2025.07.08	01:01:02.086	0.86071	0.86092			6
2025.07.08	01:01:02.452	0.86074				2
2025.07.08	01:01:03.463	0.86075	0.86093			6
2025.07.08	01:01:09.247	0.86074	0.86091			6
2025.07.08	01:01:14.221		0.86090			4
2025.07.08	01:01:14.995		0.86092			4
2025.07.08	01:01:16.018		0.86091			4
2025.07.08	01:01:32.247		0.86090			4
2025.07.08	01:01:44.307	0.86072				2
2025.07.08	01:01:50.406	0.86073				2
2025.07.08	01:02:00.539	0.86073				2
2025.07.08	01:02:02.216	0.86069				2
2025.07.08	01:02:04.898	0.86083				2
2025.07.08	01:02:10.194		0.86089			4
2025.07.08	01:02:10.679	0.86074				2
2025.07.08	01:02:17.405	0.86073	0.86085			6
2025.07.08	01:02:20.064	0.86071				2
2025.07.08	01:02:30.812		0.86086			4
2025.07.08	01:02:32.763		0.86088			4
2025.07.08	01:02:33.075	0.86070	0.86089			6
2025.07.08	01:02:33.376	0.86071	0.86090			6
2025.07.08	01:02:36.742	0.86073				2
2025.07.08	01:02:37.793		0.86093			4
2025.07.08	01:02:39.286		0.86092			4
2025.07.08	01:02:40.092	0.86078	0.86093			6
2025.07.08	01:02:41.137		0.86092			4
2025.07.08	01:02:41.926		0.86093			4
2025.07.08	01:02:42.558		0.86094			4
2025.07.08	01:02:45.315	0.86079	0.86097			6
2025.07.08	01:03:01.010	0.86083				2
2025.07.08	01:03:03.453	0.86079				2
2025.07.08	01:03:04.903	0.86085	0.86096			6
2025.07.08	01:03:05.692	0.86087				2
2025.07.08	01:03:06.125	0.86078				2
2025.07.08	01:03:42.350	0.86082	0.86099			6
2025.07.08	01:03:44.348	0.86084				2
2025.07.08	01:03:45.857		0.86098			4
2025.07.08	01:03:48.760	0.86082				2
2025.07.08	01:03:55.960	0.86083	0.86097			6
2025.07.08	01:04:00.172	0.86083				2
2025.07.08	01:04:04.035		0.86095			4
2025.07.08	01:04:05.659	0.86082				2
2025.07.08	01:04:08.056	0.86083				2
2025.07.08	01:04:08.922	0.86084				2
2025.07.08	01:04:09.241	0.86082				2
2025.07.08	01:04:11.358	0.86083	0.86098			6
2025.07.08	01:04:14.100	0.86084				2
2025.07.08	01:04:20.657	0.86085				2
2025.07.08	01:04:22.156	0.86084				2
2025.07.08	01:04:24.163	0.86086				2
2025.07.08	01:04:26.522	0.86084				2
2025.07.08	01:04:30.557	0.86085				2
2025.07.08	01:04:32.658	0.86084				2
2025.07.08	01:04:35.634		0.86097			4
2025.07.08	01:04:37.255		0.86098			4
2025.07.08	01:04:37.637		0.86097			4
2025.07.08	01:04:39.379	0.86091	0.86099			6
2025.07.08	01:04:40.459	0.86089				2
2025.07.08	01:05:00.179	0.86089	0.86098			6
2025.07.08	01:05:00.481	0.86084	0.86100			6
2025.07.08	01:05:02.948		0.86087			4
2025.07.08	01:05:04.986	0.86088	0.86100			6
2025.07.08	01:05:23.273		0.86099			4
2025.07.08	01:05:23.644		0.86100			4
2025.07.08	01:05:25.354		0.86097			4
2025.07.08	01:05:29.414		0.86098			4
2025.07.08	01:05:34.625	0.86090	0.86099			6
2025.07.08	01:05:34.928		0.86098			4
2025.07.08	01:05:36.105		0.86099			4
2025.07.08	01:05:46.945	0.86092	0.86102			6
2025.07.08	01:06:00.407	0.86093				2
2025.07.08	01:06:01.688	0.86095	0.86103			6
2025.07.08	01:06:03.557	0.86096				2
2025.07.08	01:06:04.050	0.86099	0.86106			6
2025.07.08	01:06:05.746	0.86098				2
2025.07.08	01:06:13.013	0.86097				2
2025.07.08	01:06:25.389		0.86108			4
2025.07.08	01:06:26.694		0.86107			4
2025.07.08	01:06:31.109	0.86099				2
2025.07.08	01:06:41.540	0.86101				2
2025.07.08	01:06:42.355	0.86099	0.86109			6
2025.07.08	01:06:43.212	0.86100	0.86107			6
2025.07.08	01:06:43.641	0.86099	0.86106			6
2025.07.08	01:06:44.640	0.86094	0.86104			6
2025.07.08	01:06:44.950	0.86097	0.86105			6
2025.07.08	01:06:45.414	0.86099	0.86106			6
2025.07.08	01:06:47.356		0.86107			4
2025.07.08	01:07:02.058	0.86099				2
2025.07.08	01:07:50.957		0.86107			4
2025.07.08	01:07:58.453		0.86105			4
2025.07.08	01:08:00.948	0.86099				2
2025.07.08	01:08:05.170	0.86094	0.86101			6
2025.07.08	01:08:06.779		0.86102			4
2025.07.08	01:08:08.718		0.86101			4
2025.07.08	01:08:10.456		0.86102			4
2025.07.08	01:08:16.073		0.86101			4
2025.07.08	01:08:25.763	0.86096	0.86102			6
2025.07.08	01:09:00.265	0.86096				2
2025.07.08	01:09:25.155		0.86103			4
2025.07.08	01:09:25.607		0.86102			4
2025.07.08	01:09:34.640		0.86099			4
2025.07.08	01:09:36.856		0.86100			4
2025.07.08	01:09:37.246		0.86099			4
2025.07.08	01:09:49.375	0.86095				2
2025.07.08	01:09:55.158		0.86100			4
2025.07.08	01:10:00.560	0.86095	0.86099			6
2025.07.08	01:10:03.256	0.86093				2
2025.07.08	01:10:24.450	0.86092	0.86098			6
2025.07.08	01:10:26.013		0.86099			4
2025.07.08	01:11:02.011	0.86094	0.86100			6
2025.07.08	01:11:07.957	0.86092				2
2025.07.08	01:11:10.157		0.86099			4
2025.07.08	01:11:11.976	0.86093	0.86100			6
2025.07.08	01:11:13.140		0.86099			4
2025.07.08	01:11:23.217	0.86091				2
2025.07.08	01:11:40.104	0.86092				2
2025.07.08	01:11:44.057	0.86091				2
2025.07.08	01:11:47.658		0.86100			4
2025.07.08	01:12:00.214	0.86091				2
2025.07.08	01:12:01.379	0.86094	0.86101			6
2025.07.08	01:12:04.232		0.86100			4
2025.07.08	01:12:08.303	0.86097				2
2025.07.08	01:12:08.958		0.86101			4
2025.07.08	01:12:10.758		0.86100			4
2025.07.08	01:12:17.178	0.86102	0.86104			6
2025.07.08	01:12:17.481	0.86099	0.86106			6
2025.07.08	01:12:25.129	0.86101	0.86105			6
2025.07.08	01:12:26.350	0.86096	0.86104			6
2025.07.08	01:12:26.660	0.86097				2
2025.07.08	01:12:29.358	0.86099				2
2025.07.08	01:12:39.858		0.86105			4
2025.07.08	01:12:46.618	0.86096	0.86102			6
2025.07.08	01:12:46.919		0.86101			4
2025.07.08	01:12:48.858		0.86102			4
2025.07.08	01:12:53.022	0.86097				2
2025.07.08	01:12:56.621		0.86101			4
2025.07.08	01:13:00.858	0.86097				2
2025.07.08	01:14:00.406	0.86097	0.86101			6
2025.07.08	01:14:35.526		0.86100			4
2025.07.08	01:14:48.259		0.86101			4
2025.07.08	01:14:53.373	0.86094				2
2025.07.08	01:14:58.756	0.86093				2
2025.07.08	01:15:00.382	0.86093				2
2025.07.08	01:15:01.421	0.86094				2
2025.07.08	01:15:04.165		0.86100			4
2025.07.08	01:15:34.118		0.86099			4
2025.07.08	01:15:36.214		0.86100			4
2025.07.08	01:15:40.474		0.86099			4
2025.07.08	01:15:42.858		0.86100			4
2025.07.08	01:15:45.133		0.86099			4
2025.07.08	01:15:47.364		0.86100			4
2025.07.08	01:15:48.149	0.86092				2
2025.07.08	01:15:50.038		0.86097			4
2025.07.08	01:15:50.753	0.86096	0.86098			6
2025.07.08	01:15:53.967		0.86099			4
2025.07.08	01:15:54.538		0.86098			4
2025.07.08	01:15:55.113		0.86097			4
2025.07.08	01:15:56.577		0.86099			4
2025.07.08	01:16:00.370	0.86096				2
2025.07.08	01:16:04.370		0.86098			4
2025.07.08	01:16:06.460		0.86099			4
2025.07.08	01:16:15.889		0.86100			4
2025.07.08	01:16:16.969		0.86099			4
2025.07.08	01:16:17.332		0.86100			4
2025.07.08	01:16:36.138		0.86101			4
2025.07.08	01:16:36.440		0.86100			4
2025.07.08	01:16:44.366	0.86093				2
2025.07.08	01:16:45.409	0.86096	0.86098			6
2025.07.08	01:16:45.719	0.86093	0.86100			6
2025.07.08	01:16:46.045	0.86092	0.86097			6
2025.07.08	01:16:46.361	0.86096	0.86101			6
2025.07.08	01:16:47.382		0.86099			4
2025.07.08	01:16:50.033		0.86100			4
2025.07.08	01:16:57.604		0.86101			4
2025.07.08	01:17:00.215	0.86096				2
2025.07.08	01:17:01.426		0.86102			4
2025.07.08	01:17:01.739		0.86101			4
2025.07.08	01:17:02.047		0.86102			4
2025.07.08	01:17:04.481		0.86101			4
2025.07.08	01:17:05.284		0.86102			4
2025.07.08	01:17:08.750		0.86101			4
2025.07.08	01:17:10.001		0.86102			4
2025.07.08	01:17:14.452		0.86103			4
2025.07.08	01:17:15.968		0.86102			4
2025.07.08	01:17:17.657		0.86103			4
2025.07.08	01:17:19.361	0.86098	0.86105			6
2025.07.08	01:17:19.672	0.86097				2
2025.07.08	01:17:22.320	0.86098				2
2025.07.08	01:17:23.685	0.86097	0.86103			6
2025.07.08	01:17:24.649		0.86102			4
2025.07.08	01:17:31.709		0.86103			4
2025.07.08	01:17:34.862		0.86102			4
2025.07.08	01:17:40.238		0.86103			4
2025.07.08	01:17:45.481	0.86095				2
2025.07.08	01:17:46.232	0.86097				2
2025.07.08	01:17:48.502	0.86096				2
2025.07.08	01:18:00.407	0.86096				2
2025.07.08	01:18:05.134	0.86097				2
2025.07.08	01:18:08.853		0.86104			4
2025.07.08	01:18:09.571		0.86103			4
2025.07.08	01:18:12.564	0.86099	0.86105			6
2025.07.08	01:18:15.558		0.86106			4
2025.07.08	01:18:16.541	0.86101				2
2025.07.08	01:18:32.979	0.86099	0.86104			6
2025.07.08	01:18:40.461		0.86103			4
2025.07.08	01:18:42.876		0.86102			4
2025.07.08	01:18:48.158	0.86098	0.86101			6
2025.07.08	01:19:00.278	0.86098				2
2025.07.08	01:19:05.389	0.86099	0.86103			6
2025.07.08	01:19:35.247	0.86098				2
2025.07.08	01:19:37.432	0.86101	0.86106			6
2025.07.08	01:19:39.320	0.86103				2
2025.07.08	01:19:42.893		0.86107			4
2025.07.08	01:19:46.414		0.86106			4
2025.07.08	01:19:46.729		0.86107			4
2025.07.08	01:19:52.010		0.86108			4
2025.07.08	01:20:01.158	0.86103				2
2025.07.08	01:20:05.770		0.86110			4
2025.07.08	01:20:11.051	0.86107	0.86112			6
2025.07.08	01:20:15.892	0.86106				2
2025.07.08	01:20:16.198	0.86107				2
2025.07.08	01:20:16.507	0.86106				2
2025.07.08	01:20:17.424	0.86107				2
2025.07.08	01:20:17.774	0.86104				2
2025.07.08	01:20:18.607	0.86105				2
2025.07.08	01:20:19.873	0.86107	0.86109			6
2025.07.08	01:20:20.181	0.86106	0.86111			6
2025.07.08	01:20:21.590		0.86110			4
2025.07.08	01:20:23.499		0.86109			4
2025.07.08	01:20:25.017	0.86105				2
2025.07.08	01:20:28.682	0.86106	0.86110			6
2025.07.08	01:20:37.305	0.86107	0.86112			6
2025.07.08	01:20:41.668	0.86109	0.86113			6
2025.07.08	01:20:41.980	0.86111				2
2025.07.08	01:20:44.763	0.86108				2
2025.07.08	01:20:45.461	0.86111				2
2025.07.08	01:20:46.367	0.86109				2
2025.07.08	01:20:47.410	0.86111				2
2025.07.08	01:20:49.674	0.86110				2
2025.07.08	01:20:54.864	0.86108	0.86112			6
2025.07.08	01:20:57.858		0.86111			4
2025.07.08	01:21:00.127	0.86108	0.86112			6
2025.07.08	01:21:00.441		0.86113			4
2025.07.08	01:21:12.801	0.86110				2
2025.07.08	01:21:15.341	0.86108				2
2025.07.08	01:21:19.382	0.86106	0.86111			6
2025.07.08	01:21:19.768	0.86108				2
2025.07.08	01:21:20.102	0.86106				2
2025.07.08	01:21:21.717	0.86108				2
2025.07.08	01:21:22.057	0.86106				2
2025.07.08	01:21:26.843	0.86107				2
2025.07.08	01:21:27.257		0.86112			4
2025.07.08	01:21:30.824		0.86111			4
2025.07.08	01:21:32.678	0.86106				2
2025.07.08	01:21:36.249		0.86112			4
2025.07.08	01:21:39.871	0.86105				2
2025.07.08	01:21:45.015	0.86108	0.86113			6
2025.07.08	01:21:45.598	0.86105				2
2025.07.08	01:21:48.850	0.86106	0.86112			6
2025.07.08	01:21:49.848		0.86111			4
2025.07.08	01:21:54.123		0.86112			4
2025.07.08	01:21:55.411		0.86111			4
2025.07.08	01:22:00.526	0.86106				2
2025.07.08	01:22:00.871	0.86108	0.86112			6
2025.07.08	01:22:03.576	0.86106	0.86111			6
2025.07.08	01:22:04.433	0.86108	0.86112			6
2025.07.08	01:22:05.804	0.86106	0.86111			6
2025.07.08	01:22:06.267	0.86105	0.86112			6
2025.07.08	01:22:07.688	0.86108				2
2025.07.08	01:22:15.106	0.86110				2
2025.07.08	01:22:16.718	0.86109				2
2025.07.08	01:22:19.651	0.86107				2
2025.07.08	01:22:21.857	0.86106	0.86111			6
2025.07.08	01:22:24.976		0.86112			4
2025.07.08	01:22:28.761		0.86111			4
2025.07.08	01:22:29.116		0.86112			4
2025.07.08	01:22:32.858		0.86111			4
2025.07.08	01:22:36.183		0.86109			4
2025.07.08	01:22:37.468	0.86105	0.86110			6
2025.07.08	01:22:40.229	0.86107	0.86113			6
2025.07.08	01:22:40.530	0.86108				2
2025.07.08	01:22:42.967	0.86107				2
2025.07.08	01:22:46.819	0.86109	0.86114			6
2025.07.08	01:22:47.518	0.86111	0.86115			6
2025.07.08	01:22:49.577	0.86114				2
2025.07.08	01:22:52.200	0.86113				2
2025.07.08	01:22:58.283	0.86112				2
2025.07.08	01:23:03.116	0.86109				2
2025.07.08	01:23:06.345	0.86111				2
2025.07.08	01:23:17.848	0.86115	0.86116			6
2025.07.08	01:23:18.162	0.86114				2
2025.07.08	01:23:18.505		0.86115			4
2025.07.08	01:23:21.137	0.86112				2
2025.07.08	01:23:21.803	0.86114				2
2025.07.08	01:23:45.294	0.86113				2
2025.07.08	01:23:45.598		0.86114			4
2025.07.08	01:23:49.418	0.86114	0.86116			6
2025.07.08	01:23:56.786	0.86113				2
2025.07.08	01:23:57.747		0.86115			4
2025.07.08	01:24:00.412	0.86113				2
2025.07.08	01:24:09.295		0.86118			4
2025.07.08	01:24:09.841	0.86114				2
2025.07.08	01:24:11.527		0.86119			4
2025.07.08	01:24:11.849		0.86118			4
2025.07.08	01:24:19.161	0.86113				2
2025.07.08	01:24:19.788	0.86114				2
2025.07.08	01:24:43.835	0.86113				2
2025.07.08	01:24:45.960	0.86114	0.86116			6
2025.07.08	01:24:47.615	0.86118	0.86119			6
2025.07.08	01:24:47.934	0.86113				2
2025.07.08	01:24:48.801	0.86118				2
2025.07.08	01:24:52.849		0.86120			4
2025.07.08	01:24:56.922		0.86119			4
2025.07.08	01:24:58.022		0.86120			4
2025.07.08	01:25:00.260	0.86118				2
2025.07.08	01:25:03.451	0.86117				2
2025.07.08	01:25:04.351	0.86115	0.86118			6
2025.07.08	01:25:05.584		0.86119			4
2025.07.08	01:25:09.191		0.86120			4
2025.07.08	01:25:09.711		0.86119			4
2025.07.08	01:25:12.857		0.86120			4
2025.07.08	01:25:17.749	0.86116	0.86119			6
2025.07.08	01:25:19.908		0.86120			4
2025.07.08	01:25:21.418		0.86119			4
2025.07.08	01:25:24.502		0.86120			4
2025.07.08	01:25:46.361	0.86118	0.86121			6
2025.07.08	01:25:47.372	0.86116	0.86120			6
2025.07.08	01:25:48.216	0.86118	0.86121			6
2025.07.08	01:25:50.394	0.86116	0.86119			6
2025.07.08	01:25:53.578	0.86121	0.86123			6
2025.07.08	01:26:00.361	0.86121				2
2025.07.08	01:26:00.674	0.86119	0.86122			6
2025.07.08	01:26:10.324		0.86121			4
2025.07.08	01:26:17.668		0.86120			4
2025.07.08	01:26:17.973		0.86121			4
2025.07.08	01:26:19.491		0.86120			4
2025.07.08	01:26:23.070	0.86114	0.86118			6
2025.07.08	01:26:30.431		0.86117			4
2025.07.08	01:26:36.297		0.86116			4
2025.07.08	01:26:44.008		0.86117			4
2025.07.08	01:26:49.389	0.86113				2
2025.07.08	01:27:00.502	0.86113				2
2025.07.08	01:27:06.194		0.86116			4
2025.07.08	01:27:06.501		0.86115			4
2025.07.08	01:27:06.811	0.86112				2
2025.07.08	01:27:11.615	0.86113	0.86116			6
2025.07.08	01:27:35.327		0.86114			4
2025.07.08	01:27:37.456		0.86115			4
2025.07.08	01:27:43.276	0.86117	0.86118			6
2025.07.08	01:28:03.102	0.86117				2
2025.07.08	01:28:22.921	0.86116	0.86117			6
2025.07.08	01:28:26.861	0.86113				2
2025.07.08	01:28:31.559	0.86114	0.86115			6
2025.07.08	01:28:32.081		0.86116			4
2025.07.08	01:28:32.492		0.86117			4
2025.07.08	01:29:00.273	0.86114				2
2025.07.08	01:29:16.412	0.86118	0.86119			6
2025.07.08	01:29:17.478	0.86116	0.86117			6
2025.07.08	01:29:18.558		0.86118			4
2025.07.08	01:29:20.343	0.86117				2
2025.07.08	01:29:23.418	0.86115	0.86117			6
2025.07.08	01:29:33.628		0.86116			4
2025.07.08	01:29:35.279	0.86113				2
2025.07.08	01:29:43.662	0.86110	0.86115			6
2025.07.08	01:29:43.975	0.86117	0.86118			6
2025.07.08	01:29:56.304	0.86112	0.86115			6
2025.07.08	01:29:57.478	0.86113	0.86116			6
2025.07.08	01:30:00.086	0.86113	0.86115			6
2025.07.08	01:30:01.034	0.86114	0.86117			6
2025.07.08	01:30:01.341	0.86116				2
2025.07.08	01:30:01.882		0.86118			4
2025.07.08	01:30:03.225	0.86113				2
2025.07.08	01:30:03.842	0.86114	0.86119			6
2025.07.08	01:30:04.449	0.86113	0.86118			6
2025.07.08	01:30:06.871	0.86114	0.86117			6
2025.07.08	01:30:08.905		0.86116			4
2025.07.08	01:30:09.314	0.86113				2
2025.07.08	01:30:12.125	0.86114				2
2025.07.08	01:30:30.671	0.86113				2
2025.07.08	01:30:33.140	0.86114				2
2025.07.08	01:30:34.181	0.86113				2
2025.07.08	01:30:34.957		0.86115			4
2025.07.08	01:30:35.471	0.86112				2
2025.07.08	01:30:35.930	0.86114				2
2025.07.08	01:30:36.387		0.86118			4
2025.07.08	01:30:40.144		0.86117			4
2025.07.08	01:30:46.266		0.86116			4
2025.07.08	01:30:53.781	0.86113	0.86115			6
2025.07.08	01:30:54.102	0.86109	0.86114			6
2025.07.08	01:31:00.628	0.86109				2
2025.07.08	01:31:26.958		0.86113			4
2025.07.08	01:31:30.556		0.86114			4
2025.07.08	01:31:39.340	0.86107	0.86112			6
2025.07.08	01:31:41.104	0.86106				2
2025.07.08	01:31:44.390	0.86107				2
2025.07.08	01:31:45.969		0.86113			4
2025.07.08	01:32:00.605	0.86107	0.86112			6
2025.07.08	01:32:00.980	0.86106	0.86111			6
2025.07.08	01:32:02.918	0.86105				2
2025.07.08	01:32:04.948	0.86106				2
2025.07.08	01:32:10.091	0.86105				2
2025.07.08	01:32:20.944	0.86106				2
2025.07.08	01:32:22.408	0.86108	0.86113			6
2025.07.08	01:32:26.823	0.86107				2
2025.07.08	01:32:50.822	0.86112				2
2025.07.08	01:32:52.427		0.86114			4
2025.07.08	01:33:01.827	0.86109				2
2025.07.08	01:33:09.277	0.86108	0.86113			6
2025.07.08	01:33:11.677		0.86114			4
2025.07.08	01:33:22.948	0.86107	0.86112			6
2025.07.08	01:33:23.848	0.86108	0.86113			6
2025.07.08	01:33:32.832	0.86110	0.86115			6
2025.07.08	01:33:38.660		0.86114			4
2025.07.08	01:33:41.446		0.86115			4
2025.07.08	01:33:47.944	0.86112	0.86114			6
2025.07.08	01:33:59.204	0.86110				2
2025.07.08	01:34:02.500	0.86110				2
2025.07.08	01:34:52.100		0.86114			4
2025.07.08	01:34:52.924	0.86109				2
2025.07.08	01:35:01.445	0.86109				2
2025.07.08	01:35:07.158	0.86111	0.86115			6
2025.07.08	01:35:07.460	0.86112				2
2025.07.08	01:35:12.539		0.86117			4
2025.07.08	01:35:20.631		0.86116			4
2025.07.08	01:35:21.152		0.86117			4
2025.07.08	01:35:30.411	0.86111				2
2025.07.08	01:35:34.817	0.86110	0.86115			6
2025.07.08	01:35:35.996	0.86111				2
2025.07.08	01:35:36.318	0.86112				2
2025.07.08	01:35:43.583	0.86111	0.86116			6
2025.07.08	01:35:47.041		0.86117			4
2025.07.08	01:35:47.360		0.86116			4
2025.07.08	01:35:50.961	0.86110	0.86115			6
2025.07.08	01:36:00.041	0.86110				2
2025.07.08	01:36:01.765	0.86109				2
2025.07.08	01:36:05.991	0.86111	0.86116			6
2025.07.08	01:36:09.261		0.86117			4
2025.07.08	01:36:10.631		0.86118			4
2025.07.08	01:36:11.355	0.86112				2
2025.07.08	01:36:13.126	0.86111				2
2025.07.08	01:36:15.458	0.86112				2
2025.07.08	01:36:22.297	0.86113	0.86119			6
2025.07.08	01:36:23.628	0.86115				2
2025.07.08	01:36:25.043	0.86114	0.86120			6
2025.07.08	01:36:26.046		0.86119			4
2025.07.08	01:36:33.122	0.86115	0.86120			6
2025.07.08	01:36:37.911		0.86121			4
2025.07.08	01:36:38.523		0.86120			4
2025.07.08	01:36:42.869	0.86117	0.86122			6
2025.07.08	01:36:43.937	0.86116				2
2025.07.08	01:36:53.382		0.86121			4
2025.07.08	01:36:54.814	0.86117	0.86122			6
2025.07.08	01:36:59.164	0.86116				2
2025.07.08	01:36:59.693	0.86117				2
2025.07.08	01:37:00.078	0.86118	0.86123			6
2025.07.08	01:37:01.726	0.86121	0.86125			6
2025.07.08	01:37:02.276	0.86120	0.86124			6
2025.07.08	01:37:03.983	0.86121	0.86125			6
2025.07.08	01:37:05.373	0.86122				2
2025.07.08	01:37:06.007	0.86121				2
2025.07.08	01:37:12.238	0.86124	0.86130			6
2025.07.08	01:37:12.611	0.86125				2
2025.07.08	01:37:13.743	0.86124				2
2025.07.08	01:37:14.286		0.86129			4
2025.07.08	01:37:15.058	0.86125				2
2025.07.08	01:37:15.478	0.86126				2
2025.07.08	01:37:19.245	0.86124	0.86128			6
2025.07.08	01:37:19.547		0.86129			4
2025.07.08	01:37:20.727	0.86123	0.86128			6
2025.07.08	01:37:22.306	0.86129	0.86131			6
2025.07.08	01:37:22.901	0.86127	0.86130			6
2025.07.08	01:37:26.391	0.86125	0.86129			6
2025.07.08	01:37:26.701		0.86130			4
2025.07.08	01:37:28.864	0.86126				2
2025.07.08	01:37:30.137	0.86128				2
2025.07.08	01:37:30.981	0.86126				2
2025.07.08	01:37:34.009	0.86125	0.86129			6
2025.07.08	01:37:35.259	0.86127				2
2025.07.08	01:37:41.567	0.86128	0.86130			6
2025.07.08	01:37:44.031	0.86127				2
2025.07.08	01:37:51.856	0.86128				2
2025.07.08	01:37:53.848	0.86127				2
2025.07.08	01:37:54.305		0.86131			4
2025.07.08	01:37:56.039	0.86126	0.86130			6
2025.07.08	01:38:00.409	0.86126				2
2025.07.08	01:38:01.560	0.86124	0.86129			6
2025.07.08	01:38:01.861	0.86125				2
2025.07.08	01:38:02.376		0.86130			4
2025.07.08	01:38:02.676	0.86126	0.86131			6
2025.07.08	01:38:03.102		0.86130			4
2025.07.08	01:38:04.962		0.86131			4
2025.07.08	01:38:06.023	0.86128	0.86130			6
2025.07.08	01:38:06.340	0.86127				2
2025.07.08	01:38:07.324	0.86129				2
2025.07.08	01:38:07.694		0.86133			4
2025.07.08	01:38:09.599		0.86135			4
2025.07.08	01:38:10.873		0.86134			4
2025.07.08	01:38:13.266		0.86133			4
2025.07.08	01:38:14.219	0.86128				2
2025.07.08	01:38:14.600	0.86129				2
2025.07.08	01:38:15.177	0.86128	0.86134			6
2025.07.08	01:38:19.530	0.86130	0.86135			6
2025.07.08	01:38:23.176		0.86136			4
2025.07.08	01:38:26.705	0.86128	0.86132			6
2025.07.08	01:38:29.646	0.86127				2
2025.07.08	01:38:31.930	0.86126	0.86133			6
2025.07.08	01:38:33.152	0.86127	0.86132			6
2025.07.08	01:38:35.053	0.86126	0.86133			6
2025.07.08	01:38:35.399	0.86130	0.86131			6
2025.07.08	01:38:39.133	0.86128	0.86132			6
2025.07.08	01:38:41.046		0.86131			4
2025.07.08	01:38:41.497	0.86126	0.86130			6
2025.07.08	01:38:42.879		0.86129			4
2025.07.08	01:39:00.358	0.86124	0.86127			6
2025.07.08	01:39:00.660	0.86126	0.86129			6
2025.07.08	01:39:00.996	0.86127	0.86131			6
2025.07.08	01:39:04.147	0.86126				2
2025.07.08	01:39:07.057	0.86127				2
2025.07.08	01:39:14.358	0.86126				2
2025.07.08	01:39:15.777	0.86128	0.86132			6
2025.07.08	01:39:18.385	0.86129	0.86133			6
2025.07.08	01:39:19.964	0.86130				2
2025.07.08	01:39:20.814	0.86129				2
2025.07.08	01:39:21.330	0.86133	0.86138			6
2025.07.08	01:39:23.353		0.86136			4
2025.07.08	01:39:23.757	0.86132				2
2025.07.08	01:39:29.446	0.86131				2
2025.07.08	01:39:31.231	0.86132				2
2025.07.08	01:39:32.884	0.86133				2
2025.07.08	01:39:37.457	0.86132				2
2025.07.08	01:39:41.059	0.86134	0.86137			6
2025.07.08	01:39:41.731		0.86136			4
2025.07.08	01:39:42.436		0.86137			4
2025.07.08	01:39:42.776	0.86133				2
2025.07.08	01:39:45.188	0.86132	0.86136			6
2025.07.08	01:39:46.408	0.86131	0.86135			6
2025.07.08	01:39:51.641		0.86136			4
2025.07.08	01:39:51.944	0.86137	0.86141			6
2025.07.08	01:39:52.271		0.86142			4
2025.07.08	01:39:52.876	0.86138				2
2025.07.08	01:39:54.785	0.86137	0.86143			6
2025.07.08	01:39:55.469	0.86138				2
2025.07.08	01:39:57.128	0.86142	0.86146			6
2025.07.08	01:39:57.443	0.86139	0.86145			6
2025.07.08	01:39:57.749	0.86138	0.86144			6
2025.07.08	01:39:58.423		0.86142			4
2025.07.08	01:39:59.343		0.86144			4
2025.07.08	01:39:59.722	0.86137	0.86142			6
2025.07.08	01:40:00.024	0.86137				2
2025.07.08	01:40:01.369		0.86140			4
2025.07.08	01:40:02.709		0.86141			4
2025.07.08	01:40:03.046	0.86135	0.86140			6
2025.07.08	01:40:05.276	0.86134	0.86139			6
2025.07.08	01:40:05.688	0.86138	0.86143			6
2025.07.08	01:40:06.281	0.86137	0.86142			6
2025.07.08	01:40:12.322		0.86141			4
2025.07.08	01:40:13.072	0.86136				2
2025.07.08	01:40:15.428	0.86133	0.86138			6
2025.07.08	01:40:15.741	0.86134				2
2025.07.08	01:40:16.177	0.86133				2
2025.07.08	01:40:16.568	0.86134				2
2025.07.08	01:40:17.199	0.86133				2
2025.07.08	01:40:17.639	0.86134				2
2025.07.08	01:40:17.943	0.86137	0.86142			6
2025.07.08	01:40:18.721		0.86141			4
2025.07.08	01:40:21.005		0.86142			4
2025.07.08	01:40:21.388	0.86138	0.86141			6
2025.07.08	01:40:22.354	0.86137				2
2025.07.08	01:40:24.145	0.86136				2
2025.07.08	01:40:28.726	0.86137	0.86142			6
2025.07.08	01:40:30.705		0.86141			4
2025.07.08	01:40:31.027	0.86136	0.86140			6
2025.07.08	01:40:32.896	0.86133	0.86138			6
2025.07.08	01:40:33.223		0.86137			4
2025.07.08	01:40:33.651		0.86138			4
2025.07.08	01:40:34.364	0.86132				2
2025.07.08	01:40:35.791	0.86137	0.86141			6
2025.07.08	01:40:37.063	0.86138				2
2025.07.08	01:40:41.297		0.86143			4
2025.07.08	01:40:50.826	0.86137				2
2025.07.08	01:40:51.397	0.86138				2
2025.07.08	01:40:51.702	0.86137				2
2025.07.08	01:40:52.468		0.86142			4
2025.07.08	01:40:53.188	0.86138	0.86143			6
2025.07.08	01:40:53.696	0.86137				2
2025.07.08	01:40:54.272		0.86142			4
2025.07.08	01:40:54.574	0.86136	0.86141			6
2025.07.08	01:40:56.121	0.86137				2
2025.07.08	01:41:01.330	0.86137				2
2025.07.08	01:41:02.943		0.86140			4
2025.07.08	01:41:07.006	0.86136				2
2025.07.08	01:41:08.919	0.86135	0.86141			6
2025.07.08	01:41:09.685	0.86138	0.86142			6
2025.07.08	01:41:10.005		0.86143			4
2025.07.08	01:41:10.320	0.86137	0.86142			6
2025.07.08	01:41:10.629	0.86138	0.86143			6
2025.07.08	01:41:11.516	0.86136	0.86141			6
2025.07.08	01:41:12.137	0.86135	0.86140			6
2025.07.08	01:41:15.236	0.86137	0.86142			6
2025.07.08	01:41:21.354	0.86142	0.86146			6
2025.07.08	01:41:21.706		0.86147			4
2025.07.08	01:41:22.152		0.86146			4
2025.07.08	01:41:27.346	0.86140	0.86144			6
2025.07.08	01:41:35.791		0.86143			4
2025.07.08	01:41:36.104	0.86139	0.86145			6
2025.07.08	01:41:37.126	0.86140				2
2025.07.08	01:41:37.665		0.86144			4
2025.07.08	01:41:40.362	0.86141				2
2025.07.08	01:41:41.111		0.86145			4
2025.07.08	01:41:41.418	0.86143				2
2025.07.08	01:41:42.252	0.86142	0.86144			6
2025.07.08	01:41:43.727	0.86141				2
2025.07.08	01:41:45.214	0.86142				2
2025.07.08	01:41:49.100	0.86144	0.86146			6
2025.07.08	01:41:49.406	0.86141				2
2025.07.08	01:41:49.721	0.86144				2
2025.07.08	01:41:50.091		0.86145			4
2025.07.08	01:41:50.400		0.86146			4
2025.07.08	01:41:50.721	0.86146	0.86149			6
2025.07.08	01:41:51.231		0.86150			4
2025.07.08	01:41:52.228	0.86148	0.86149			6
2025.07.08	01:41:52.949	0.86146	0.86147			6
2025.07.08	01:41:55.571		0.86150			4
2025.07.08	01:41:55.877		0.86149			4
2025.07.08	01:41:56.224	0.86147				2
2025.07.08	01:41:56.862	0.86148	0.86150			6
2025.07.08	01:41:57.275	0.86149				2
2025.07.08	01:41:57.898	0.86148				2
2025.07.08	01:41:59.290	0.86154	0.86156			6
2025.07.08	01:41:59.613	0.86153				2
2025.07.08	01:42:00.254	0.86153				2
2025.07.08	01:42:01.235		0.86157			4
2025.07.08	01:42:02.919	0.86152				2
2025.07.08	01:42:06.236	0.86151	0.86154			6
2025.07.08	01:42:10.072	0.86152	0.86156			6
2025.07.08	01:42:11.221	0.86151				2
2025.07.08	01:42:12.278	0.86153	0.86158			6
2025.07.08	01:42:12.653	0.86154				2
2025.07.08	01:42:12.974	0.86153				2
2025.07.08	01:42:13.289	0.86155	0.86157			6
2025.07.08	01:42:13.590	0.86156	0.86159			6
2025.07.08	01:42:14.201	0.86154	0.86158			6
2025.07.08	01:42:14.544	0.86155	0.86160			6
2025.07.08	01:42:14.854	0.86154	0.86158			6
2025.07.08	01:42:16.349	0.86161	0.86164			6
2025.07.08	01:42:16.660	0.86160				2
2025.07.08	01:42:17.497		0.86163			4
2025.07.08	01:42:18.993	0.86161				2
2025.07.08	01:42:19.516		0.86164			4
2025.07.08	01:42:21.045	0.86162	0.86166			6
2025.07.08	01:42:21.690	0.86164	0.86169			6
2025.07.08	01:42:22.001	0.86165				2
2025.07.08	01:42:25.218	0.86168	0.86170			6
2025.07.08	01:42:25.821	0.86169	0.86172			6
2025.07.08	01:42:26.125		0.86171			4
2025.07.08	01:42:27.369	0.86166	0.86170			6
2025.07.08	01:42:27.862	0.86165	0.86169			6
2025.07.08	01:42:28.444	0.86163	0.86166			6
2025.07.08	01:42:29.279	0.86161	0.86164			6
2025.07.08	01:42:29.593	0.86163	0.86167			6
2025.07.08	01:42:32.812	0.86162	0.86166			6
2025.07.08	01:42:35.371		0.86165			4
2025.07.08	01:42:36.242	0.86166	0.86170			6
2025.07.08	01:42:36.560	0.86167	0.86171			6
2025.07.08	01:42:37.554	0.86169	0.86172			6
2025.07.08	01:42:37.860	0.86168				2
2025.07.08	01:42:40.285	0.86167	0.86171			6
2025.07.08	01:42:41.074	0.86169	0.86173			6
2025.07.08	01:42:41.380	0.86168				2
2025.07.08	01:42:41.788	0.86167	0.86171			6
2025.07.08	01:42:43.156	0.86169	0.86170			6
2025.07.08	01:42:43.768	0.86163	0.86168			6
2025.07.08	01:42:44.147		0.86167			4
2025.07.08	01:42:44.551	0.86164				2
2025.07.08	01:42:44.880	0.86163				2
2025.07.08	01:42:46.702		0.86168			4
2025.07.08	01:42:47.467		0.86167			4
2025.07.08	01:42:50.076	0.86160	0.86164			6
2025.07.08	01:42:55.228	0.86161	0.86165			6
2025.07.08	01:42:56.204	0.86162	0.86166			6
2025.07.08	01:42:58.179	0.86163				2
2025.07.08	01:42:59.258	0.86162				2
2025.07.08	01:43:00.359	0.86163	0.86168			6
2025.07.08	01:43:00.791	0.86165				2
2025.07.08	01:43:02.927	0.86164				2
2025.07.08	01:43:03.232	0.86163	0.86166			6
2025.07.08	01:43:06.409		0.86165			4
2025.07.08	01:43:11.138	0.86162				2
2025.07.08	01:43:15.315	0.86159	0.86164			6
2025.07.08	01:43:17.229		0.86163			4
2025.07.08	01:43:25.884	0.86162	0.86164			6
2025.07.08	01:43:26.319		0.86165			4
2025.07.08	01:43:26.693	0.86160	0.86164			6
2025.07.08	01:43:27.165	0.86161				2
2025.07.08	01:43:29.819	0.86160				2
2025.07.08	01:43:37.184	0.86159	0.86163			6
2025.07.08	01:43:41.619	0.86158	0.86162			6
2025.07.08	01:43:42.070		0.86161			4
2025.07.08	01:43:46.348		0.86160			4
2025.07.08	01:43:47.132		0.86161			4
2025.07.08	01:43:48.261		0.86162			4
2025.07.08	01:43:48.970	0.86157	0.86160			6
2025.07.08	01:44:00.561	0.86157	0.86159			6
2025.07.08	01:44:02.934		0.86160			4
2025.07.08	01:44:03.288	0.86158	0.86159			6
2025.07.08	01:44:05.651	0.86157				2
2025.07.08	01:44:06.280		0.86160			4
2025.07.08	01:44:06.690	0.86158				2
2025.07.08	01:44:07.720	0.86161	0.86162			6
2025.07.08	01:44:08.023	0.86160				2
2025.07.08	01:44:09.300	0.86163	0.86165			6
2025.07.08	01:44:11.395	0.86162				2
2025.07.08	01:44:11.701	0.86164				2
2025.07.08	01:44:14.937		0.86170			4
2025.07.08	01:44:15.286	0.86165	0.86169			6
2025.07.08	01:44:15.791	0.86166	0.86168			6
2025.07.08	01:44:18.231	0.86167				2
2025.07.08	01:44:19.956	0.86166	0.86169			6
2025.07.08	01:44:21.122	0.86169	0.86172			6
2025.07.08	01:44:21.460		0.86171			4
2025.07.08	01:44:21.857	0.86167				2
2025.07.08	01:44:22.238	0.86168	0.86172			6
2025.07.08	01:44:23.425	0.86170	0.86174			6
2025.07.08	01:44:23.739	0.86169				2
2025.07.08	01:44:24.052		0.86172			4
2025.07.08	01:44:24.908		0.86174			4
2025.07.08	01:44:25.600	0.86170				2
2025.07.08	01:44:25.902	0.86171				2
2025.07.08	01:44:26.577	0.86173	0.86177			6
2025.07.08	01:44:27.361		0.86178			4
2025.07.08	01:44:27.813	0.86174				2
2025.07.08	01:44:28.479	0.86173	0.86177			6
2025.07.08	01:44:28.870		0.86178			4
2025.07.08	01:44:30.389		0.86177			4
2025.07.08	01:44:31.768	0.86174				2
2025.07.08	01:44:32.080	0.86172	0.86175			6
2025.07.08	01:44:32.506		0.86174			4
2025.07.08	01:44:33.014	0.86170	0.86173			6
2025.07.08	01:44:33.322		0.86172			4
2025.07.08	01:44:36.843	0.86169				2
2025.07.08	01:44:37.397	0.86170				2
2025.07.08	01:44:37.893	0.86168				2
2025.07.08	01:44:38.426	0.86170				2
2025.07.08	01:44:39.475	0.86169				2
2025.07.08	01:44:39.805	0.86170				2
2025.07.08	01:44:40.749	0.86172	0.86176			6
2025.07.08	01:44:41.410	0.86173				2
2025.07.08	01:44:46.457	0.86175	0.86178			6
2025.07.08	01:44:48.867		0.86176			4
2025.07.08	01:44:50.766	0.86176	0.86177			6
2025.07.08	01:44:51.602	0.86175				2
2025.07.08	01:44:51.919		0.86176			4
2025.07.08	01:44:52.588	0.86174	0.86175			6
2025.07.08	01:44:53.216	0.86176	0.86177			6
2025.07.08	01:44:55.709	0.86175	0.86176			6
2025.07.08	01:44:56.380	0.86177	0.86178			6
2025.07.08	01:44:59.387	0.86176	0.86177			6
2025.07.08	01:45:00.392	0.86176				2
2025.07.08	01:45:00.806	0.86177	0.86178			6
2025.07.08	01:45:04.033		0.86179			4
2025.07.08	01:45:04.357	0.86176				2
2025.07.08	01:45:06.240		0.86180			4
2025.07.08	01:45:08.165	0.86178				2
2025.07.08	01:45:09.228	0.86177	0.86179			6
2025.07.08	01:45:11.934	0.86176	0.86177			6
2025.07.08	01:45:12.604	0.86172	0.86174			6
2025.07.08	01:45:14.119		0.86173			4
2025.07.08	01:45:14.755	0.86173	0.86174			6
2025.07.08	01:45:15.424	0.86174	0.86175			6
2025.07.08	01:45:15.740		0.86176			4
2025.07.08	01:45:16.072	0.86175				2
2025.07.08	01:45:18.434	0.86177	0.86179			6
2025.07.08	01:45:22.139	0.86176	0.86180			6
2025.07.08	01:45:22.452	0.86177				2
2025.07.08	01:45:23.427	0.86179				2
2025.07.08	01:45:25.519	0.86180	0.86183			6
2025.07.08	01:45:25.844	0.86181				2
2025.07.08	01:45:27.118	0.86182	0.86184			6
2025.07.08	01:45:28.057	0.86183				2
2025.07.08	01:45:32.789	0.86180	0.86181			6
2025.07.08	01:45:33.104	0.86182	0.86183			6
2025.07.08	01:45:33.844	0.86178	0.86179			6
2025.07.08	01:45:46.919	0.86177	0.86178			6
2025.07.08	01:45:47.220	0.86176	0.86177			6
2025.07.08	01:45:51.778	0.86175	0.86176			6
2025.07.08	01:46:00.360	0.86176	0.86178			6
2025.07.08	01:46:02.814	0.86178	0.86179			6
2025.07.08	01:46:03.212	0.86176	0.86177			6
2025.07.08	01:46:13.206		0.86178			4
2025.07.08	01:46:13.511		0.86177			4
2025.07.08	01:46:20.648	0.86174	0.86175			6
2025.07.08	01:46:21.623	0.86178	0.86179			6
2025.07.08	01:46:24.347	0.86176	0.86177			6
2025.07.08	01:46:30.214	0.86177	0.86178			6
2025.07.08	01:46:32.830	0.86173	0.86174			6
2025.07.08	01:46:33.150	0.86178	0.86179			6
2025.07.08	01:46:47.154	0.86176	0.86177			6
2025.07.08	01:46:48.471	0.86173	0.86174			6
2025.07.08	01:46:54.671	0.86176	0.86177			6
2025.07.08	01:46:54.983	0.86180	0.86181			6
2025.07.08	01:46:58.430	0.86179	0.86180			6
2025.07.08	01:47:00.296	0.86179				2
2025.07.08	01:47:02.704	0.86177	0.86178			6
2025.07.08	01:47:03.170	0.86176	0.86177			6
2025.07.08	01:47:08.317	0.86174	0.86176			6
2025.07.08	01:47:09.275		0.86175			4
2025.07.08	01:47:17.104	0.86173	0.86174			6
2025.07.08	01:47:23.604	0.86174	0.86175			6
2025.07.08	01:47:25.516	0.86175	0.86176			6
2025.07.08	01:47:27.231	0.86174	0.86175			6
2025.07.08	01:47:30.103	0.86173	0.86174			6
2025.07.08	01:47:33.253	0.86172	0.86173			6
2025.07.08	01:47:34.215	0.86173	0.86174			6
2025.07.08	01:47:52.358	0.86172	0.86173			6
2025.07.08	01:47:57.954	0.86161	0.86162			6
2025.07.08	01:47:58.259	0.86162	0.86163			6
2025.07.08	01:47:59.200	0.86165	0.86166			6
2025.07.08	01:47:59.502	0.86163	0.86165			6
2025.07.08	01:48:00.362	0.86163				2
2025.07.08	01:48:02.165		0.86164			4
2025.07.08	01:48:08.359		0.86165			4
2025.07.08	01:48:09.315	0.86162	0.86164			6
2025.07.08	01:48:09.677		0.86163			4
2025.07.08	01:48:11.726	0.86163	0.86164			6
2025.07.08	01:48:14.802	0.86162				2
2025.07.08	01:48:17.574	0.86163				2
2025.07.08	01:48:22.314	0.86162	0.86163			6
2025.07.08	01:48:24.998	0.86160	0.86161			6
2025.07.08	01:48:25.319	0.86158	0.86160			6
2025.07.08	01:48:25.644	0.86160	0.86161			6
2025.07.08	01:48:28.192	0.86158	0.86160			6
2025.07.08	01:48:28.813	0.86160	0.86161			6
2025.07.08	01:48:30.332	0.86168	0.86169			6
2025.07.08	01:48:30.639	0.86166	0.86167			6
2025.07.08	01:48:31.591	0.86167	0.86168			6
2025.07.08	01:48:32.352	0.86165	0.86166			6
2025.07.08	01:48:32.663	0.86166	0.86167			6
2025.07.08	01:48:32.974	0.86163	0.86165			6
2025.07.08	01:48:44.826		0.86164			4
2025.07.08	01:48:52.480		0.86165			4
2025.07.08	01:48:59.715	0.86166	0.86167			6
2025.07.08	01:49:00.020	0.86167	0.86168			6
2025.07.08	01:49:02.453	0.86165	0.86166			6
2025.07.08	01:49:25.016	0.86166	0.86167			6
2025.07.08	01:49:25.554	0.86162	0.86163			6
2025.07.08	01:49:27.671	0.86161				2
2025.07.08	01:49:30.100	0.86162				2
2025.07.08	01:49:38.758	0.86161				2
2025.07.08	01:49:39.273	0.86162	0.86165			6
2025.07.08	01:49:40.280		0.86164			4
2025.07.08	01:49:40.589		0.86163			4
2025.07.08	01:49:48.590		0.86164			4
2025.07.08	01:49:49.374		0.86163			4
2025.07.08	01:49:56.047	0.86165	0.86166			6
2025.07.08	01:49:57.237	0.86162	0.86164			6
2025.07.08	01:50:00.792	0.86162	0.86163			6
2025.07.08	01:50:09.282		0.86165			4
2025.07.08	01:50:11.921	0.86163				2
2025.07.08	01:50:14.570	0.86167	0.86168			6
2025.07.08	01:50:14.872	0.86168	0.86169			6
2025.07.08	01:50:16.864	0.86165	0.86166			6
2025.07.08	01:50:17.284	0.86167	0.86168			6
2025.07.08	01:50:24.452	0.86165	0.86166			6
2025.07.08	01:50:28.587	0.86163				2
2025.07.08	01:50:50.444	0.86167	0.86168			6
2025.07.08	01:50:56.763	0.86165	0.86166			6
2025.07.08	01:50:57.183	0.86167	0.86168			6
2025.07.08	01:50:59.234	0.86163	0.86166			6
2025.07.08	01:51:00.142	0.86163				2
2025.07.08	01:51:02.114	0.86165				2
2025.07.08	01:51:03.148	0.86163				2
2025.07.08	01:51:03.494	0.86165				2
2025.07.08	01:51:04.397	0.86163				2
2025.07.08	01:51:18.919		0.86164			4
2025.07.08	01:51:25.417	0.86165	0.86166			6
2025.07.08	01:51:26.462	0.86163	0.86165			6
2025.07.08	01:51:29.105		0.86164			4
2025.07.08	01:52:00.373	0.86163				2
2025.07.08	01:52:06.865	0.86165	0.86166			6
2025.07.08	01:52:10.595	0.86163	0.86164			6
2025.07.08	01:52:13.889	0.86165	0.86166			6
2025.07.08	01:52:21.783	0.86166	0.86167			6
2025.07.08	01:52:25.886	0.86168	0.86169			6
2025.07.08	01:52:26.504	0.86169	0.86170			6
2025.07.08	01:52:26.820	0.86168	0.86169			6
2025.07.08	01:52:31.404		0.86170			4
2025.07.08	01:52:36.355		0.86169			4
2025.07.08	01:52:37.241	0.86170	0.86171			6
2025.07.08	01:52:40.354	0.86168	0.86170			6
2025.07.08	01:52:50.017	0.86177	0.86178			6
2025.07.08	01:52:50.325	0.86175	0.86176			6
2025.07.08	01:52:51.176	0.86176	0.86177			6
2025.07.08	01:52:51.493	0.86175	0.86176			6
2025.07.08	01:52:52.818		0.86177			4
2025.07.08	01:52:53.337	0.86178	0.86179			6
2025.07.08	01:52:53.733	0.86176	0.86177			6
2025.07.08	01:52:58.702	0.86177	0.86178			6
2025.07.08	01:53:00.358	0.86178	0.86179			6
2025.07.08	01:53:01.422	0.86176	0.86177			6
2025.07.08	01:53:01.730	0.86178	0.86179			6
2025.07.08	01:53:10.615	0.86175	0.86176			6
2025.07.08	01:53:11.137	0.86173	0.86174			6
2025.07.08	01:53:11.452		0.86175			4
2025.07.08	01:53:17.254	0.86174				2
2025.07.08	01:53:21.349	0.86176	0.86177			6
2025.07.08	01:53:34.883	0.86178	0.86179			6
2025.07.08	01:53:37.877	0.86179	0.86180			6
2025.07.08	01:53:38.408	0.86180	0.86181			6
2025.07.08	01:53:40.549	0.86178	0.86179			6
2025.07.08	01:53:54.772	0.86177	0.86178			6
2025.07.08	01:53:58.894	0.86178	0.86179			6
2025.07.08	01:54:00.031	0.86178				2
2025.07.08	01:54:18.104	0.86181	0.86182			6
2025.07.08	01:54:18.418	0.86180	0.86181			6
2025.07.08	01:54:18.946	0.86179	0.86180			6
2025.07.08	01:54:20.102	0.86178	0.86179			6
2025.07.08	01:54:21.102	0.86180	0.86181			6
2025.07.08	01:54:29.839	0.86181	0.86182			6
2025.07.08	01:54:40.636	0.86180	0.86181			6
2025.07.08	01:54:41.583	0.86181	0.86182			6
2025.07.08	01:54:51.554	0.86180				2
2025.07.08	01:54:53.958		0.86181			4
2025.07.08	01:54:57.377	0.86179	0.86180			6
2025.07.08	01:54:57.691	0.86180	0.86181			6
2025.07.08	01:55:00.367	0.86180				2
2025.07.08	01:55:02.952	0.86179	0.86180			6
2025.07.08	01:55:06.695	0.86180	0.86181			6
2025.07.08	01:55:07.158	0.86179	0.86180			6
2025.07.08	01:55:11.504	0.86178	0.86179			6
2025.07.08	01:55:23.275	0.86176	0.86177			6
2025.07.08	01:55:23.641	0.86175	0.86176			6
2025.07.08	01:55:30.387	0.86176	0.86177			6
2025.07.08	01:55:44.906	0.86174				2
2025.07.08	01:55:45.651	0.86175				2
2025.07.08	01:55:47.241		0.86176			4
2025.07.08	01:56:01.765	0.86175				2
2025.07.08	01:56:05.693	0.86178	0.86179			6
2025.07.08	01:56:18.368	0.86177	0.86180			6
2025.07.08	01:56:19.185		0.86179			4
2025.07.08	01:56:20.309		0.86178			4
2025.07.08	01:56:25.677	0.86178	0.86179			6
2025.07.08	01:56:56.587		0.86181			4
2025.07.08	01:56:58.206		0.86180			4
2025.07.08	01:57:00.317	0.86178				2
2025.07.08	01:57:04.911	0.86180	0.86181			6
2025.07.08	01:57:05.237	0.86178	0.86180			6
2025.07.08	01:57:11.179	0.86180	0.86181			6
2025.07.08	01:57:14.116	0.86181	0.86183			6
2025.07.08	01:57:15.355	0.86182				2
2025.07.08	01:57:17.201		0.86185			4
2025.07.08	01:57:41.456	0.86184				2
2025.07.08	01:58:00.458	0.86184				2
2025.07.08	01:58:02.119	0.86183	0.86184			6
2025.07.08	01:58:12.090	0.86184	0.86186			6
2025.07.08	01:58:13.263	0.86185				2
2025.07.08	01:58:13.580	0.86183				2
2025.07.08	01:58:16.283	0.86185				2
2025.07.08	01:58:16.631	0.86183				2
2025.07.08	01:58:18.430	0.86185				2
2025.07.08	01:58:19.686	0.86183	0.86185			6
2025.07.08	01:58:20.778	0.86185	0.86186			6
2025.07.08	01:58:21.114	0.86183	0.86185			6
2025.07.08	01:58:23.178	0.86185	0.86186			6
2025.07.08	01:58:28.781	0.86183	0.86184			6
2025.07.08	01:58:41.064	0.86181	0.86182			6
2025.07.08	01:58:41.380	0.86179	0.86180			6
2025.07.08	01:58:42.068		0.86181			4
2025.07.08	01:58:43.743		0.86180			4
2025.07.08	01:58:45.834	0.86181	0.86182			6
2025.07.08	01:58:48.678	0.86179	0.86180			6
2025.07.08	01:59:00.077	0.86179				2
2025.07.08	01:59:00.698	0.86178	0.86179			6
2025.07.08	01:59:28.457	0.86176	0.86177			6
2025.07.08	01:59:30.349	0.86177	0.86178			6
2025.07.08	01:59:47.651	0.86178	0.86179			6
2025.07.08	01:59:54.354	0.86177	0.86178			6
2025.07.08	02:00:00.316	0.86177				2
2025.07.08	02:00:04.270	0.86175	0.86177			6
2025.07.08	02:00:12.039	0.86177	0.86178			6
2025.07.08	02:00:12.432		0.86179			4
2025.07.08	02:00:14.389	0.86175	0.86177			6
2025.07.08	02:00:14.818		0.86176			4
2025.07.08	02:00:16.737	0.86174	0.86175			6
2025.07.08	02:00:36.098	0.86175	0.86176			6
2025.07.08	02:00:41.632	0.86174				2
2025.07.08	02:00:42.309	0.86173				2
2025.07.08	02:00:51.878	0.86172	0.86173			6
2025.07.08	02:00:56.728	0.86169	0.86170			6
2025.07.08	02:00:59.159	0.86170	0.86171			6
2025.07.08	02:01:00.556	0.86170	0.86172			6
2025.07.08	02:01:01.671	0.86169	0.86171			6
2025.07.08	02:01:02.647	0.86170				2
2025.07.08	02:01:03.332		0.86172			4
2025.07.08	02:01:11.457	0.86169				2
2025.07.08	02:01:17.820		0.86171			4
2025.07.08	02:01:18.245		0.86172			4
2025.07.08	02:01:18.858	0.86170				2
2025.07.08	02:01:24.056	0.86169				2
2025.07.08	02:01:30.593	0.86172	0.86174			6
2025.07.08	02:01:34.258	0.86170	0.86172			6
2025.07.08	02:01:35.949	0.86172	0.86173			6
2025.07.08	02:01:39.853	0.86170	0.86171			6
2025.07.08	02:01:44.700	0.86169				2
2025.07.08	02:01:53.453	0.86170				2
2025.07.08	02:02:00.387	0.86170				2
2025.07.08	02:02:04.931	0.86169				2
2025.07.08	02:02:12.615	0.86167	0.86170			6
2025.07.08	02:02:13.659		0.86169			4
2025.07.08	02:02:19.817		0.86170			4
2025.07.08	02:02:20.120	0.86170	0.86173			6
2025.07.08	02:02:20.436	0.86171				2
2025.07.08	02:02:20.754	0.86173	0.86175			6
2025.07.08	02:02:21.064		0.86176			4
2025.07.08	02:02:21.514	0.86172	0.86174			6
2025.07.08	02:02:23.885		0.86173			4
2025.07.08	02:02:25.794	0.86171				2
2025.07.08	02:02:30.051	0.86170	0.86174			6
2025.07.08	02:02:30.376		0.86173			4
2025.07.08	02:02:31.283	0.86171				2
2025.07.08	02:02:32.798	0.86172	0.86174			6
2025.07.08	02:02:33.402	0.86173				2
2025.07.08	02:02:34.009		0.86175			4
2025.07.08	02:02:36.271	0.86172	0.86174			6
2025.07.08	02:02:36.769	0.86173	0.86175			6
2025.07.08	02:02:37.081		0.86176			4
2025.07.08	02:02:47.339	0.86175	0.86177			6
2025.07.08	02:02:51.469	0.86174				2
2025.07.08	02:02:52.571	0.86175				2
2025.07.08	02:02:54.192	0.86174				2
2025.07.08	02:03:00.676	0.86174				2
2025.07.08	02:03:01.586	0.86175				2
2025.07.08	02:03:20.019	0.86174				2
2025.07.08	02:03:20.378	0.86175	0.86176			6
2025.07.08	02:03:20.681	0.86174				2
2025.07.08	02:03:23.002	0.86175	0.86177			6
2025.07.08	02:03:23.898		0.86178			4
2025.07.08	02:03:28.162	0.86176				2
2025.07.08	02:03:31.522	0.86177	0.86179			6
2025.07.08	02:03:33.263	0.86175	0.86177			6
2025.07.08	02:03:33.584	0.86173	0.86175			6
2025.07.08	02:03:42.768	0.86174				2
2025.07.08	02:03:43.098	0.86173				2
2025.07.08	02:03:47.443		0.86176			4
2025.07.08	02:03:49.547	0.86174				2
2025.07.08	02:03:56.585	0.86173				2
2025.07.08	02:03:56.896	0.86174				2
2025.07.08	02:04:01.068	0.86174				2
2025.07.08	02:04:01.724	0.86173	0.86175			6
2025.07.08	02:04:09.686	0.86171	0.86174			6
2025.07.08	02:04:10.384		0.86173			4
2025.07.08	02:04:13.430		0.86172			4
2025.07.08	02:04:13.759		0.86173			4
2025.07.08	02:04:14.390	0.86169	0.86171			6
2025.07.08	02:04:22.108	0.86172	0.86174			6
2025.07.08	02:04:24.252		0.86175			4
2025.07.08	02:04:26.525		0.86174			4
2025.07.08	02:04:28.384	0.86169				2
2025.07.08	02:04:29.325	0.86170	0.86173			6
2025.07.08	02:04:30.231		0.86172			4
2025.07.08	02:04:31.139	0.86171				2
2025.07.08	02:04:32.050	0.86172	0.86174			6
2025.07.08	02:04:34.079	0.86173	0.86175			6
2025.07.08	02:04:34.887	0.86168	0.86170			6
2025.07.08	02:04:38.938	0.86167	0.86169			6
2025.07.08	02:04:41.978	0.86169	0.86170			6
2025.07.08	02:04:45.707	0.86168	0.86169			6
2025.07.08	02:04:47.045	0.86167				2
2025.07.08	02:04:47.363	0.86168	0.86170			6
2025.07.08	02:04:49.207	0.86167				2
2025.07.08	02:04:49.794	0.86168				2
2025.07.08	02:04:50.427	0.86167				2
2025.07.08	02:04:51.886	0.86168				2
2025.07.08	02:04:53.243	0.86170	0.86171			6
2025.07.08	02:04:53.763	0.86171	0.86172			6
2025.07.08	02:04:58.388	0.86168	0.86170			6
2025.07.08	02:05:00.361	0.86168				2
2025.07.08	02:05:01.407		0.86169			4
2025.07.08	02:05:01.758	0.86167				2
2025.07.08	02:05:04.050	0.86172	0.86174			6
2025.07.08	02:05:06.218	0.86173	0.86175			6
2025.07.08	02:05:08.269	0.86172	0.86174			6
2025.07.08	02:05:08.581		0.86175			4
2025.07.08	02:05:08.901	0.86173				2
2025.07.08	02:05:10.271	0.86172	0.86173			6
2025.07.08	02:05:11.019	0.86171				2
2025.07.08	02:05:14.995	0.86172	0.86174			6
2025.07.08	02:05:17.528	0.86173				2
2025.07.08	02:05:18.322	0.86172				2
2025.07.08	02:05:19.425		0.86173			4
2025.07.08	02:05:26.418	0.86171				2
2025.07.08	02:05:27.099	0.86172				2
2025.07.08	02:05:32.774		0.86174			4
2025.07.08	02:05:33.987	0.86173				2
2025.07.08	02:05:36.672	0.86172				2
2025.07.08	02:05:41.905		0.86173			4
2025.07.08	02:05:45.330	0.86171	0.86172			6
2025.07.08	02:05:46.345	0.86169	0.86171			6
2025.07.08	02:05:46.744		0.86170			4
2025.07.08	02:05:49.102	0.86167	0.86168			6
2025.07.08	02:05:53.569		0.86169			4
2025.07.08	02:05:57.696	0.86169	0.86171			6
2025.07.08	02:06:00.664	0.86169				2
2025.07.08	02:06:01.818	0.86171	0.86172			6
2025.07.08	02:06:02.121		0.86173			4
2025.07.08	02:06:04.400	0.86170	0.86171			6
2025.07.08	02:06:04.735	0.86171	0.86172			6
2025.07.08	02:06:05.040	0.86170				2
2025.07.08	02:06:05.930	0.86171	0.86173			6
2025.07.08	02:06:06.255	0.86170	0.86172			6
2025.07.08	02:06:07.377		0.86173			4
2025.07.08	02:06:07.680		0.86172			4
2025.07.08	02:06:08.387	0.86171	0.86173			6
2025.07.08	02:06:09.257	0.86170				2
2025.07.08	02:06:11.840		0.86172			4
2025.07.08	02:06:14.978	0.86171	0.86173			6
2025.07.08	02:06:16.025	0.86170				2
2025.07.08	02:06:16.578	0.86171				2
2025.07.08	02:06:16.928	0.86170				2
2025.07.08	02:06:20.072		0.86172			4
2025.07.08	02:06:21.754	0.86171				2
2025.07.08	02:06:22.372		0.86173			4
2025.07.08	02:06:22.682	0.86170				2
2025.07.08	02:06:23.047		0.86172			4
2025.07.08	02:06:38.820	0.86169	0.86171			6
2025.07.08	02:06:39.972	0.86170	0.86172			6
2025.07.08	02:06:41.317	0.86169				2
2025.07.08	02:06:44.628	0.86170				2
2025.07.08	02:06:45.877	0.86169				2
2025.07.08	02:06:47.008	0.86170				2
2025.07.08	02:06:47.576	0.86169	0.86171			6
2025.07.08	02:06:51.584		0.86172			4
2025.07.08	02:06:54.217	0.86170				2
2025.07.08	02:07:00.634	0.86170				2
2025.07.08	02:07:04.656	0.86171	0.86173			6
2025.07.08	02:07:05.407	0.86170				2
2025.07.08	02:07:05.738	0.86171				2
2025.07.08	02:07:06.136	0.86170				2
2025.07.08	02:07:06.458	0.86171				2
2025.07.08	02:07:07.760	0.86170				2
2025.07.08	02:07:08.255	0.86171				2
2025.07.08	02:07:09.724	0.86170				2
2025.07.08	02:07:12.377	0.86171				2
2025.07.08	02:07:13.172	0.86170				2
2025.07.08	02:07:15.619	0.86172				2
2025.07.08	02:07:16.006	0.86173	0.86174			6
2025.07.08	02:07:21.693	0.86174	0.86176			6
2025.07.08	02:07:24.819		0.86175			4
2025.07.08	02:07:25.357	0.86173				2
2025.07.08	02:07:33.072		0.86174			4
2025.07.08	02:07:36.885	0.86174	0.86176			6
2025.07.08	02:07:37.201	0.86173	0.86175			6
2025.07.08	02:07:38.879		0.86174			4
2025.07.08	02:07:47.541	0.86172				2
2025.07.08	02:07:48.408	0.86173				2
2025.07.08	02:07:52.793	0.86174	0.86176			6
2025.07.08	02:07:55.167		0.86175			4
2025.07.08	02:07:59.056	0.86175	0.86176			6
2025.07.08	02:08:00.533	0.86175	0.86177			6
2025.07.08	02:08:01.308	0.86173	0.86174			6
2025.07.08	02:08:01.625	0.86174	0.86176			6
2025.07.08	02:08:02.299		0.86175			4
2025.07.08	02:08:06.511	0.86175	0.86176			6
2025.07.08	02:08:19.458	0.86174				2
2025.07.08	02:08:20.751	0.86175				2
2025.07.08	02:08:21.465	0.86174				2
2025.07.08	02:08:26.861	0.86175				2
2025.07.08	02:08:33.538	0.86174				2
2025.07.08	02:08:36.489	0.86175	0.86177			6
2025.07.08	02:08:37.192	0.86174	0.86176			6
2025.07.08	02:08:42.543	0.86175	0.86177			6
2025.07.08	02:08:42.850		0.86176			4
2025.07.08	02:08:52.601	0.86176	0.86177			6
2025.07.08	02:08:58.366		0.86178			4
2025.07.08	02:08:58.715		0.86177			4
2025.07.08	02:09:00.552	0.86176				2
2025.07.08	02:09:02.470	0.86177	0.86178			6
2025.07.08	02:09:06.426	0.86175	0.86176			6
2025.07.08	02:09:11.950	0.86176	0.86177			6
2025.07.08	02:09:12.697		0.86178			4
2025.07.08	02:09:13.000		0.86177			4
2025.07.08	02:09:25.678		0.86178			4
2025.07.08	02:09:26.726		0.86177			4
2025.07.08	02:09:35.940	0.86178	0.86179			6
2025.07.08	02:09:44.178	0.86176	0.86177			6
2025.07.08	02:09:44.479	0.86177	0.86178			6
2025.07.08	02:09:50.688	0.86178	0.86179			6
2025.07.08	02:09:51.666	0.86176	0.86177			6
2025.07.08	02:09:52.785	0.86177	0.86178			6
2025.07.08	02:09:58.452	0.86178	0.86179			6
2025.07.08	02:10:00.598	0.86179	0.86180			6
2025.07.08	02:10:02.329	0.86178	0.86179			6
2025.07.08	02:10:11.769	0.86179	0.86180			6
2025.07.08	02:10:16.026	0.86178	0.86179			6
2025.07.08	02:10:26.203	0.86176	0.86177			6
2025.07.08	02:10:26.510	0.86177	0.86178			6
2025.07.08	02:10:38.659	0.86178	0.86179			6
2025.07.08	02:10:50.439	0.86179	0.86180			6
2025.07.08	02:10:50.764	0.86178	0.86179			6
2025.07.08	02:10:58.670	0.86181	0.86182			6
2025.07.08	02:11:00.227	0.86181				2
2025.07.08	02:11:08.795	0.86180	0.86181			6
2025.07.08	02:11:09.827	0.86181	0.86182			6
2025.07.08	02:11:17.057	0.86182	0.86183			6
2025.07.08	02:11:17.425	0.86181	0.86182			6
2025.07.08	02:11:22.760	0.86182	0.86183			6
2025.07.08	02:11:23.324	0.86183	0.86184			6
2025.07.08	02:11:24.435	0.86182	0.86183			6
2025.07.08	02:11:25.010	0.86183	0.86184			6
2025.07.08	02:11:29.134	0.86182				2
2025.07.08	02:11:30.544	0.86181				2
2025.07.08	02:11:30.874	0.86182	0.86183			6
2025.07.08	02:11:31.241		0.86184			4
2025.07.08	02:11:41.561	0.86184	0.86185			6
2025.07.08	02:11:44.534	0.86182	0.86184			6
2025.07.08	02:11:46.855	0.86183				2
2025.07.08	02:11:47.793	0.86182				2
2025.07.08	02:11:48.177		0.86183			4
2025.07.08	02:11:51.638	0.86183	0.86185			6
2025.07.08	02:11:52.728		0.86184			4
2025.07.08	02:12:00.393	0.86183				2
2025.07.08	02:12:00.707	0.86182				2
2025.07.08	02:12:01.206	0.86183				2
2025.07.08	02:12:04.419	0.86182				2
2025.07.08	02:12:18.283	0.86183				2
2025.07.08	02:12:39.370	0.86182	0.86183			6
2025.07.08	02:12:40.715	0.86183	0.86184			6
2025.07.08	02:12:55.003	0.86184	0.86185			6
2025.07.08	02:12:55.371	0.86183	0.86184			6
2025.07.08	02:13:00.016	0.86183				2
2025.07.08	02:13:07.298	0.86184	0.86185			6
2025.07.08	02:13:25.883	0.86183				2
2025.07.08	02:13:31.477		0.86184			4
2025.07.08	02:13:32.085	0.86184	0.86185			6
2025.07.08	02:13:34.551	0.86183	0.86184			6
2025.07.08	02:13:46.174	0.86182	0.86183			6
2025.07.08	02:13:46.639	0.86181	0.86182			6
2025.07.08	02:13:51.717	0.86179	0.86180			6
2025.07.08	02:14:00.352	0.86178	0.86179			6
2025.07.08	02:14:01.030	0.86177				2
2025.07.08	02:14:01.342	0.86179	0.86180			6
2025.07.08	02:14:12.940	0.86177	0.86178			6
2025.07.08	02:14:13.542	0.86176	0.86177			6
2025.07.08	02:14:16.245	0.86178	0.86180			6
2025.07.08	02:14:16.560		0.86179			4
2025.07.08	02:14:17.940	0.86182	0.86183			6
2025.07.08	02:14:19.927	0.86181				2
2025.07.08	02:14:20.327	0.86180	0.86181			6
2025.07.08	02:15:00.633	0.86180				2
2025.07.08	02:15:09.455	0.86181	0.86182			6
2025.07.08	02:15:11.102	0.86180	0.86181			6
2025.07.08	02:15:11.543	0.86181	0.86182			6
2025.07.08	02:15:14.596	0.86186	0.86187			6
2025.07.08	02:15:15.980	0.86185	0.86186			6
2025.07.08	02:15:20.161	0.86183	0.86184			6
2025.07.08	02:15:21.313	0.86182	0.86183			6
2025.07.08	02:15:22.116	0.86181	0.86182			6
2025.07.08	02:15:23.658	0.86180				2
2025.07.08	02:15:24.517	0.86183	0.86184			6
2025.07.08	02:15:24.822	0.86185	0.86186			6
2025.07.08	02:15:25.517	0.86184	0.86185			6
2025.07.08	02:15:26.717	0.86185	0.86186			6
2025.07.08	02:15:29.825	0.86184	0.86185			6
2025.07.08	02:15:32.160	0.86185	0.86186			6
2025.07.08	02:15:33.162	0.86184	0.86185			6
2025.07.08	02:15:34.908	0.86185	0.86186			6
2025.07.08	02:15:38.362	0.86184	0.86185			6
2025.07.08	02:15:41.909	0.86183	0.86184			6
2025.07.08	02:15:42.637		0.86185			4
2025.07.08	02:15:48.211	0.86184				2
2025.07.08	02:15:55.115		0.86186			4
2025.07.08	02:15:55.433	0.86185	0.86187			6
2025.07.08	02:15:57.540	0.86186				2
2025.07.08	02:16:00.350	0.86186				2
2025.07.08	02:16:00.976	0.86187	0.86188			6
2025.07.08	02:16:03.748	0.86188	0.86190			6
2025.07.08	02:16:05.279	0.86190	0.86191			6
2025.07.08	02:16:05.949	0.86189	0.86190			6
2025.07.08	02:16:15.375	0.86190	0.86191			6
2025.07.08	02:16:26.926	0.86189	0.86190			6
2025.07.08	02:16:33.045	0.86187	0.86188			6
2025.07.08	02:16:33.353	0.86188	0.86189			6
2025.07.08	02:16:33.682	0.86187	0.86188			6
2025.07.08	02:16:42.413	0.86188	0.86189			6
2025.07.08	02:16:44.375	0.86187	0.86188			6
2025.07.08	02:16:44.678	0.86188	0.86189			6
2025.07.08	02:17:00.477	0.86188				2
2025.07.08	02:17:10.314	0.86187	0.86188			6
2025.07.08	02:17:11.466	0.86186	0.86187			6
2025.07.08	02:17:14.041	0.86183	0.86184			6
2025.07.08	02:17:18.480	0.86182	0.86183			6
2025.07.08	02:17:27.796	0.86181	0.86182			6
2025.07.08	02:17:28.922	0.86180	0.86181			6
2025.07.08	02:17:30.291	0.86181	0.86182			6
2025.07.08	02:17:30.628	0.86178	0.86179			6
2025.07.08	02:17:32.955	0.86179	0.86180			6
2025.07.08	02:17:41.449	0.86180	0.86181			6
2025.07.08	02:17:42.773	0.86181	0.86182			6
2025.07.08	02:17:43.748	0.86180				2
2025.07.08	02:17:50.314		0.86181			4
2025.07.08	02:17:50.931	0.86178				2
2025.07.08	02:17:51.908	0.86180				2
2025.07.08	02:17:54.439	0.86179				2
2025.07.08	02:17:54.741	0.86180				2
2025.07.08	02:18:01.226	0.86177	0.86179			6
2025.07.08	02:18:01.582	0.86178	0.86181			6
2025.07.08	02:18:02.626	0.86179				2
2025.07.08	02:18:03.028	0.86180				2
2025.07.08	02:18:06.123	0.86178	0.86179			6
2025.07.08	02:18:17.672	0.86177	0.86178			6
2025.07.08	02:18:28.267	0.86178	0.86179			6
2025.07.08	02:18:29.026	0.86177	0.86178			6
2025.07.08	02:18:29.397	0.86178	0.86179			6
2025.07.08	02:18:33.733	0.86177	0.86178			6
2025.07.08	02:18:34.527	0.86178	0.86179			6
2025.07.08	02:18:34.836	0.86177	0.86178			6
2025.07.08	02:18:35.519	0.86176	0.86177			6
2025.07.08	02:18:39.953	0.86177	0.86178			6
2025.07.08	02:18:42.424	0.86176	0.86177			6
2025.07.08	02:18:42.962	0.86177	0.86178			6
2025.07.08	02:18:48.813	0.86176	0.86177			6
2025.07.08	02:18:54.985	0.86178	0.86179			6
2025.07.08	02:19:00.805	0.86178				2
2025.07.08	02:19:08.219		0.86180			4
2025.07.08	02:19:08.541	0.86176	0.86177			6
2025.07.08	02:19:09.520	0.86175	0.86176			6
2025.07.08	02:19:10.681	0.86176	0.86177			6
2025.07.08	02:19:14.385	0.86174	0.86175			6
2025.07.08	02:19:15.080	0.86173	0.86174			6
2025.07.08	02:19:20.984	0.86174	0.86175			6
2025.07.08	02:19:21.410	0.86173	0.86174			6
2025.07.08	02:19:21.725	0.86174	0.86175			6
2025.07.08	02:19:23.153	0.86173	0.86174			6
2025.07.08	02:19:23.976	0.86174	0.86175			6
2025.07.08	02:19:25.059	0.86173	0.86174			6
2025.07.08	02:19:27.159	0.86175	0.86176			6
2025.07.08	02:19:27.479	0.86176	0.86177			6
2025.07.08	02:19:31.152	0.86177	0.86178			6
2025.07.08	02:19:31.458	0.86178	0.86179			6
2025.07.08	02:19:31.776	0.86176	0.86178			6
2025.07.08	02:19:32.190	0.86177				2
2025.07.08	02:19:48.150	0.86178	0.86179			6
2025.07.08	02:19:48.967	0.86177	0.86178			6
2025.07.08	02:19:50.759	0.86176	0.86177			6
2025.07.08	02:19:51.061	0.86175	0.86176			6
2025.07.08	02:19:53.212	0.86176	0.86177			6
2025.07.08	02:19:56.021	0.86177	0.86178			6
2025.07.08	02:20:00.276	0.86177				2
2025.07.08	02:20:04.624	0.86176	0.86177			6
2025.07.08	02:20:13.279	0.86174	0.86175			6
2025.07.08	02:20:15.099	0.86176	0.86177			6
2025.07.08	02:20:27.383	0.86175	0.86176			6
2025.07.08	02:20:28.658	0.86176	0.86177			6
2025.07.08	02:20:33.721	0.86177	0.86178			6
2025.07.08	02:20:34.073	0.86176	0.86177			6
2025.07.08	02:20:34.761	0.86177	0.86178			6
2025.07.08	02:20:35.067	0.86176	0.86177			6
2025.07.08	02:20:35.448	0.86177	0.86178			6
2025.07.08	02:20:41.356	0.86176	0.86177			6
2025.07.08	02:20:43.013	0.86177	0.86178			6
2025.07.08	02:20:43.989	0.86175	0.86176			6
2025.07.08	02:20:51.385	0.86176	0.86177			6
2025.07.08	02:20:53.268	0.86175	0.86176			6
2025.07.08	02:20:54.521	0.86173	0.86174			6
2025.07.08	02:21:00.375	0.86174	0.86175			6
2025.07.08	02:21:03.474	0.86173	0.86174			6
2025.07.08	02:21:05.677	0.86175	0.86176			6
2025.07.08	02:21:05.981	0.86172	0.86173			6
2025.07.08	02:21:07.327	0.86171	0.86172			6
2025.07.08	02:21:08.400	0.86170	0.86171			6
2025.07.08	02:21:21.762	0.86171	0.86173			6
2025.07.08	02:21:23.779	0.86172				2
2025.07.08	02:21:37.827	0.86171	0.86172			6
2025.07.08	02:21:38.197	0.86172	0.86173			6
2025.07.08	02:21:42.350	0.86173	0.86174			6
2025.07.08	02:21:42.654	0.86172	0.86173			6
2025.07.08	02:21:45.030	0.86171				2
2025.07.08	02:21:45.956	0.86172				2
2025.07.08	02:21:46.727	0.86173	0.86174			6
2025.07.08	02:21:47.955	0.86172	0.86173			6
2025.07.08	02:21:48.262	0.86171	0.86174			6
2025.07.08	02:21:52.094	0.86172				2
2025.07.08	02:21:52.414	0.86171				2
2025.07.08	02:21:56.942	0.86172				2
2025.07.08	02:21:57.825	0.86179	0.86180			6
2025.07.08	02:21:58.895	0.86178	0.86179			6
2025.07.08	02:21:59.467	0.86179	0.86180			6
2025.07.08	02:22:00.374	0.86179				2
2025.07.08	02:22:05.634	0.86177	0.86178			6
2025.07.08	02:22:06.355	0.86176	0.86177			6
2025.07.08	02:22:07.467	0.86177	0.86178			6
2025.07.08	02:22:15.020	0.86176	0.86177			6
2025.07.08	02:22:18.639	0.86177	0.86178			6
2025.07.08	02:22:18.980	0.86174	0.86175			6
2025.07.08	02:22:21.379	0.86173	0.86174			6
2025.07.08	02:22:30.958	0.86172				2
2025.07.08	02:22:33.811	0.86173				2
2025.07.08	02:22:49.472		0.86175			4
2025.07.08	02:22:51.527	0.86172				2
2025.07.08	02:22:52.824	0.86173				2
2025.07.08	02:22:53.638	0.86172				2
2025.07.08	02:22:54.214	0.86173				2
2025.07.08	02:23:00.226	0.86173				2
2025.07.08	02:23:01.272	0.86172				2
2025.07.08	02:23:02.385	0.86174				2
2025.07.08	02:23:02.688	0.86177	0.86178			6
2025.07.08	02:23:02.998	0.86178	0.86179			6
2025.07.08	02:23:04.348	0.86177				2
2025.07.08	02:23:14.494		0.86178			4
2025.07.08	02:23:16.931	0.86178	0.86179			6
2025.07.08	02:23:18.753	0.86176	0.86177			6
2025.07.08	02:23:19.373	0.86175	0.86176			6
2025.07.08	02:23:19.714		0.86177			4
2025.07.08	02:23:22.478		0.86176			4
2025.07.08	02:23:28.376		0.86177			4
2025.07.08	02:23:33.126	0.86174	0.86175			6
2025.07.08	02:23:41.601	0.86173	0.86174			6
2025.07.08	02:23:42.463	0.86174	0.86175			6
2025.07.08	02:23:43.429	0.86173	0.86174			6
2025.07.08	02:23:44.314	0.86174	0.86175			6
2025.07.08	02:23:50.728	0.86175	0.86176			6
2025.07.08	02:24:00.756	0.86175				2
2025.07.08	02:24:01.493		0.86177			4
2025.07.08	02:24:01.824		0.86176			4
2025.07.08	02:24:02.651	0.86174	0.86175			6
2025.07.08	02:24:06.857	0.86173				2
2025.07.08	02:24:07.243	0.86174				2
2025.07.08	02:24:17.418	0.86176	0.86177			6
2025.07.08	02:24:18.393	0.86175	0.86176			6
2025.07.08	02:24:23.881	0.86176	0.86177			6
2025.07.08	02:24:49.988	0.86175	0.86176			6
2025.07.08	02:25:00.406	0.86175				2
2025.07.08	02:25:04.707	0.86174				2
2025.07.08	02:25:10.411	0.86175				2
2025.07.08	02:25:12.006	0.86174				2
2025.07.08	02:25:12.642	0.86175	0.86177			6
2025.07.08	02:25:24.542		0.86176			4
2025.07.08	02:25:25.182	0.86174				2
2025.07.08	02:25:25.729	0.86175	0.86177			6
2025.07.08	02:25:29.190	0.86176	0.86178			6
2025.07.08	02:25:29.928		0.86179			4
2025.07.08	02:25:30.680	0.86177				2
2025.07.08	02:25:31.551	0.86178				2
2025.07.08	02:25:32.071	0.86177				2
2025.07.08	02:25:55.365		0.86178			4
2025.07.08	02:25:56.968	0.86176				2
2025.07.08	02:25:57.625	0.86175				2
2025.07.08	02:25:59.176		0.86177			4
2025.07.08	02:26:00.311	0.86175	0.86178			6
2025.07.08	02:26:01.329	0.86176				2
2025.07.08	02:26:01.666	0.86175				2
2025.07.08	02:26:03.592		0.86177			4
2025.07.08	02:26:05.505	0.86174				2
2025.07.08	02:26:09.644	0.86175				2
2025.07.08	02:26:10.478	0.86174				2
2025.07.08	02:26:11.328	0.86178	0.86180			6
2025.07.08	02:26:12.706	0.86177				2
2025.07.08	02:26:24.343	0.86178				2
2025.07.08	02:26:53.897		0.86181			4
2025.07.08	02:27:02.342	0.86178				2
2025.07.08	02:27:04.871		0.86180			4
2025.07.08	02:27:08.360		0.86181			4
2025.07.08	02:27:11.512		0.86180			4
2025.07.08	02:27:19.789	0.86176	0.86178			6
2025.07.08	02:27:29.863	0.86177	0.86179			6
2025.07.08	02:27:31.564	0.86178				2
2025.07.08	02:27:35.391	0.86177				2
2025.07.08	02:27:39.219	0.86172	0.86175			6
2025.07.08	02:27:39.760	0.86173	0.86176			6
2025.07.08	02:27:56.417	0.86174				2
2025.07.08	02:28:00.116	0.86173	0.86175			6
2025.07.08	02:28:01.241		0.86176			4
2025.07.08	02:28:02.488	0.86174	0.86177			6
2025.07.08	02:28:02.811		0.86178			4
2025.07.08	02:28:08.926	0.86172	0.86175			6
2025.07.08	02:28:11.304	0.86171				2
2025.07.08	02:28:11.662	0.86172				2
2025.07.08	02:28:12.392	0.86173	0.86176			6
2025.07.08	02:28:24.341		0.86175			4
2025.07.08	02:28:24.669		0.86177			4
2025.07.08	02:28:28.823	0.86172				2
2025.07.08	02:28:30.184	0.86174	0.86178			6
2025.07.08	02:28:30.536	0.86173				2
2025.07.08	02:28:30.844		0.86177			4
2025.07.08	02:28:31.161		0.86178			4
2025.07.08	02:28:48.564	0.86174				2
2025.07.08	02:28:48.870	0.86173				2
2025.07.08	02:28:49.790	0.86172	0.86177			6
2025.07.08	02:28:50.100	0.86173				2
2025.07.08	02:28:53.002		0.86176			4
2025.07.08	02:28:53.373		0.86177			4
2025.07.08	02:28:56.068		0.86176			4
2025.07.08	02:28:58.193		0.86177			4
2025.07.08	02:29:00.598	0.86173				2
2025.07.08	02:29:02.658	0.86171	0.86175			6
2025.07.08	02:29:10.204	0.86172				2
2025.07.08	02:29:12.581		0.86178			4
2025.07.08	02:29:14.846	0.86173	0.86177			6
2025.07.08	02:29:15.172	0.86172	0.86179			6
2025.07.08	02:29:15.490	0.86173	0.86177			6
2025.07.08	02:29:17.511	0.86174	0.86178			6
2025.07.08	02:29:19.913	0.86172	0.86175			6
2025.07.08	02:29:20.760		0.86176			4
2025.07.08	02:29:22.535	0.86173				2
2025.07.08	02:29:22.850		0.86177			4
2025.07.08	02:29:38.357		0.86178			4
2025.07.08	02:29:38.673	0.86174	0.86177			6
2025.07.08	02:29:44.395	0.86173				2
2025.07.08	02:29:46.608		0.86176			4
2025.07.08	02:30:00.289	0.86173				2
2025.07.08	02:30:01.880		0.86177			4
2025.07.08	02:30:02.422	0.86174				2
2025.07.08	02:30:05.324	0.86173	0.86178			6
2025.07.08	02:30:07.060	0.86172	0.86177			6
2025.07.08	02:30:09.203	0.86173				2
2025.07.08	02:30:13.551	0.86172				2
2025.07.08	02:30:14.805	0.86173				2
2025.07.08	02:30:19.375		0.86175			4
2025.07.08	02:30:19.681		0.86176			4
2025.07.08	02:30:20.356	0.86174				2
2025.07.08	02:30:24.162	0.86173	0.86175			6
2025.07.08	02:30:24.978	0.86174				2
2025.07.08	02:30:34.347	0.86173				2
2025.07.08	02:30:38.429		0.86174			4
2025.07.08	02:30:42.569	0.86172	0.86173			6
2025.07.08	02:30:55.388	0.86173	0.86174			6
2025.07.08	02:30:56.183		0.86176			4
2025.07.08	02:30:56.808	0.86174				2
2025.07.08	02:31:00.378	0.86174				2
2025.07.08	02:31:00.727		0.86175			4
2025.07.08	02:31:04.076	0.86173	0.86174			6
2025.07.08	02:31:08.416	0.86172	0.86173			6
2025.07.08	02:31:15.665	0.86173	0.86174			6
2025.07.08	02:31:17.682	0.86172				2
2025.07.08	02:31:19.341	0.86173				2
2025.07.08	02:31:25.627		0.86175			4
2025.07.08	02:31:25.975	0.86174				2
2025.07.08	02:31:32.167		0.86177			4
2025.07.08	02:31:38.347	0.86173	0.86176			6
2025.07.08	02:31:46.712		0.86174			4
2025.07.08	02:31:48.573	0.86172				2
2025.07.08	02:32:00.463	0.86171				2
2025.07.08	02:32:10.978	0.86172				2
2025.07.08	02:32:13.511	0.86169	0.86171			6
2025.07.08	02:32:13.830	0.86171	0.86172			6
2025.07.08	02:32:15.473	0.86169	0.86170			6
2025.07.08	02:32:16.177		0.86171			4
2025.07.08	02:32:16.733	0.86171	0.86172			6
2025.07.08	02:32:17.325	0.86170	0.86171			6
2025.07.08	02:32:20.014	0.86168	0.86169			6
2025.07.08	02:32:20.322		0.86171			4
2025.07.08	02:32:20.633	0.86169				2
2025.07.08	02:32:21.290	0.86167	0.86168			6
2025.07.08	02:32:22.322	0.86166	0.86167			6
2025.07.08	02:32:23.156	0.86165				2
2025.07.08	02:32:24.317	0.86166				2
2025.07.08	02:32:32.493	0.86168	0.86169			6
2025.07.08	02:32:43.481	0.86166	0.86167			6
2025.07.08	02:32:44.024	0.86168	0.86169			6
2025.07.08	02:32:46.414	0.86167	0.86168			6
2025.07.08	02:33:00.430	0.86167				2
2025.07.08	02:33:05.314	0.86168	0.86169			6
2025.07.08	02:33:05.986	0.86166	0.86168			6
2025.07.08	02:33:09.879	0.86165				2
2025.07.08	02:33:11.925	0.86168	0.86170			6
2025.07.08	02:33:13.474	0.86170	0.86171			6
2025.07.08	02:33:19.090	0.86168	0.86169			6
2025.07.08	02:33:21.086	0.86167				2
2025.07.08	02:33:21.396	0.86168				2
2025.07.08	02:33:30.922		0.86171			4
2025.07.08	02:33:34.672	0.86169				2
2025.07.08	02:33:51.676	0.86168	0.86169			6
2025.07.08	02:34:01.377	0.86167	0.86168			6
2025.07.08	02:34:06.914	0.86166				2
2025.07.08	02:34:20.864	0.86168	0.86169			6
2025.07.08	02:34:24.627	0.86167	0.86168			6
2025.07.08	02:34:25.910	0.86168	0.86169			6
2025.07.08	02:34:31.822	0.86167	0.86168			6
2025.07.08	02:34:32.534	0.86168	0.86169			6
2025.07.08	02:34:38.990	0.86167	0.86168			6
2025.07.08	02:34:40.910	0.86166				2
2025.07.08	02:34:42.270	0.86167	0.86169			6
2025.07.08	02:34:42.890		0.86168			4
2025.07.08	02:34:48.618		0.86169			4
2025.07.08	02:34:49.361		0.86168			4
2025.07.08	02:34:56.669	0.86168	0.86169			6
2025.07.08	02:35:01.467	0.86167	0.86168			6
2025.07.08	02:35:03.070	0.86168	0.86169			6
2025.07.08	02:35:05.548	0.86167	0.86168			6
2025.07.08	02:35:19.774	0.86164	0.86166			6
2025.07.08	02:35:20.087	0.86165				2
2025.07.08	02:35:20.436	0.86164				2
2025.07.08	02:35:34.275	0.86165				2
2025.07.08	02:35:42.808	0.86164				2
2025.07.08	02:35:43.263		0.86165			4
2025.07.08	02:35:59.573		0.86166			4
2025.07.08	02:36:00.570	0.86164				2
2025.07.08	02:36:01.680	0.86165				2
2025.07.08	02:36:02.407	0.86166	0.86167			6
2025.07.08	02:36:09.289	0.86165				2
2025.07.08	02:36:19.174		0.86168			4
2025.07.08	02:36:25.760	0.86166				2
2025.07.08	02:36:30.016		0.86170			4
2025.07.08	02:36:32.558	0.86168				2
2025.07.08	02:36:33.254	0.86170	0.86171			6
2025.07.08	02:36:39.945	0.86169				2
2025.07.08	02:36:42.937		0.86170			4
2025.07.08	02:36:46.144	0.86170	0.86172			6
2025.07.08	02:36:50.328		0.86171			4
2025.07.08	02:36:56.601	0.86169	0.86170			6
2025.07.08	02:37:00.125	0.86169				2
2025.07.08	02:37:01.310	0.86168	0.86169			6
2025.07.08	02:37:09.915	0.86169	0.86170			6
2025.07.08	02:37:10.220		0.86172			4
2025.07.08	02:37:13.811	0.86170				2
2025.07.08	02:37:15.393	0.86174	0.86175			6
2025.07.08	02:37:15.776	0.86173	0.86174			6
2025.07.08	02:37:16.348	0.86172	0.86173			6
2025.07.08	02:37:32.624	0.86171				2
2025.07.08	02:37:33.018	0.86170	0.86172			6
2025.07.08	02:37:33.321		0.86171			4
2025.07.08	02:37:34.324	0.86169	0.86170			6
2025.07.08	02:37:38.698	0.86170	0.86171			6
2025.07.08	02:37:40.264	0.86169	0.86170			6
2025.07.08	02:37:42.841		0.86171			4
2025.07.08	02:37:43.255	0.86170				2
2025.07.08	02:37:59.148	0.86168	0.86169			6
2025.07.08	02:37:59.880		0.86170			4
2025.07.08	02:38:00.375	0.86168				2
2025.07.08	02:38:01.230	0.86169				2
2025.07.08	02:38:09.832	0.86170	0.86171			6
2025.07.08	02:38:14.398	0.86169				2
2025.07.08	02:38:15.376		0.86170			4
2025.07.08	02:38:46.915		0.86171			4
2025.07.08	02:38:54.082	0.86170				2
2025.07.08	02:39:00.508	0.86170				2
2025.07.08	02:39:01.678		0.86172			4
2025.07.08	02:39:08.917		0.86171			4
2025.07.08	02:39:09.572	0.86169				2
2025.07.08	02:39:17.408		0.86174			4
2025.07.08	02:39:17.991	0.86170				2
2025.07.08	02:39:19.270	0.86171	0.86173			6
2025.07.08	02:39:21.748	0.86173	0.86174			6
2025.07.08	02:39:28.408	0.86172	0.86173			6
2025.07.08	02:39:33.322	0.86173	0.86174			6
2025.07.08	02:39:45.244	0.86172	0.86175			6
2025.07.08	02:39:45.559	0.86173	0.86174			6
2025.07.08	02:40:00.882	0.86173				2
2025.07.08	02:40:03.985	0.86172	0.86173			6
2025.07.08	02:40:41.132	0.86173	0.86174			6
2025.07.08	02:40:43.853	0.86172	0.86173			6
2025.07.08	02:40:53.365	0.86170	0.86171			6
2025.07.08	02:41:00.573	0.86170	0.86172			6
2025.07.08	02:41:02.799	0.86171				2
2025.07.08	02:41:05.022	0.86170				2
2025.07.08	02:41:10.592		0.86171			4
2025.07.08	02:41:12.333	0.86168	0.86169			6
2025.07.08	02:41:32.457	0.86167	0.86168			6
2025.07.08	02:41:45.730	0.86168	0.86170			6
2025.07.08	02:42:00.722	0.86168				2
2025.07.08	02:42:01.281	0.86167	0.86171			6
2025.07.08	02:42:01.600	0.86168				2
2025.07.08	02:42:07.658	0.86173	0.86175			6
2025.07.08	02:42:12.783	0.86171	0.86172			6
2025.07.08	02:42:25.151	0.86173	0.86175			6
2025.07.08	02:42:34.922	0.86172				2
2025.07.08	02:42:37.361	0.86173				2
2025.07.08	02:43:00.327	0.86173				2
2025.07.08	02:43:26.043		0.86175			4
2025.07.08	02:44:00.410	0.86173				2
2025.07.08	02:44:07.318	0.86172				2
2025.07.08	02:44:08.302	0.86173				2
2025.07.08	02:44:20.014	0.86174	0.86176			6
2025.07.08	02:44:20.373		0.86177			4
2025.07.08	02:44:22.590		0.86176			4
2025.07.08	02:44:24.645	0.86173	0.86174			6
2025.07.08	02:44:45.622	0.86174	0.86176			6
2025.07.08	02:44:52.835	0.86177	0.86180			6
2025.07.08	02:44:54.317	0.86178				2
2025.07.08	02:44:54.686		0.86181			4
2025.07.08	02:44:55.000		0.86179			4
2025.07.08	02:44:59.235	0.86177	0.86178			6
2025.07.08	02:45:00.151	0.86177				2
2025.07.08	02:45:01.208	0.86176	0.86177			6
2025.07.08	02:45:07.794	0.86175				2
2025.07.08	02:45:15.977	0.86172	0.86173			6
2025.07.08	02:45:17.424	0.86173	0.86175			6
2025.07.08	02:45:34.772	0.86168	0.86171			6
2025.07.08	02:45:35.159	0.86167	0.86170			6
2025.07.08	02:45:43.279	0.86168				2
2025.07.08	02:45:47.519	0.86169				2
2025.07.08	02:45:53.052	0.86167	0.86168			6
2025.07.08	02:45:53.373	0.86168	0.86169			6
2025.07.08	02:45:54.957	0.86167	0.86168			6
2025.07.08	02:46:01.501	0.86168	0.86169			6
2025.07.08	02:46:07.691	0.86169	0.86170			6
2025.07.08	02:46:11.390	0.86167	0.86169			6
2025.07.08	02:46:13.357	0.86168				2
2025.07.08	02:46:17.897	0.86167				2
2025.07.08	02:46:34.144	0.86166	0.86168			6
2025.07.08	02:46:40.355	0.86168	0.86169			6
2025.07.08	02:46:45.843	0.86167				2
2025.07.08	02:46:46.148	0.86166	0.86168			6
2025.07.08	02:46:53.687	0.86167				2
2025.07.08	02:46:59.984	0.86166				2
2025.07.08	02:47:00.407	0.86166	0.86169			6
2025.07.08	02:47:02.484		0.86168			4
2025.07.08	02:47:04.136	0.86167				2
2025.07.08	02:47:04.440	0.86166				2
2025.07.08	02:47:14.018		0.86167			4
2025.07.08	02:47:28.179	0.86167	0.86168			6
2025.07.08	02:47:44.735	0.86168	0.86171			6
2025.07.08	02:47:52.499		0.86170			4
2025.07.08	02:48:00.624	0.86168				2
2025.07.08	02:48:10.060	0.86171	0.86172			6
2025.07.08	02:48:17.952	0.86172	0.86173			6
2025.07.08	02:48:24.701	0.86173	0.86174			6
2025.07.08	02:48:26.209	0.86174	0.86175			6
2025.07.08	02:48:28.457	0.86173	0.86174			6
2025.07.08	02:48:29.311	0.86174	0.86175			6
2025.07.08	02:48:35.278	0.86173	0.86174			6
2025.07.08	02:48:37.837	0.86171	0.86172			6
2025.07.08	02:48:38.144	0.86165	0.86166			6
2025.07.08	02:48:38.460	0.86164	0.86165			6
2025.07.08	02:48:41.409	0.86161	0.86162			6
2025.07.08	02:48:43.096	0.86160	0.86161			6
2025.07.08	02:48:47.292	0.86165	0.86166			6
2025.07.08	02:48:47.597	0.86166	0.86167			6
2025.07.08	02:48:49.738	0.86165	0.86166			6
2025.07.08	02:48:53.541	0.86166	0.86167			6
2025.07.08	02:48:59.305	0.86165	0.86166			6
2025.07.08	02:49:00.473	0.86166	0.86167			6
2025.07.08	02:49:01.402	0.86167	0.86168			6
2025.07.08	02:49:02.855	0.86166	0.86167			6
2025.07.08	02:49:03.921	0.86167	0.86168			6
2025.07.08	02:49:33.937	0.86166	0.86167			6
2025.07.08	02:49:35.403	0.86165	0.86166			6
2025.07.08	02:49:36.501	0.86166	0.86167			6
2025.07.08	02:49:39.378	0.86165	0.86166			6
2025.07.08	02:49:41.323	0.86166	0.86167			6
2025.07.08	02:49:48.875	0.86169	0.86170			6
2025.07.08	02:49:54.166	0.86168	0.86169			6
2025.07.08	02:49:54.477	0.86169	0.86170			6
2025.07.08	02:50:00.250	0.86169				2
2025.07.08	02:50:01.463	0.86167	0.86168			6
2025.07.08	02:50:12.795	0.86166	0.86167			6
2025.07.08	02:50:19.343	0.86167	0.86168			6
2025.07.08	02:50:19.661	0.86166	0.86167			6
2025.07.08	02:50:23.481	0.86167	0.86168			6
2025.07.08	02:50:23.799	0.86166	0.86167			6
2025.07.08	02:50:24.108	0.86167	0.86168			6
2025.07.08	02:50:27.940	0.86166	0.86167			6
2025.07.08	02:50:32.825	0.86167	0.86168			6
2025.07.08	02:50:43.203	0.86168	0.86169			6
2025.07.08	02:50:44.716	0.86167	0.86168			6
2025.07.08	02:50:52.145	0.86166	0.86167			6
2025.07.08	02:50:52.666	0.86167	0.86168			6
2025.07.08	02:50:57.532	0.86168	0.86169			6
2025.07.08	02:51:00.549	0.86167	0.86168			6
2025.07.08	02:51:02.452	0.86166	0.86167			6
2025.07.08	02:51:10.387	0.86164	0.86165			6
2025.07.08	02:51:17.567	0.86163	0.86164			6
2025.07.08	02:51:52.420	0.86164	0.86165			6
2025.07.08	02:51:53.067	0.86163	0.86164			6
2025.07.08	02:51:53.386	0.86164	0.86165			6
2025.07.08	02:51:54.661	0.86163	0.86164			6
2025.07.08	02:51:56.539	0.86164	0.86165			6
2025.07.08	02:51:57.409	0.86163	0.86164			6
2025.07.08	02:51:59.633	0.86164	0.86165			6
2025.07.08	02:51:59.941	0.86163	0.86164			6
2025.07.08	02:52:00.267	0.86164	0.86165			6
2025.07.08	02:52:12.547	0.86163	0.86164			6
2025.07.08	02:52:13.265	0.86164	0.86165			6
2025.07.08	02:52:15.963	0.86163	0.86164			6
2025.07.08	02:52:20.904	0.86162	0.86163			6
2025.07.08	02:52:36.772	0.86161	0.86162			6
2025.07.08	02:52:47.994	0.86160	0.86161			6
2025.07.08	02:52:48.299	0.86161	0.86162			6
2025.07.08	02:52:48.946	0.86160	0.86161			6
2025.07.08	02:52:50.977	0.86161	0.86162			6
2025.07.08	02:53:00.938	0.86161				2
2025.07.08	02:53:04.322	0.86160	0.86161			6
2025.07.08	02:53:11.500	0.86159	0.86160			6
2025.07.08	02:53:19.078	0.86160	0.86161			6
2025.07.08	02:53:20.787	0.86158	0.86159			6
2025.07.08	02:53:23.574	0.86159	0.86160			6
2025.07.08	02:53:28.826	0.86158	0.86159			6
2025.07.08	02:53:29.758	0.86159	0.86160			6
2025.07.08	02:53:42.079	0.86157	0.86158			6
2025.07.08	02:53:48.980	0.86159	0.86160			6
2025.07.08	02:53:49.364	0.86157	0.86158			6
2025.07.08	02:53:49.701	0.86158	0.86159			6
2025.07.08	02:53:50.523	0.86157	0.86158			6
2025.07.08	02:53:51.045	0.86158	0.86159			6
2025.07.08	02:53:53.228	0.86160	0.86161			6
2025.07.08	02:53:56.724	0.86159	0.86160			6
2025.07.08	02:54:00.299	0.86159				2
2025.07.08	02:54:05.800	0.86160	0.86161			6
2025.07.08	02:54:08.733	0.86159	0.86160			6
2025.07.08	02:54:09.407	0.86160	0.86161			6
2025.07.08	02:54:13.716	0.86159	0.86160			6
2025.07.08	02:54:20.680	0.86158	0.86159			6
2025.07.08	02:54:29.771	0.86156	0.86157			6
2025.07.08	02:54:30.313	0.86157	0.86158			6
2025.07.08	02:54:39.366	0.86156	0.86157			6
2025.07.08	02:54:39.800	0.86157	0.86158			6
2025.07.08	02:54:40.672	0.86156	0.86157			6
2025.07.08	02:54:42.881	0.86157	0.86158			6
2025.07.08	02:54:56.371	0.86156	0.86157			6
2025.07.08	02:55:00.068	0.86156				2
2025.07.08	02:55:02.571	0.86155	0.86156			6
2025.07.08	02:55:03.621	0.86156	0.86157			6
2025.07.08	02:55:06.385	0.86157	0.86158			6
2025.07.08	02:55:07.075	0.86156	0.86157			6
2025.07.08	02:55:07.381	0.86157	0.86158			6
2025.07.08	02:55:07.714	0.86156	0.86157			6
2025.07.08	02:55:28.416	0.86157	0.86158			6
2025.07.08	02:55:52.903	0.86156	0.86157			6
2025.07.08	02:55:56.514	0.86155	0.86156			6
2025.07.08	02:55:56.821	0.86156	0.86157			6
2025.07.08	02:56:03.456	0.86155	0.86156			6
2025.07.08	02:56:04.132	0.86157	0.86158			6
2025.07.08	02:56:04.523	0.86156	0.86157			6
2025.07.08	02:56:10.239	0.86155	0.86156			6
2025.07.08	02:56:11.544	0.86156	0.86157			6
2025.07.08	02:56:17.034	0.86154	0.86155			6
2025.07.08	02:56:18.059	0.86156	0.86157			6
2025.07.08	02:56:18.368	0.86155	0.86156			6
2025.07.08	02:56:18.921	0.86156	0.86157			6
2025.07.08	02:56:19.455	0.86155				2
2025.07.08	02:56:22.763	0.86156				2
2025.07.08	02:56:23.081	0.86155				2
2025.07.08	02:56:24.164	0.86154	0.86155			6
2025.07.08	02:56:26.413	0.86155	0.86156			6
2025.07.08	02:56:30.556	0.86154				2
2025.07.08	02:56:32.226	0.86153				2
2025.07.08	02:56:32.845		0.86155			4
2025.07.08	02:56:34.162		0.86154			4
2025.07.08	02:56:39.374	0.86152				2
2025.07.08	02:56:39.681	0.86154	0.86155			6
2025.07.08	02:56:40.124	0.86152	0.86153			6
2025.07.08	02:56:41.644	0.86154	0.86155			6
2025.07.08	02:56:44.370	0.86153	0.86154			6
2025.07.08	02:56:45.689	0.86154	0.86155			6
2025.07.08	02:56:49.443	0.86153	0.86154			6
2025.07.08	02:56:50.188	0.86154	0.86155			6
2025.07.08	02:56:50.541	0.86153	0.86154			6
2025.07.08	02:56:50.877	0.86152	0.86153			6
2025.07.08	02:56:51.659	0.86153	0.86154			6
2025.07.08	02:56:52.056	0.86154	0.86155			6
2025.07.08	02:56:52.742	0.86155	0.86156			6
2025.07.08	02:56:53.878	0.86156	0.86157			6
2025.07.08	02:56:56.004	0.86153	0.86154			6
2025.07.08	02:56:56.320	0.86151				2
2025.07.08	02:56:58.474	0.86154	0.86156			6
2025.07.08	02:57:00.137	0.86154				2
2025.07.08	02:57:03.666		0.86155			4
2025.07.08	02:57:08.278	0.86153	0.86154			6
2025.07.08	02:57:11.370	0.86152	0.86153			6
2025.07.08	02:57:14.507	0.86151				2
2025.07.08	02:57:20.054	0.86153	0.86154			6
2025.07.08	02:57:20.732	0.86151	0.86152			6
2025.07.08	02:57:24.741	0.86150				2
2025.07.08	02:57:30.490	0.86152	0.86153			6
2025.07.08	02:57:32.045	0.86153	0.86154			6
2025.07.08	02:57:34.081	0.86152	0.86153			6
2025.07.08	02:57:37.685	0.86153	0.86154			6
2025.07.08	02:57:44.331	0.86152	0.86153			6
2025.07.08	02:57:46.044	0.86151	0.86152			6
2025.07.08	02:57:49.329	0.86150	0.86151			6
2025.07.08	02:57:51.262	0.86149	0.86150			6
2025.07.08	02:57:55.154	0.86150	0.86151			6
2025.07.08	02:57:55.476	0.86153	0.86154			6
2025.07.08	02:57:57.460	0.86151	0.86152			6
2025.07.08	02:57:58.327	0.86152	0.86153			6
2025.07.08	02:58:00.118	0.86152				2
2025.07.08	02:58:05.504	0.86154	0.86155			6
2025.07.08	02:58:09.578	0.86155	0.86157			6
2025.07.08	02:58:10.126	0.86154	0.86156			6
2025.07.08	02:58:11.360		0.86155			4
2025.07.08	02:58:13.440	0.86153	0.86154			6
2025.07.08	02:58:13.746	0.86152	0.86153			6
2025.07.08	02:58:25.457	0.86151	0.86152			6
2025.07.08	02:58:40.475	0.86149	0.86150			6
2025.07.08	02:58:55.984	0.86148	0.86149			6
2025.07.08	02:58:59.564	0.86149	0.86150			6
2025.07.08	02:59:00.221	0.86148	0.86149			6
2025.07.08	02:59:01.521	0.86147	0.86148			6
2025.07.08	02:59:03.450	0.86149	0.86150			6
2025.07.08	02:59:05.445	0.86148	0.86151			6
2025.07.08	02:59:06.772		0.86149			4
2025.07.08	02:59:07.782	0.86147	0.86148			6
2025.07.08	02:59:08.396	0.86153	0.86155			6
2025.07.08	02:59:08.744		0.86154			4
2025.07.08	02:59:10.749	0.86152	0.86153			6
2025.07.08	02:59:13.390	0.86151	0.86152			6
2025.07.08	02:59:20.640	0.86150	0.86151			6
2025.07.08	02:59:21.049	0.86151	0.86152			6
2025.07.08	02:59:24.884	0.86149	0.86150			6
2025.07.08	02:59:29.012	0.86148	0.86149			6
