<DATE>	<TIME>	<BID>	<ASK>	<LAST>	<VOLUME>	<FLAGS>
2025.08.19	00:03:30.845	0.86269	0.86368			6
2025.08.19	00:03:40.981		0.86369			4
2025.08.19	00:04:01.189	0.86269				2
2025.08.19	00:05:00.380	0.86269	0.86369			6
2025.08.19	00:06:00.204	0.86269				2
2025.08.19	00:06:01.628		0.86369			4
2025.08.19	00:06:28.361		0.86370			4
2025.08.19	00:07:00.055	0.86269				2
2025.08.19	00:07:31.175		0.86370			4
2025.08.19	00:08:00.978	0.86269				2
2025.08.19	00:08:33.440		0.86370			4
2025.08.19	00:08:34.402		0.86371			4
2025.08.19	00:09:00.428	0.86269				2
2025.08.19	00:09:27.277		0.86365			4
2025.08.19	00:09:36.890		0.86359			4
2025.08.19	00:10:00.333	0.86269				2
2025.08.19	00:10:00.866		0.86371			4
2025.08.19	00:10:11.749	0.86289	0.86373			6
2025.08.19	00:11:00.272	0.86289				2
2025.08.19	00:11:11.787		0.86373			4
2025.08.19	00:11:18.455	0.86270	0.86369			6
2025.08.19	00:11:19.050	0.86289	0.86373			6
2025.08.19	00:11:19.967	0.86270	0.86369			6
2025.08.19	00:11:23.390		0.86367			4
2025.08.19	00:11:25.998	0.86289	0.86373			6
2025.08.19	00:11:26.937	0.86270	0.86367			6
2025.08.19	00:11:32.956	0.86289	0.86373			6
2025.08.19	00:11:33.906	0.86270	0.86367			6
2025.08.19	00:11:41.552	0.86276				2
2025.08.19	00:11:53.063		0.86372			4
2025.08.19	00:11:53.527	0.86310				2
2025.08.19	00:12:00.315	0.86276				2
2025.08.19	00:12:23.699	0.86310				2
2025.08.19	00:12:27.433	0.86265				2
2025.08.19	00:12:54.356		0.86372			4
2025.08.19	00:13:02.057	0.86265				2
2025.08.19	00:13:24.424	0.86264				2
2025.08.19	00:13:32.422	0.86265				2
2025.08.19	00:13:59.656		0.86372			4
2025.08.19	00:14:00.357	0.86265				2
2025.08.19	00:14:10.314	0.86264				2
2025.08.19	00:14:12.425	0.86265				2
2025.08.19	00:14:15.919	0.86259	0.86383			6
2025.08.19	00:14:24.256		0.86382			4
2025.08.19	00:14:25.527	0.86265				2
2025.08.19	00:14:36.855		0.86381			4
2025.08.19	00:14:40.808	0.86266	0.86383			6
2025.08.19	00:14:48.516	0.86286	0.86382			6
2025.08.19	00:14:51.993	0.86316				2
2025.08.19	00:14:52.625	0.86327				2
2025.08.19	00:14:52.939		0.86388			4
2025.08.19	00:14:54.591	0.86324				2
2025.08.19	00:14:55.154		0.86387			4
2025.08.19	00:14:57.808	0.86301				2
2025.08.19	00:14:59.354		0.86386			4
2025.08.19	00:15:00.259	0.86301				2
2025.08.19	00:15:04.455	0.86302				2
2025.08.19	00:15:11.055		0.86385			4
2025.08.19	00:15:14.578	0.86311	0.86391			6
2025.08.19	00:15:22.589	0.86326				2
2025.08.19	00:15:28.369	0.86311				2
2025.08.19	00:15:29.131	0.86297	0.86383			6
2025.08.19	00:15:29.961		0.86386			4
2025.08.19	00:15:35.807		0.86389			4
2025.08.19	00:15:43.570	0.86279	0.86380			6
2025.08.19	00:15:43.923	0.86280				2
2025.08.19	00:15:51.745	0.86316				2
2025.08.19	00:15:58.354	0.86280				2
2025.08.19	00:16:00.443	0.86280				2
2025.08.19	00:16:01.679	0.86289				2
2025.08.19	00:16:19.308	0.86317				2
2025.08.19	00:16:25.505	0.86289				2
2025.08.19	00:16:40.428	0.86256				2
2025.08.19	00:16:41.597	0.86268				2
2025.08.19	00:16:42.461	0.86256				2
2025.08.19	00:16:42.800	0.86271				2
2025.08.19	00:16:43.404	0.86256				2
2025.08.19	00:16:44.356		0.86380			4
2025.08.19	00:16:46.222	0.86317				2
2025.08.19	00:16:51.893	0.86265				2
2025.08.19	00:16:52.213	0.86271				2
2025.08.19	00:16:57.780	0.86257				2
2025.08.19	00:17:00.384	0.86271				2
2025.08.19	00:17:01.312	0.86275				2
2025.08.19	00:17:14.259	0.86317				2
2025.08.19	00:17:20.137	0.86276				2
2025.08.19	00:17:20.753	0.86269				2
2025.08.19	00:17:23.228	0.86304	0.86386			6
2025.08.19	00:17:24.271	0.86299				2
2025.08.19	00:17:41.738	0.86321				2
2025.08.19	00:17:47.897	0.86299				2
2025.08.19	00:18:00.441	0.86299				2
2025.08.19	00:18:03.618		0.86385			4
2025.08.19	00:18:07.996	0.86296				2
2025.08.19	00:18:08.623	0.86299				2
2025.08.19	00:18:11.741	0.86321				2
2025.08.19	00:18:16.071		0.86384			4
2025.08.19	00:18:18.117	0.86299				2
2025.08.19	00:18:23.233		0.86385			4
2025.08.19	00:18:40.636	0.86321				2
2025.08.19	00:18:46.241	0.86299				2
2025.08.19	00:18:50.664		0.86384			4
2025.08.19	00:19:00.367	0.86299				2
2025.08.19	00:19:12.381	0.86321				2
2025.08.19	00:19:19.291	0.86296				2
2025.08.19	00:19:20.062	0.86299	0.86383			6
2025.08.19	00:19:42.153	0.86321				2
2025.08.19	00:19:48.783	0.86300				2
2025.08.19	00:19:57.348	0.86299	0.86382			6
2025.08.19	00:20:04.391	0.86299				2
2025.08.19	00:20:13.788	0.86321				2
2025.08.19	00:20:19.314	0.86299				2
2025.08.19	00:20:24.391		0.86383			4
2025.08.19	00:20:47.305	0.86321				2
2025.08.19	00:20:48.978		0.86379			4
2025.08.19	00:20:49.514		0.86382			4
2025.08.19	00:20:50.044		0.86381			4
2025.08.19	00:20:52.361		0.86382			4
2025.08.19	00:20:53.800	0.86289				2
2025.08.19	00:20:58.393		0.86381			4
2025.08.19	00:21:00.359	0.86289				2
2025.08.19	00:21:02.438		0.86379			4
2025.08.19	00:21:03.102		0.86381			4
2025.08.19	00:21:07.253		0.86379			4
2025.08.19	00:21:19.637		0.86375			4
2025.08.19	00:21:24.992		0.86374			4
2025.08.19	00:21:25.297		0.86375			4
2025.08.19	00:21:26.220		0.86374			4
2025.08.19	00:21:26.848		0.86375			4
2025.08.19	00:21:33.559		0.86374			4
2025.08.19	00:21:33.871		0.86375			4
2025.08.19	00:21:44.684		0.86373			4
2025.08.19	00:21:44.997		0.86375			4
2025.08.19	00:22:01.189	0.86289				2
2025.08.19	00:22:45.856		0.86375			4
2025.08.19	00:22:56.218		0.86377			4
2025.08.19	00:22:56.994		0.86375			4
2025.08.19	00:22:57.428		0.86374			4
2025.08.19	00:23:01.454	0.86289				2
2025.08.19	00:23:14.955		0.86375			4
2025.08.19	00:23:17.322		0.86374			4
2025.08.19	00:23:21.555		0.86375			4
2025.08.19	00:23:26.582		0.86377			4
2025.08.19	00:23:30.637		0.86369			4
2025.08.19	00:23:52.941	0.86297	0.86379			6
2025.08.19	00:23:53.475	0.86298				2
2025.08.19	00:23:57.151	0.86316				2
2025.08.19	00:24:00.260	0.86316				2
2025.08.19	00:24:03.391	0.86298				2
2025.08.19	00:24:04.338		0.86382			4
2025.08.19	00:24:30.496	0.86326				2
2025.08.19	00:24:36.009	0.86298				2
2025.08.19	00:24:45.916	0.86302	0.86381			6
2025.08.19	00:24:46.242	0.86298				2
2025.08.19	00:24:52.506	0.86302				2
2025.08.19	00:24:57.550	0.86298				2
2025.08.19	00:25:00.309	0.86298				2
2025.08.19	00:25:02.197	0.86326				2
2025.08.19	00:25:06.063		0.86380			4
2025.08.19	00:25:08.223	0.86299				2
2025.08.19	00:25:12.357	0.86300	0.86381			6
2025.08.19	00:25:17.373	0.86303	0.86378			6
2025.08.19	00:25:30.957	0.86326				2
2025.08.19	00:25:32.797		0.86377			4
2025.08.19	00:25:36.127	0.86302				2
2025.08.19	00:25:37.417	0.86319	0.86387			6
2025.08.19	00:25:40.354	0.86318				2
2025.08.19	00:25:43.178	0.86319				2
2025.08.19	00:25:44.356	0.86318				2
2025.08.19	00:25:47.882	0.86319				2
2025.08.19	00:25:50.356	0.86318				2
2025.08.19	00:25:56.919	0.86326				2
2025.08.19	00:26:02.558	0.86326	0.86377			6
2025.08.19	00:26:03.988	0.86300				2
2025.08.19	00:26:12.811	0.86312	0.86376			6
2025.08.19	00:26:13.210	0.86313				2
2025.08.19	00:26:19.984	0.86312				2
2025.08.19	00:26:24.712		0.86375			4
2025.08.19	00:26:29.479	0.86324				2
2025.08.19	00:26:35.841	0.86310				2
2025.08.19	00:26:41.253	0.86303	0.86370			6
2025.08.19	00:26:41.837	0.86302				2
2025.08.19	00:26:51.558	0.86303				2
2025.08.19	00:26:57.466	0.86318				2
2025.08.19	00:26:57.856		0.86369			4
2025.08.19	00:27:01.249	0.86318				2
2025.08.19	00:27:01.777		0.86370			4
2025.08.19	00:27:02.087		0.86369			4
2025.08.19	00:27:04.377	0.86304				2
2025.08.19	00:27:09.556	0.86305				2
2025.08.19	00:27:10.321	0.86301				2
2025.08.19	00:27:12.847	0.86302				2
2025.08.19	00:27:15.855	0.86304	0.86368			6
2025.08.19	00:27:16.158	0.86302				2
2025.08.19	00:27:18.314	0.86303				2
2025.08.19	00:27:20.788	0.86311	0.86369			6
2025.08.19	00:27:21.357	0.86309				2
2025.08.19	00:27:22.356	0.86310	0.86375			6
2025.08.19	00:27:22.658	0.86318				2
2025.08.19	00:27:30.720	0.86316	0.86377			6
2025.08.19	00:27:31.829	0.86326				2
2025.08.19	00:27:37.633		0.86378			4
2025.08.19	00:27:37.987	0.86315				2
2025.08.19	00:27:55.520	0.86319	0.86379			6
2025.08.19	00:27:56.659	0.86318				2
2025.08.19	00:27:59.478	0.86326				2
2025.08.19	00:28:01.374	0.86326				2
2025.08.19	00:28:05.904	0.86317				2
2025.08.19	00:28:19.772	0.86318	0.86377			6
2025.08.19	00:28:20.367	0.86316	0.86378			6
2025.08.19	00:28:22.549	0.86315				2
2025.08.19	00:28:27.732	0.86326				2
2025.08.19	00:28:33.760	0.86315				2
2025.08.19	00:28:47.358	0.86316	0.86377			6
2025.08.19	00:28:56.187	0.86326				2
2025.08.19	00:28:57.385	0.86320	0.86372			6
2025.08.19	00:29:00.007	0.86320				2
2025.08.19	00:29:00.353		0.86373			4
2025.08.19	00:29:03.063	0.86277				2
2025.08.19	00:29:03.741	0.86279	0.86372			6
2025.08.19	00:29:07.562	0.86276				2
2025.08.19	00:29:15.288	0.86280				2
2025.08.19	00:29:18.629	0.86279				2
2025.08.19	00:29:27.961	0.86320				2
2025.08.19	00:29:34.629	0.86279				2
2025.08.19	00:29:41.093		0.86373			4
2025.08.19	00:29:58.697	0.86320				2
2025.08.19	00:30:00.307	0.86320	0.86374			6
2025.08.19	00:30:03.872	0.86298				2
2025.08.19	00:30:09.576	0.86296				2
2025.08.19	00:30:11.014	0.86297				2
2025.08.19	00:30:12.287	0.86300				2
2025.08.19	00:30:13.801	0.86296				2
2025.08.19	00:30:14.237	0.86292				2
2025.08.19	00:30:14.648	0.86291	0.86372			6
2025.08.19	00:30:15.801	0.86288	0.86366			6
2025.08.19	00:30:16.102	0.86290				2
2025.08.19	00:30:19.926		0.86367			4
2025.08.19	00:30:24.016	0.86287				2
2025.08.19	00:30:24.319	0.86284				2
2025.08.19	00:30:24.636	0.86293				2
2025.08.19	00:30:24.953		0.86366			4
2025.08.19	00:30:25.705	0.86320				2
2025.08.19	00:30:30.829	0.86291				2
2025.08.19	00:30:36.593	0.86288	0.86364			6
2025.08.19	00:30:39.838	0.86294				2
2025.08.19	00:30:41.057	0.86299				2
2025.08.19	00:30:43.445		0.86365			4
2025.08.19	00:30:44.469	0.86294	0.86364			6
2025.08.19	00:30:45.308	0.86291				2
2025.08.19	00:30:52.537	0.86295	0.86365			6
2025.08.19	00:30:53.187	0.86320				2
2025.08.19	00:30:57.058		0.86366			4
2025.08.19	00:30:58.273	0.86300				2
2025.08.19	00:30:59.469	0.86293				2
2025.08.19	00:31:00.272	0.86292				2
2025.08.19	00:31:01.272	0.86290	0.86365			6
2025.08.19	00:31:07.065	0.86292	0.86366			6
2025.08.19	00:31:12.056	0.86289	0.86365			6
2025.08.19	00:31:12.688	0.86288				2
2025.08.19	00:31:18.402		0.86366			4
2025.08.19	00:31:22.278	0.86285	0.86365			6
2025.08.19	00:31:24.856	0.86298				2
2025.08.19	00:31:30.037	0.86285				2
2025.08.19	00:31:32.689		0.86366			4
2025.08.19	00:31:32.997	0.86284				2
2025.08.19	00:31:33.302		0.86365			4
2025.08.19	00:31:33.932	0.86283	0.86364			6
2025.08.19	00:31:34.241		0.86365			4
2025.08.19	00:31:34.543	0.86281				2
2025.08.19	00:31:34.856	0.86282	0.86364			6
2025.08.19	00:31:35.162	0.86286				2
2025.08.19	00:31:35.467		0.86365			4
2025.08.19	00:31:36.069	0.86280	0.86363			6
2025.08.19	00:31:36.377	0.86276	0.86364			6
2025.08.19	00:31:36.697	0.86285	0.86365			6
2025.08.19	00:31:37.000	0.86276	0.86363			6
2025.08.19	00:31:37.322	0.86282	0.86364			6
2025.08.19	00:31:39.990	0.86283	0.86365			6
2025.08.19	00:31:40.297		0.86364			4
2025.08.19	00:31:40.602	0.86284	0.86365			6
2025.08.19	00:31:40.991	0.86282	0.86364			6
2025.08.19	00:31:41.297	0.86284				2
2025.08.19	00:31:41.606	0.86276	0.86365			6
2025.08.19	00:31:41.917	0.86284				2
2025.08.19	00:31:42.221		0.86364			4
2025.08.19	00:31:43.107	0.86285				2
2025.08.19	00:31:43.735	0.86283				2
2025.08.19	00:31:47.752	0.86287	0.86365			6
2025.08.19	00:31:53.079	0.86298				2
2025.08.19	00:31:57.917		0.86364			4
2025.08.19	00:31:58.260		0.86366			4
2025.08.19	00:31:58.978	0.86289				2
2025.08.19	00:32:00.363	0.86282	0.86364			6
2025.08.19	00:32:02.750	0.86289	0.86365			6
2025.08.19	00:32:13.127	0.86287	0.86366			6
2025.08.19	00:32:13.813	0.86290				2
2025.08.19	00:32:17.751	0.86289	0.86365			6
2025.08.19	00:32:24.921	0.86290				2
2025.08.19	00:32:25.561	0.86298				2
2025.08.19	00:32:27.946		0.86364			4
2025.08.19	00:32:30.344		0.86366			4
2025.08.19	00:32:32.492	0.86290	0.86365			6
2025.08.19	00:32:32.804	0.86288				2
2025.08.19	00:32:42.754	0.86291	0.86366			6
2025.08.19	00:32:57.493	0.86298				2
2025.08.19	00:33:02.216	0.86298	0.86364			6
2025.08.19	00:33:03.855	0.86284				2
2025.08.19	00:33:09.615	0.86287	0.86365			6
2025.08.19	00:33:12.386	0.86288				2
2025.08.19	00:33:22.390	0.86289				2
2025.08.19	00:33:25.480	0.86298				2
2025.08.19	00:33:30.892	0.86288				2
2025.08.19	00:33:34.393	0.86285				2
2025.08.19	00:33:36.204	0.86289				2
2025.08.19	00:33:45.647	0.86287				2
2025.08.19	00:33:46.257	0.86290				2
2025.08.19	00:33:47.611	0.86288				2
2025.08.19	00:33:50.929	0.86298				2
2025.08.19	00:33:57.550	0.86288				2
2025.08.19	00:34:00.460	0.86288				2
2025.08.19	00:34:02.849	0.86287	0.86364			6
2025.08.19	00:34:03.868	0.86289				2
2025.08.19	00:34:11.596	0.86288				2
2025.08.19	00:34:13.309	0.86290				2
2025.08.19	00:34:17.643	0.86289	0.86365			6
2025.08.19	00:34:18.281		0.86363			4
2025.08.19	00:34:20.535	0.86296				2
2025.08.19	00:34:22.404		0.86362			4
2025.08.19	00:34:23.331		0.86363			4
2025.08.19	00:34:26.691	0.86286				2
2025.08.19	00:34:32.453	0.86288				2
2025.08.19	00:34:33.312	0.86283				2
2025.08.19	00:34:42.283	0.86287	0.86364			6
2025.08.19	00:34:43.431	0.86285				2
2025.08.19	00:34:43.841	0.86286				2
2025.08.19	00:34:54.264	0.86296				2
2025.08.19	00:35:01.132	0.86286				2
2025.08.19	00:35:03.999	0.86289				2
2025.08.19	00:35:12.949	0.86288				2
2025.08.19	00:35:19.393	0.86281	0.86365			6
2025.08.19	00:35:25.842	0.86296				2
2025.08.19	00:35:26.258		0.86366			4
2025.08.19	00:35:31.355	0.86280				2
2025.08.19	00:35:36.128	0.86288	0.86363			6
2025.08.19	00:35:36.919	0.86287	0.86364			6
2025.08.19	00:35:40.755	0.86286				2
2025.08.19	00:35:41.686	0.86288				2
2025.08.19	00:35:53.737	0.86287	0.86365			6
2025.08.19	00:35:55.029	0.86286	0.86366			6
2025.08.19	00:35:57.310	0.86296				2
2025.08.19	00:36:01.336	0.86296				2
2025.08.19	00:36:02.432	0.86286				2
2025.08.19	00:36:05.019	0.86285	0.86367			6
2025.08.19	00:36:05.322	0.86286				2
2025.08.19	00:36:05.795	0.86285	0.86368			6
2025.08.19	00:36:09.271	0.86279				2
2025.08.19	00:36:13.311	0.86282				2
2025.08.19	00:36:23.305	0.86297				2
2025.08.19	00:36:29.898	0.86283				2
2025.08.19	00:36:41.228	0.86282				2
2025.08.19	00:36:44.213	0.86284	0.86366			6
2025.08.19	00:36:49.584	0.86283				2
2025.08.19	00:36:56.694	0.86297				2
2025.08.19	00:37:02.058	0.86284				2
2025.08.19	00:37:10.834	0.86283				2
2025.08.19	00:37:22.164		0.86367			4
2025.08.19	00:37:29.602	0.86297				2
2025.08.19	00:37:35.970	0.86285				2
2025.08.19	00:37:48.685	0.86284	0.86368			6
2025.08.19	00:37:57.155	0.86297				2
2025.08.19	00:38:00.419	0.86297				2
2025.08.19	00:38:02.284	0.86284				2
2025.08.19	00:38:09.114	0.86286	0.86367			6
2025.08.19	00:38:24.655	0.86281				2
2025.08.19	00:38:27.321	0.86297				2
2025.08.19	00:38:32.570	0.86286				2
2025.08.19	00:38:39.652	0.86281				2
2025.08.19	00:38:48.711	0.86286				2
2025.08.19	00:38:59.565	0.86297				2
2025.08.19	00:39:00.978	0.86297				2
2025.08.19	00:39:05.261	0.86286				2
2025.08.19	00:39:10.320		0.86367			4
2025.08.19	00:39:17.353	0.86285				2
2025.08.19	00:39:20.055		0.86368			4
2025.08.19	00:39:27.907	0.86297				2
2025.08.19	00:39:33.749	0.86285				2
2025.08.19	00:39:45.944	0.86279				2
2025.08.19	00:39:46.257	0.86276				2
2025.08.19	00:39:53.735	0.86297				2
2025.08.19	00:39:56.860		0.86360			4
2025.08.19	00:39:57.255		0.86364			4
2025.08.19	00:39:58.959		0.86370			4
2025.08.19	00:39:59.267	0.86285				2
2025.08.19	00:40:00.146	0.86285				2
2025.08.19	00:40:00.860		0.86367			4
2025.08.19	00:40:08.137	0.86284				2
2025.08.19	00:40:11.020	0.86294	0.86369			6
2025.08.19	00:40:11.337	0.86292	0.86368			6
2025.08.19	00:40:11.643	0.86295	0.86369			6
2025.08.19	00:40:12.100	0.86296				2
2025.08.19	00:40:12.416	0.86292				2
2025.08.19	00:40:12.727		0.86370			4
2025.08.19	00:40:13.038	0.86291	0.86369			6
2025.08.19	00:40:13.348	0.86295	0.86370			6
2025.08.19	00:40:13.657	0.86294	0.86369			6
2025.08.19	00:40:13.962	0.86292				2
2025.08.19	00:40:14.278	0.86285				2
2025.08.19	00:40:14.598	0.86295	0.86370			6
2025.08.19	00:40:14.907	0.86286	0.86369			6
2025.08.19	00:40:15.221	0.86292	0.86368			6
2025.08.19	00:40:15.556	0.86283	0.86369			6
2025.08.19	00:40:15.863	0.86296	0.86368			6
2025.08.19	00:40:16.189	0.86280	0.86369			6
2025.08.19	00:40:16.770	0.86279				2
2025.08.19	00:40:17.452	0.86294				2
2025.08.19	00:40:17.989	0.86295				2
2025.08.19	00:40:19.705	0.86303	0.86368			6
2025.08.19	00:40:25.006	0.86295				2
2025.08.19	00:40:28.683	0.86296				2
2025.08.19	00:40:37.285	0.86292	0.86367			6
2025.08.19	00:40:42.800	0.86297				2
2025.08.19	00:40:44.687	0.86295	0.86369			6
2025.08.19	00:40:46.102		0.86368			4
2025.08.19	00:40:48.010	0.86294				2
2025.08.19	00:40:50.503	0.86303				2
2025.08.19	00:40:56.190	0.86294				2
2025.08.19	00:41:01.089	0.86294				2
2025.08.19	00:41:07.541	0.86295	0.86367			6
2025.08.19	00:41:09.893	0.86294				2
2025.08.19	00:41:11.186	0.86296				2
2025.08.19	00:41:11.499	0.86291				2
2025.08.19	00:41:12.118	0.86283				2
2025.08.19	00:41:12.429	0.86291				2
2025.08.19	00:41:13.037	0.86281				2
2025.08.19	00:41:13.347	0.86296				2
2025.08.19	00:41:13.657	0.86292				2
2025.08.19	00:41:14.033	0.86291				2
2025.08.19	00:41:14.657	0.86282				2
2025.08.19	00:41:14.965	0.86296				2
2025.08.19	00:41:15.278	0.86282				2
2025.08.19	00:41:15.973	0.86296				2
2025.08.19	00:41:23.539	0.86303				2
2025.08.19	00:41:30.377	0.86296				2
2025.08.19	00:41:42.355	0.86298				2
2025.08.19	00:41:43.312	0.86296				2
2025.08.19	00:41:52.655	0.86303				2
2025.08.19	00:41:59.651	0.86297				2
2025.08.19	00:42:06.189	0.86297				2
2025.08.19	00:42:09.545		0.86367			4
2025.08.19	00:42:11.359	0.86296				2
2025.08.19	00:42:15.966	0.86297	0.86366			6
2025.08.19	00:42:26.019	0.86303				2
2025.08.19	00:42:32.801	0.86297				2
2025.08.19	00:42:41.189	0.86299				2
2025.08.19	00:42:48.379	0.86298				2
2025.08.19	00:42:55.817	0.86303				2
2025.08.19	00:43:00.980	0.86303				2
2025.08.19	00:43:02.404	0.86297				2
2025.08.19	00:43:05.060	0.86298				2
2025.08.19	00:43:14.163	0.86297				2
2025.08.19	00:43:17.954	0.86298	0.86366			6
2025.08.19	00:43:20.478	0.86299				2
2025.08.19	00:43:24.943	0.86303				2
2025.08.19	00:43:31.531	0.86299				2
2025.08.19	00:43:35.710	0.86298				2
2025.08.19	00:43:40.908		0.86367			4
2025.08.19	00:43:44.360	0.86297				2
2025.08.19	00:43:46.032	0.86298	0.86368			6
2025.08.19	00:43:51.051		0.86367			4
2025.08.19	00:43:51.468	0.86303	0.86368			6
2025.08.19	00:43:58.623	0.86299				2
2025.08.19	00:43:59.030	0.86301				2
2025.08.19	00:43:59.828	0.86300				2
2025.08.19	00:44:01.389	0.86300				2
2025.08.19	00:44:02.017	0.86301	0.86367			6
2025.08.19	00:44:04.700	0.86302				2
2025.08.19	00:44:05.963	0.86300	0.86366			6
2025.08.19	00:44:07.730	0.86301				2
2025.08.19	00:44:19.816	0.86303				2
2025.08.19	00:44:25.808	0.86301				2
2025.08.19	00:44:36.316	0.86302				2
2025.08.19	00:44:36.953	0.86303				2
2025.08.19	00:44:38.021	0.86302	0.86367			6
2025.08.19	00:44:43.603	0.86301	0.86366			6
2025.08.19	00:44:48.165	0.86303				2
2025.08.19	00:44:53.686	0.86301				2
2025.08.19	00:45:00.481	0.86302				2
2025.08.19	00:45:03.428	0.86298	0.86369			6
2025.08.19	00:45:05.545	0.86296	0.86370			6
2025.08.19	00:45:06.451	0.86304	0.86369			6
2025.08.19	00:45:07.056	0.86301	0.86366			6
2025.08.19	00:45:10.223	0.86313	0.86354			6
2025.08.19	00:45:14.208	0.86312				2
2025.08.19	00:45:16.656	0.86313				2
2025.08.19	00:45:17.004	0.86315	0.86355			6
2025.08.19	00:45:22.835	0.86310				2
2025.08.19	00:45:26.086	0.86312				2
2025.08.19	00:45:29.152	0.86310				2
2025.08.19	00:45:30.393	0.86311				2
2025.08.19	00:45:35.127	0.86315				2
2025.08.19	00:45:36.622		0.86354			4
2025.08.19	00:45:46.755	0.86318				2
2025.08.19	00:45:47.527	0.86315				2
2025.08.19	00:45:51.644	0.86316				2
2025.08.19	00:45:53.317	0.86315				2
2025.08.19	00:45:59.360	0.86314				2
2025.08.19	00:46:00.736	0.86315				2
2025.08.19	00:46:01.405	0.86314				2
2025.08.19	00:46:06.625	0.86315	0.86353			6
2025.08.19	00:46:09.042	0.86316	0.86354			6
2025.08.19	00:46:21.391	0.86312				2
2025.08.19	00:46:22.267	0.86313				2
2025.08.19	00:46:32.342	0.86315				2
2025.08.19	00:46:34.313	0.86314				2
2025.08.19	00:46:37.211	0.86315				2
2025.08.19	00:46:57.359	0.86314				2
2025.08.19	00:47:00.023	0.86314				2
2025.08.19	00:47:03.374	0.86316	0.86353			6
2025.08.19	00:47:05.213	0.86310	0.86358			6
2025.08.19	00:47:07.027	0.86314	0.86354			6
2025.08.19	00:47:09.859	0.86315				2
2025.08.19	00:47:21.776	0.86302				2
2025.08.19	00:47:30.823	0.86304	0.86353			6
2025.08.19	00:47:33.557	0.86303	0.86354			6
2025.08.19	00:47:37.572		0.86353			4
2025.08.19	00:47:37.890	0.86304				2
2025.08.19	00:47:38.313	0.86317				2
2025.08.19	00:47:41.152	0.86313	0.86354			6
2025.08.19	00:47:44.255	0.86315				2
2025.08.19	00:47:54.784	0.86316				2
2025.08.19	00:47:57.198	0.86317				2
2025.08.19	00:47:57.570	0.86315				2
2025.08.19	00:48:00.980	0.86315				2
2025.08.19	00:48:02.411	0.86313				2
2025.08.19	00:48:17.557	0.86315				2
2025.08.19	00:48:45.866		0.86354			4
2025.08.19	00:49:00.912	0.86313				2
2025.08.19	00:49:14.657		0.86353			4
2025.08.19	00:49:17.277	0.86316				2
2025.08.19	00:49:22.015	0.86315	0.86354			6
2025.08.19	00:49:32.490	0.86313				2
2025.08.19	00:49:37.538		0.86353			4
2025.08.19	00:49:53.396	0.86315				2
2025.08.19	00:49:59.481	0.86313				2
2025.08.19	00:50:00.560	0.86315				2
2025.08.19	00:50:07.062	0.86313				2
2025.08.19	00:50:13.455		0.86354			4
2025.08.19	00:50:17.341	0.86315				2
2025.08.19	00:50:32.618	0.86313				2
2025.08.19	00:50:38.054		0.86353			4
2025.08.19	00:50:43.270	0.86309	0.86354			6
2025.08.19	00:50:43.600	0.86313	0.86353			6
2025.08.19	00:50:43.906	0.86314				2
2025.08.19	00:50:44.874	0.86313	0.86354			6
2025.08.19	00:50:48.153	0.86315				2
2025.08.19	00:50:53.525	0.86313				2
2025.08.19	00:51:02.055	0.86316				2
2025.08.19	00:51:16.633	0.86315				2
2025.08.19	00:51:21.469	0.86313				2
2025.08.19	00:51:22.456	0.86315				2
2025.08.19	00:51:22.764	0.86313				2
2025.08.19	00:51:23.741	0.86312	0.86355			6
2025.08.19	00:51:25.874	0.86298	0.86353			6
2025.08.19	00:51:26.184	0.86303	0.86352			6
2025.08.19	00:51:26.943	0.86298				2
2025.08.19	00:51:30.337	0.86302	0.86353			6
2025.08.19	00:51:30.911	0.86298				2
2025.08.19	00:51:36.201	0.86300				2
2025.08.19	00:51:40.410	0.86302				2
2025.08.19	00:51:43.136	0.86298				2
2025.08.19	00:51:44.435	0.86297				2
2025.08.19	00:51:45.067		0.86352			4
2025.08.19	00:51:45.376		0.86353			4
2025.08.19	00:51:46.138	0.86314				2
2025.08.19	00:51:53.236	0.86305				2
2025.08.19	00:51:56.656	0.86306				2
2025.08.19	00:52:00.220	0.86310				2
2025.08.19	00:52:00.977	0.86309				2
2025.08.19	00:52:09.121	0.86308				2
2025.08.19	00:52:10.154	0.86307				2
2025.08.19	00:52:13.467	0.86308				2
2025.08.19	00:52:15.949	0.86303				2
2025.08.19	00:52:17.719	0.86306				2
2025.08.19	00:52:18.395	0.86314				2
2025.08.19	00:52:23.429	0.86306				2
2025.08.19	00:52:28.805	0.86309				2
2025.08.19	00:52:37.059		0.86352			4
2025.08.19	00:52:43.159		0.86353			4
2025.08.19	00:52:44.072	0.86314				2
2025.08.19	00:52:50.278	0.86309				2
2025.08.19	00:52:59.310	0.86306	0.86352			6
2025.08.19	00:53:00.603	0.86306				2
2025.08.19	00:53:01.488	0.86310	0.86353			6
2025.08.19	00:53:01.973	0.86309				2
2025.08.19	00:53:06.651		0.86352			4
2025.08.19	00:53:09.487		0.86353			4
2025.08.19	00:53:11.254	0.86310	0.86352			6
2025.08.19	00:53:13.377	0.86313				2
2025.08.19	00:53:13.703	0.86312				2
2025.08.19	00:53:14.742	0.86309	0.86353			6
2025.08.19	00:53:15.112	0.86314				2
2025.08.19	00:53:16.507		0.86352			4
2025.08.19	00:53:21.111	0.86310				2
2025.08.19	00:53:30.539	0.86311				2
2025.08.19	00:53:30.925	0.86312				2
2025.08.19	00:53:34.119	0.86313	0.86351			6
2025.08.19	00:53:37.211	0.86311	0.86353			6
2025.08.19	00:53:40.541	0.86313				2
2025.08.19	00:53:43.508	0.86314	0.86352			6
2025.08.19	00:53:54.376	0.86313				2
2025.08.19	00:53:59.159	0.86314				2
2025.08.19	00:54:01.497	0.86314				2
2025.08.19	00:54:24.682	0.86313				2
2025.08.19	00:54:25.554	0.86310				2
2025.08.19	00:54:28.432	0.86311				2
2025.08.19	00:54:29.233	0.86310				2
2025.08.19	00:54:34.997	0.86311				2
2025.08.19	00:54:38.792	0.86310				2
2025.08.19	00:54:44.967		0.86352			4
2025.08.19	00:54:51.981	0.86314				2
2025.08.19	00:54:57.581	0.86310				2
2025.08.19	00:54:59.196	0.86311				2
2025.08.19	00:55:01.084	0.86310				2
2025.08.19	00:55:03.132	0.86311				2
2025.08.19	00:55:04.026	0.86308				2
2025.08.19	00:55:04.383	0.86310				2
2025.08.19	00:55:04.724	0.86311				2
2025.08.19	00:55:07.761	0.86312				2
2025.08.19	00:55:08.700	0.86311				2
2025.08.19	00:55:09.159	0.86314				2
2025.08.19	00:55:14.551	0.86313				2
2025.08.19	00:55:18.647		0.86353			4
2025.08.19	00:55:18.971	0.86312	0.86352			6
2025.08.19	00:55:19.385	0.86313				2
2025.08.19	00:55:20.383	0.86314				2
2025.08.19	00:55:24.076		0.86353			4
2025.08.19	00:55:25.501	0.86307				2
2025.08.19	00:55:26.547	0.86308				2
2025.08.19	00:55:29.628	0.86307				2
2025.08.19	00:55:34.078	0.86301				2
2025.08.19	00:55:45.657	0.86311				2
2025.08.19	00:55:47.161	0.86314				2
2025.08.19	00:55:52.281	0.86311				2
2025.08.19	00:55:54.650	0.86313				2
2025.08.19	00:55:59.445	0.86311				2
2025.08.19	00:56:00.456	0.86313				2
2025.08.19	00:56:01.284	0.86316				2
2025.08.19	00:56:02.176	0.86312	0.86352			6
2025.08.19	00:56:03.950	0.86313				2
2025.08.19	00:56:08.509	0.86312				2
2025.08.19	00:56:12.659	0.86314				2
2025.08.19	00:56:14.792	0.86319				2
2025.08.19	00:56:20.483	0.86312				2
2025.08.19	00:56:23.529	0.86313				2
2025.08.19	00:56:26.157	0.86312				2
2025.08.19	00:56:33.952	0.86313				2
2025.08.19	00:56:43.387	0.86319				2
2025.08.19	00:56:50.121	0.86313				2
2025.08.19	00:56:54.609	0.86312				2
2025.08.19	00:56:57.166	0.86314				2
2025.08.19	00:56:58.971	0.86313				2
2025.08.19	00:56:59.938	0.86310	0.86353			6
2025.08.19	00:57:00.277	0.86310	0.86354			6
2025.08.19	00:57:00.661	0.86303	0.86356			6
2025.08.19	00:57:00.997	0.86300				2
2025.08.19	00:57:01.299	0.86297				2
2025.08.19	00:57:02.156	0.86292				2
2025.08.19	00:57:02.957	0.86294				2
2025.08.19	00:57:04.694	0.86296	0.86357			6
2025.08.19	00:57:04.999	0.86295	0.86358			6
2025.08.19	00:57:06.065	0.86294				2
2025.08.19	00:57:06.841	0.86298	0.86359			6
2025.08.19	00:57:14.731	0.86319				2
2025.08.19	00:57:15.856		0.86358			4
2025.08.19	00:57:17.991		0.86357			4
2025.08.19	00:57:19.554		0.86358			4
2025.08.19	00:57:20.692	0.86305				2
2025.08.19	00:57:22.185	0.86300				2
2025.08.19	00:57:29.833		0.86359			4
2025.08.19	00:57:30.554		0.86358			4
2025.08.19	00:57:30.861		0.86359			4
2025.08.19	00:57:32.526	0.86308				2
2025.08.19	00:57:33.685	0.86306	0.86360			6
2025.08.19	00:57:34.835		0.86361			4
2025.08.19	00:57:36.181	0.86307				2
2025.08.19	00:57:36.912	0.86302	0.86362			6
2025.08.19	00:57:40.400		0.86361			4
2025.08.19	00:57:42.595	0.86297	0.86358			6
2025.08.19	00:57:42.913		0.86356			4
2025.08.19	00:57:43.225		0.86354			4
2025.08.19	00:57:45.678		0.86356			4
2025.08.19	00:57:45.987		0.86358			4
2025.08.19	00:57:47.172	0.86319				2
2025.08.19	00:57:47.837		0.86357			4
2025.08.19	00:57:50.534		0.86358			4
2025.08.19	00:57:52.454	0.86297				2
2025.08.19	00:57:57.191		0.86360			4
2025.08.19	00:57:57.517		0.86361			4
2025.08.19	00:58:00.489	0.86297				2
2025.08.19	00:58:01.882		0.86362			4
2025.08.19	00:58:12.437		0.86361			4
2025.08.19	00:58:12.762	0.86319				2
2025.08.19	00:58:14.202		0.86360			4
2025.08.19	00:58:14.504		0.86361			4
2025.08.19	00:58:17.954	0.86297				2
2025.08.19	00:58:22.636		0.86359			4
2025.08.19	00:58:23.040		0.86360			4
2025.08.19	00:58:24.303		0.86359			4
2025.08.19	00:58:27.438		0.86360			4
2025.08.19	00:58:30.198		0.86359			4
2025.08.19	00:58:32.581	0.86304	0.86360			6
2025.08.19	00:58:36.242		0.86361			4
2025.08.19	00:58:37.173	0.86299	0.86360			6
2025.08.19	00:58:41.654		0.86359			4
2025.08.19	00:58:43.730	0.86319				2
2025.08.19	00:58:49.419	0.86299				2
2025.08.19	00:58:55.759		0.86360			4
2025.08.19	00:59:02.210	0.86304	0.86359			6
2025.08.19	00:59:02.783	0.86299	0.86360			6
2025.08.19	00:59:03.860		0.86359			4
2025.08.19	00:59:09.346	0.86297	0.86361			6
2025.08.19	00:59:09.659		0.86363			4
2025.08.19	00:59:17.447		0.86364			4
2025.08.19	00:59:22.186	0.86295	0.86363			6
2025.08.19	00:59:22.487	0.86286				2
2025.08.19	00:59:22.838	0.86289				2
2025.08.19	00:59:23.844		0.86362			4
2025.08.19	00:59:24.839		0.86361			4
2025.08.19	00:59:27.854		0.86362			4
2025.08.19	00:59:28.755		0.86361			4
2025.08.19	00:59:32.241	0.86291	0.86362			6
2025.08.19	00:59:33.758	0.86293	0.86359			6
2025.08.19	00:59:34.840	0.86288	0.86358			6
2025.08.19	00:59:35.631		0.86360			4
2025.08.19	00:59:36.278		0.86359			4
2025.08.19	00:59:36.629		0.86358			4
2025.08.19	00:59:37.188	0.86290	0.86360			6
2025.08.19	00:59:38.196	0.86289				2
2025.08.19	00:59:39.625	0.86290	0.86359			6
2025.08.19	00:59:39.938	0.86289				2
2025.08.19	00:59:47.358		0.86360			4
2025.08.19	00:59:48.107	0.86315				2
2025.08.19	00:59:52.164		0.86362			4
2025.08.19	00:59:54.388	0.86289				2
2025.08.19	01:00:00.306	0.86292	0.86365			6
2025.08.19	01:00:00.633		0.86368			4
2025.08.19	01:00:01.079	0.86325	0.86370			6
2025.08.19	01:00:01.407		0.86373			4
2025.08.19	01:00:01.743		0.86376			4
2025.08.19	01:00:02.117		0.86380			4
2025.08.19	01:00:03.499		0.86382			4
2025.08.19	01:00:03.809	0.86290	0.86397			6
2025.08.19	01:00:04.123	0.86284	0.86391			6
2025.08.19	01:00:04.427	0.86283	0.86388			6
2025.08.19	01:00:04.730	0.86307	0.86375			6
2025.08.19	01:00:05.338	0.86284	0.86391			6
2025.08.19	01:00:05.943	0.86302	0.86394			6
2025.08.19	01:00:06.248	0.86303				2
2025.08.19	01:00:06.550		0.86393			4
2025.08.19	01:00:06.856	0.86307	0.86390			6
2025.08.19	01:00:07.158	0.86311	0.86376			6
2025.08.19	01:00:07.461	0.86338	0.86370			6
2025.08.19	01:00:08.312		0.86369			4
2025.08.19	01:00:10.196	0.86339	0.86370			6
2025.08.19	01:00:12.353	0.86344	0.86367			6
2025.08.19	01:00:13.752	0.86341	0.86364			6
2025.08.19	01:00:16.355	0.86343	0.86362			6
2025.08.19	01:00:18.285		0.86363			4
2025.08.19	01:00:20.243	0.86344				2
2025.08.19	01:00:21.256	0.86347	0.86366			6
2025.08.19	01:00:21.606		0.86367			4
2025.08.19	01:00:21.919	0.86348				2
2025.08.19	01:00:22.244	0.86349	0.86366			6
2025.08.19	01:00:22.854	0.86350				2
2025.08.19	01:00:23.184	0.86344	0.86358			6
2025.08.19	01:00:23.488	0.86343				2
2025.08.19	01:00:23.819	0.86341				2
2025.08.19	01:00:24.172	0.86344	0.86361			6
2025.08.19	01:00:24.478	0.86346	0.86363			6
2025.08.19	01:00:25.124		0.86364			4
2025.08.19	01:00:30.442	0.86348	0.86365			6
2025.08.19	01:00:31.146	0.86349				2
2025.08.19	01:00:32.531		0.86367			4
2025.08.19	01:00:32.837	0.86350	0.86368			6
2025.08.19	01:00:34.689	0.86351				2
2025.08.19	01:00:36.466	0.86350	0.86366			6
2025.08.19	01:00:39.292	0.86351	0.86367			6
2025.08.19	01:00:45.523	0.86350	0.86366			6
2025.08.19	01:00:49.068	0.86349				2
2025.08.19	01:00:51.486	0.86350				2
2025.08.19	01:00:54.352		0.86365			4
2025.08.19	01:00:56.863	0.86351	0.86367			6
2025.08.19	01:00:59.359	0.86352	0.86369			6
2025.08.19	01:00:59.720		0.86368			4
2025.08.19	01:01:00.028	0.86351	0.86365			6
2025.08.19	01:01:00.485	0.86349	0.86367			6
2025.08.19	01:01:02.363	0.86350				2
2025.08.19	01:01:02.666	0.86351	0.86368			6
2025.08.19	01:01:04.923	0.86345	0.86363			6
2025.08.19	01:01:06.054	0.86346				2
2025.08.19	01:01:07.126		0.86364			4
2025.08.19	01:01:08.198	0.86349	0.86365			6
2025.08.19	01:01:08.873	0.86342	0.86355			6
2025.08.19	01:01:09.179	0.86343	0.86356			6
2025.08.19	01:01:09.484	0.86345				2
2025.08.19	01:01:15.473	0.86344	0.86358			6
2025.08.19	01:01:19.054		0.86357			4
2025.08.19	01:01:20.355	0.86348				2
2025.08.19	01:01:26.863		0.86361			4
2025.08.19	01:01:30.031	0.86352	0.86368			6
2025.08.19	01:01:32.138	0.86354				2
2025.08.19	01:01:33.238	0.86352				2
2025.08.19	01:01:34.337	0.86354				2
2025.08.19	01:01:35.440	0.86352				2
2025.08.19	01:01:36.351	0.86354				2
2025.08.19	01:01:37.640	0.86352				2
2025.08.19	01:01:38.739	0.86354				2
2025.08.19	01:01:39.837	0.86352				2
2025.08.19	01:01:40.646	0.86353				2
2025.08.19	01:01:41.037	0.86354				2
2025.08.19	01:01:56.015	0.86353	0.86367			6
2025.08.19	01:02:00.433	0.86353				2
2025.08.19	01:02:00.734	0.86354	0.86366			6
2025.08.19	01:02:01.950	0.86358	0.86371			6
2025.08.19	01:02:07.456		0.86370			4
2025.08.19	01:02:11.403	0.86355	0.86368			6
2025.08.19	01:02:17.418		0.86369			4
2025.08.19	01:02:18.353	0.86358	0.86368			6
2025.08.19	01:02:18.656	0.86355				2
2025.08.19	01:02:18.961	0.86356				2
2025.08.19	01:02:20.808	0.86355				2
2025.08.19	01:02:22.353	0.86350	0.86365			6
2025.08.19	01:02:22.655	0.86353	0.86366			6
2025.08.19	01:02:23.323	0.86352	0.86365			6
2025.08.19	01:02:24.354	0.86350	0.86364			6
2025.08.19	01:02:24.674	0.86351				2
2025.08.19	01:02:25.479	0.86348	0.86362			6
2025.08.19	01:02:26.487		0.86361			4
2025.08.19	01:02:27.508		0.86358			4
2025.08.19	01:02:28.354	0.86350	0.86363			6
2025.08.19	01:02:28.677	0.86351				2
2025.08.19	01:02:29.502	0.86348	0.86360			6
2025.08.19	01:02:38.353	0.86349	0.86363			6
2025.08.19	01:02:39.582	0.86350				2
2025.08.19	01:02:40.156	0.86349	0.86364			6
2025.08.19	01:02:46.183	0.86350				2
2025.08.19	01:02:50.431		0.86363			4
2025.08.19	01:02:56.381	0.86352	0.86365			6
2025.08.19	01:02:57.398		0.86366			4
2025.08.19	01:02:58.746	0.86350	0.86364			6
2025.08.19	01:03:00.458	0.86351				2
2025.08.19	01:03:07.708		0.86363			4
2025.08.19	01:03:09.674		0.86362			4
2025.08.19	01:03:10.390	0.86349	0.86361			6
2025.08.19	01:03:17.183	0.86348	0.86359			6
2025.08.19	01:03:22.110	0.86347				2
2025.08.19	01:03:27.757	0.86346				2
2025.08.19	01:03:30.255	0.86345	0.86357			6
2025.08.19	01:03:32.329	0.86347	0.86358			6
2025.08.19	01:03:34.208	0.86348	0.86359			6
2025.08.19	01:03:47.178	0.86349				2
2025.08.19	01:03:47.498	0.86348				2
2025.08.19	01:03:53.397	0.86347				2
2025.08.19	01:04:00.361	0.86347				2
2025.08.19	01:04:12.571	0.86348				2
2025.08.19	01:04:13.070		0.86360			4
2025.08.19	01:04:20.957	0.86347	0.86358			6
2025.08.19	01:04:21.260		0.86359			4
2025.08.19	01:04:29.877	0.86348				2
2025.08.19	01:04:32.355	0.86347				2
2025.08.19	01:04:34.161		0.86358			4
2025.08.19	01:04:45.181	0.86349	0.86362			6
2025.08.19	01:04:45.500	0.86356	0.86366			6
2025.08.19	01:04:46.285	0.86355				2
2025.08.19	01:04:46.705	0.86356	0.86368			6
2025.08.19	01:04:47.411	0.86361	0.86372			6
2025.08.19	01:04:48.064	0.86359	0.86370			6
2025.08.19	01:04:49.709		0.86372			4
2025.08.19	01:04:51.511	0.86362	0.86374			6
2025.08.19	01:04:51.820	0.86363	0.86375			6
2025.08.19	01:04:56.357		0.86373			4
2025.08.19	01:04:56.800	0.86360	0.86372			6
2025.08.19	01:04:57.445	0.86365	0.86378			6
2025.08.19	01:05:00.059	0.86365				2
2025.08.19	01:05:00.769	0.86368	0.86381			6
2025.08.19	01:05:01.125		0.86382			4
2025.08.19	01:05:01.609	0.86365	0.86378			6
2025.08.19	01:05:02.724	0.86367				2
2025.08.19	01:05:03.505	0.86366				2
2025.08.19	01:05:05.355	0.86370	0.86381			6
2025.08.19	01:05:06.069	0.86372	0.86386			6
2025.08.19	01:05:06.708		0.86385			4
2025.08.19	01:05:07.019		0.86384			4
2025.08.19	01:05:07.385		0.86385			4
2025.08.19	01:05:07.693	0.86371	0.86383			6
2025.08.19	01:05:07.998		0.86384			4
2025.08.19	01:05:09.303	0.86372	0.86383			6
2025.08.19	01:05:10.836		0.86382			4
2025.08.19	01:05:11.404	0.86371	0.86383			6
2025.08.19	01:05:11.742	0.86369	0.86382			6
2025.08.19	01:05:13.514		0.86381			4
2025.08.19	01:05:15.163	0.86372				2
2025.08.19	01:05:17.055	0.86371				2
2025.08.19	01:05:19.635	0.86374	0.86382			6
2025.08.19	01:05:23.533	0.86376	0.86383			6
2025.08.19	01:05:24.045	0.86375				2
2025.08.19	01:05:25.525	0.86377	0.86390			6
2025.08.19	01:05:26.364		0.86391			4
2025.08.19	01:05:27.753	0.86383	0.86395			6
2025.08.19	01:05:29.239	0.86382				2
2025.08.19	01:05:30.256	0.86380	0.86391			6
2025.08.19	01:05:31.827	0.86379	0.86390			6
2025.08.19	01:05:32.152	0.86378				2
2025.08.19	01:05:34.156		0.86389			4
2025.08.19	01:05:34.842	0.86380	0.86391			6
2025.08.19	01:05:35.390		0.86390			4
2025.08.19	01:05:36.016	0.86383	0.86393			6
2025.08.19	01:05:36.737	0.86382	0.86395			6
2025.08.19	01:05:37.038	0.86383	0.86396			6
2025.08.19	01:05:38.902	0.86382	0.86394			6
2025.08.19	01:05:40.858	0.86383				2
2025.08.19	01:05:42.088	0.86384				2
2025.08.19	01:05:45.528	0.86383	0.86393			6
2025.08.19	01:05:48.857	0.86381	0.86392			6
2025.08.19	01:05:49.362	0.86379	0.86391			6
2025.08.19	01:05:51.059	0.86378	0.86392			6
2025.08.19	01:05:55.482	0.86379				2
2025.08.19	01:05:56.289	0.86383	0.86391			6
2025.08.19	01:05:57.722		0.86392			4
2025.08.19	01:05:58.033	0.86380	0.86391			6
2025.08.19	01:05:59.655	0.86381	0.86390			6
2025.08.19	01:06:00.561	0.86380	0.86391			6
2025.08.19	01:06:01.705		0.86390			4
2025.08.19	01:06:03.510	0.86379	0.86389			6
2025.08.19	01:06:03.862		0.86390			4
2025.08.19	01:06:04.334	0.86380	0.86391			6
2025.08.19	01:06:05.534	0.86379	0.86390			6
2025.08.19	01:06:06.763		0.86389			4
2025.08.19	01:06:10.471	0.86375	0.86385			6
2025.08.19	01:06:25.155		0.86386			4
2025.08.19	01:06:26.373	0.86380	0.86391			6
2025.08.19	01:06:26.722	0.86379				2
2025.08.19	01:06:34.523	0.86378				2
2025.08.19	01:06:35.957	0.86380				2
2025.08.19	01:06:36.470	0.86385	0.86394			6
2025.08.19	01:06:39.285		0.86395			4
2025.08.19	01:06:45.836	0.86386	0.86394			6
2025.08.19	01:06:47.344	0.86385				2
2025.08.19	01:06:47.882	0.86384				2
2025.08.19	01:06:48.234	0.86383				2
2025.08.19	01:07:01.834	0.86383				2
2025.08.19	01:07:05.323	0.86382				2
2025.08.19	01:07:05.654	0.86383				2
2025.08.19	01:07:09.255		0.86393			4
2025.08.19	01:07:14.271		0.86394			4
2025.08.19	01:07:18.354		0.86395			4
2025.08.19	01:07:19.404		0.86394			4
2025.08.19	01:07:31.861		0.86393			4
2025.08.19	01:07:33.257		0.86392			4
2025.08.19	01:07:35.355	0.86382				2
2025.08.19	01:07:37.155	0.86384	0.86394			6
2025.08.19	01:07:37.763	0.86387	0.86397			6
2025.08.19	01:07:38.352	0.86386				2
2025.08.19	01:07:39.255	0.86387				2
2025.08.19	01:07:39.773	0.86391	0.86399			6
2025.08.19	01:07:40.088	0.86389				2
2025.08.19	01:07:40.390		0.86398			4
2025.08.19	01:07:40.849	0.86388				2
2025.08.19	01:07:42.647	0.86390				2
2025.08.19	01:07:43.529		0.86399			4
2025.08.19	01:07:47.904		0.86398			4
2025.08.19	01:07:49.121		0.86399			4
2025.08.19	01:07:52.535	0.86394	0.86402			6
2025.08.19	01:07:53.267		0.86401			4
2025.08.19	01:07:54.256	0.86393				2
2025.08.19	01:07:56.356	0.86395				2
2025.08.19	01:07:58.109	0.86394				2
2025.08.19	01:07:58.658	0.86395	0.86402			6
2025.08.19	01:07:59.817	0.86394	0.86401			6
2025.08.19	01:08:00.142	0.86394	0.86399			6
2025.08.19	01:08:00.541		0.86400			4
2025.08.19	01:08:01.251		0.86401			4
2025.08.19	01:08:01.916		0.86402			4
2025.08.19	01:08:04.221	0.86395				2
2025.08.19	01:08:06.037	0.86394				2
2025.08.19	01:08:07.862	0.86395	0.86401			6
2025.08.19	01:08:09.242		0.86402			4
2025.08.19	01:08:09.631	0.86393	0.86401			6
2025.08.19	01:08:10.671	0.86395	0.86402			6
2025.08.19	01:08:11.859	0.86394	0.86400			6
2025.08.19	01:08:12.185		0.86401			4
2025.08.19	01:08:12.688		0.86400			4
2025.08.19	01:08:13.122	0.86393				2
2025.08.19	01:08:14.378		0.86401			4
2025.08.19	01:08:15.051		0.86402			4
2025.08.19	01:08:16.548	0.86394				2
2025.08.19	01:08:19.424	0.86393	0.86399			6
2025.08.19	01:08:19.739		0.86400			4
2025.08.19	01:08:20.478	0.86395				2
2025.08.19	01:08:20.843	0.86394	0.86399			6
2025.08.19	01:08:21.175	0.86393	0.86400			6
2025.08.19	01:08:21.485		0.86401			4
2025.08.19	01:08:22.301		0.86400			4
2025.08.19	01:08:25.157	0.86392				2
2025.08.19	01:08:25.965	0.86393				2
2025.08.19	01:08:26.304	0.86389	0.86398			6
2025.08.19	01:08:27.312	0.86391	0.86399			6
2025.08.19	01:08:28.118		0.86398			4
2025.08.19	01:08:28.454		0.86399			4
2025.08.19	01:08:28.843		0.86396			4
2025.08.19	01:08:29.575	0.86389	0.86397			6
2025.08.19	01:08:30.807		0.86396			4
2025.08.19	01:08:32.360	0.86388	0.86397			6
2025.08.19	01:08:33.549	0.86391	0.86398			6
2025.08.19	01:08:41.054	0.86392	0.86399			6
2025.08.19	01:08:41.360	0.86391				2
2025.08.19	01:08:43.755		0.86395			4
2025.08.19	01:08:44.066	0.86389	0.86397			6
2025.08.19	01:08:44.389	0.86390				2
2025.08.19	01:08:44.755		0.86398			4
2025.08.19	01:08:45.632	0.86393	0.86400			6
2025.08.19	01:08:51.202	0.86392				2
2025.08.19	01:08:54.382	0.86393				2
2025.08.19	01:09:00.361	0.86393				2
2025.08.19	01:09:03.568	0.86394				2
2025.08.19	01:09:20.954	0.86392				2
2025.08.19	01:09:22.158	0.86391	0.86399			6
2025.08.19	01:09:27.676		0.86398			4
2025.08.19	01:09:30.283	0.86392	0.86399			6
2025.08.19	01:09:31.358	0.86391	0.86398			6
2025.08.19	01:09:32.730	0.86382	0.86392			6
2025.08.19	01:09:33.803	0.86384	0.86391			6
2025.08.19	01:09:35.357	0.86386	0.86392			6
2025.08.19	01:09:37.999	0.86382	0.86389			6
2025.08.19	01:09:39.036		0.86388			4
2025.08.19	01:09:40.359		0.86389			4
2025.08.19	01:09:41.028	0.86387	0.86393			6
2025.08.19	01:09:41.361		0.86394			4
2025.08.19	01:09:43.078	0.86385				2
2025.08.19	01:09:43.409	0.86384	0.86390			6
2025.08.19	01:09:43.720	0.86383				2
2025.08.19	01:09:44.257	0.86387	0.86394			6
2025.08.19	01:09:45.619	0.86386				2
2025.08.19	01:09:49.458		0.86393			4
2025.08.19	01:09:52.074		0.86394			4
2025.08.19	01:09:55.981	0.86387				2
2025.08.19	01:09:56.311	0.86386				2
2025.08.19	01:09:57.375	0.86387				2
2025.08.19	01:09:59.699	0.86386				2
2025.08.19	01:10:00.702	0.86386	0.86392			6
2025.08.19	01:10:04.597	0.86388	0.86394			6
2025.08.19	01:10:04.977		0.86395			4
2025.08.19	01:10:07.350		0.86393			4
2025.08.19	01:10:16.353		0.86395			4
2025.08.19	01:10:16.661		0.86393			4
2025.08.19	01:10:19.022		0.86395			4
2025.08.19	01:10:19.657		0.86393			4
2025.08.19	01:10:22.723		0.86395			4
2025.08.19	01:10:24.216		0.86394			4
2025.08.19	01:10:24.725		0.86392			4
2025.08.19	01:10:26.150		0.86393			4
2025.08.19	01:10:29.584	0.86389	0.86395			6
2025.08.19	01:10:30.011		0.86394			4
2025.08.19	01:10:31.456		0.86396			4
2025.08.19	01:10:31.758	0.86390	0.86397			6
2025.08.19	01:10:32.359	0.86392	0.86399			6
2025.08.19	01:10:50.722	0.86391	0.86398			6
2025.08.19	01:10:56.738	0.86386	0.86394			6
2025.08.19	01:11:00.312	0.86383	0.86390			6
2025.08.19	01:11:01.473	0.86384	0.86392			6
2025.08.19	01:11:02.978		0.86393			4
2025.08.19	01:11:03.386	0.86385				2
2025.08.19	01:11:05.826	0.86386				2
2025.08.19	01:11:06.436	0.86385				2
2025.08.19	01:11:08.935		0.86392			4
2025.08.19	01:11:09.931		0.86393			4
2025.08.19	01:11:11.057	0.86386				2
2025.08.19	01:11:11.455	0.86385				2
2025.08.19	01:11:11.862	0.86386	0.86394			6
2025.08.19	01:11:17.407		0.86393			4
2025.08.19	01:11:17.885	0.86385	0.86394			6
2025.08.19	01:11:23.961		0.86393			4
2025.08.19	01:11:27.901		0.86394			4
2025.08.19	01:11:33.118	0.86387				2
2025.08.19	01:11:36.693	0.86386	0.86393			6
2025.08.19	01:11:46.344		0.86394			4
2025.08.19	01:11:50.752	0.86381	0.86388			6
2025.08.19	01:11:51.585	0.86382	0.86389			6
2025.08.19	01:11:52.792	0.86383				2
2025.08.19	01:11:53.961	0.86380	0.86387			6
2025.08.19	01:11:57.611		0.86386			4
2025.08.19	01:12:00.420	0.86380				2
2025.08.19	01:12:00.855		0.86387			4
2025.08.19	01:12:01.973		0.86386			4
2025.08.19	01:12:03.076		0.86387			4
2025.08.19	01:12:06.775	0.86381	0.86388			6
2025.08.19	01:12:07.736		0.86387			4
2025.08.19	01:12:08.216	0.86380	0.86386			6
2025.08.19	01:12:09.948		0.86387			4
2025.08.19	01:12:10.837	0.86379	0.86386			6
2025.08.19	01:12:13.361	0.86380	0.86387			6
2025.08.19	01:12:14.606	0.86381	0.86388			6
2025.08.19	01:12:17.956	0.86380	0.86387			6
2025.08.19	01:12:19.089	0.86381				2
2025.08.19	01:12:19.774		0.86388			4
2025.08.19	01:12:20.923	0.86383	0.86389			6
2025.08.19	01:12:22.673	0.86382	0.86388			6
2025.08.19	01:12:24.907	0.86383				2
2025.08.19	01:12:26.974	0.86382				2
2025.08.19	01:12:29.548	0.86383				2
2025.08.19	01:12:30.856	0.86384	0.86389			6
2025.08.19	01:12:36.225	0.86383				2
2025.08.19	01:12:38.656	0.86384				2
2025.08.19	01:12:43.344	0.86383	0.86388			6
2025.08.19	01:12:46.987	0.86384	0.86389			6
2025.08.19	01:12:56.954		0.86390			4
2025.08.19	01:13:01.078	0.86384				2
2025.08.19	01:13:08.180	0.86385				2
2025.08.19	01:13:13.914	0.86384				2
2025.08.19	01:13:14.647		0.86389			4
2025.08.19	01:13:18.190	0.86383				2
2025.08.19	01:13:19.054	0.86386	0.86391			6
2025.08.19	01:13:19.756	0.86385	0.86390			6
2025.08.19	01:13:20.316		0.86391			4
2025.08.19	01:13:22.871		0.86390			4
2025.08.19	01:13:23.977		0.86391			4
2025.08.19	01:13:24.322	0.86386	0.86390			6
2025.08.19	01:13:26.267	0.86385				2
2025.08.19	01:13:28.457	0.86386				2
2025.08.19	01:13:30.695	0.86385				2
2025.08.19	01:13:33.163	0.86386				2
2025.08.19	01:13:37.552	0.86385				2
2025.08.19	01:13:40.783		0.86391			4
2025.08.19	01:13:41.318		0.86390			4
2025.08.19	01:13:47.307		0.86391			4
2025.08.19	01:13:49.757	0.86386				2
2025.08.19	01:13:50.672		0.86390			4
2025.08.19	01:13:56.058	0.86385				2
2025.08.19	01:14:00.772	0.86385	0.86391			6
2025.08.19	01:14:01.790	0.86386				2
2025.08.19	01:14:02.573	0.86388	0.86392			6
2025.08.19	01:14:02.928		0.86393			4
2025.08.19	01:14:03.335		0.86392			4
2025.08.19	01:14:05.612	0.86389				2
2025.08.19	01:14:23.578	0.86390	0.86393			6
2025.08.19	01:14:26.169	0.86389				2
2025.08.19	01:14:32.003		0.86394			4
2025.08.19	01:14:37.276	0.86390				2
2025.08.19	01:14:37.645	0.86386	0.86391			6
2025.08.19	01:14:38.281	0.86388	0.86392			6
2025.08.19	01:14:40.367	0.86387	0.86391			6
2025.08.19	01:14:42.429	0.86386	0.86390			6
2025.08.19	01:14:44.355	0.86383	0.86388			6
2025.08.19	01:14:44.663		0.86387			4
2025.08.19	01:14:45.626	0.86382				2
2025.08.19	01:14:45.941	0.86378	0.86383			6
2025.08.19	01:14:46.261		0.86384			4
2025.08.19	01:14:47.311	0.86381	0.86385			6
2025.08.19	01:14:52.758		0.86384			4
2025.08.19	01:14:54.374		0.86387			4
2025.08.19	01:14:54.843		0.86388			4
2025.08.19	01:14:55.933	0.86380	0.86387			6
2025.08.19	01:14:56.354		0.86386			4
2025.08.19	01:14:59.354		0.86387			4
2025.08.19	01:15:00.398	0.86380	0.86386			6
2025.08.19	01:15:06.080	0.86379	0.86387			6
2025.08.19	01:15:07.542	0.86378	0.86385			6
2025.08.19	01:15:11.454	0.86380	0.86386			6
2025.08.19	01:15:15.215	0.86379	0.86387			6
2025.08.19	01:15:26.497	0.86376	0.86384			6
2025.08.19	01:15:28.606	0.86375				2
2025.08.19	01:15:28.917		0.86383			4
2025.08.19	01:15:29.386	0.86376				2
2025.08.19	01:15:32.389	0.86375				2
2025.08.19	01:15:34.285	0.86377	0.86385			6
2025.08.19	01:15:34.887		0.86384			4
2025.08.19	01:15:42.892		0.86385			4
2025.08.19	01:15:44.374		0.86386			4
2025.08.19	01:15:49.466	0.86378				2
2025.08.19	01:16:00.366	0.86378				2
2025.08.19	01:16:03.218	0.86377				2
2025.08.19	01:16:07.538	0.86378				2
2025.08.19	01:16:13.042		0.86383			4
2025.08.19	01:16:15.358	0.86379	0.86384			6
2025.08.19	01:16:18.516		0.86382			4
2025.08.19	01:16:20.355	0.86378				2
2025.08.19	01:16:24.676	0.86379				2
2025.08.19	01:16:27.257		0.86384			4
2025.08.19	01:16:33.554	0.86376	0.86380			6
2025.08.19	01:16:36.243	0.86375	0.86381			6
2025.08.19	01:16:48.252		0.86382			4
2025.08.19	01:16:51.425	0.86374	0.86381			6
2025.08.19	01:16:52.832	0.86375				2
2025.08.19	01:16:55.043	0.86371	0.86377			6
2025.08.19	01:17:00.196	0.86372				2
2025.08.19	01:17:00.990	0.86367	0.86375			6
2025.08.19	01:17:04.347	0.86368	0.86377			6
2025.08.19	01:17:04.951	0.86366	0.86375			6
2025.08.19	01:17:05.302		0.86376			4
2025.08.19	01:17:06.347		0.86375			4
2025.08.19	01:17:08.656		0.86376			4
2025.08.19	01:17:14.883		0.86375			4
2025.08.19	01:17:18.363	0.86364	0.86372			6
2025.08.19	01:17:21.370	0.86365	0.86373			6
2025.08.19	01:17:22.447	0.86366	0.86374			6
2025.08.19	01:17:22.906	0.86365				2
2025.08.19	01:17:24.260	0.86366				2
2025.08.19	01:17:33.172		0.86373			4
2025.08.19	01:17:36.922		0.86374			4
2025.08.19	01:17:39.324	0.86365	0.86370			6
2025.08.19	01:17:40.075	0.86368	0.86375			6
2025.08.19	01:17:40.404		0.86376			4
2025.08.19	01:17:40.857		0.86377			4
2025.08.19	01:17:50.667	0.86369	0.86376			6
2025.08.19	01:17:51.495		0.86375			4
2025.08.19	01:17:54.385		0.86376			4
2025.08.19	01:17:58.845		0.86375			4
2025.08.19	01:18:00.259	0.86369				2
2025.08.19	01:18:06.242		0.86376			4
2025.08.19	01:18:07.969	0.86373	0.86377			6
2025.08.19	01:18:16.995	0.86370				2
2025.08.19	01:18:17.962	0.86369				2
2025.08.19	01:18:20.320	0.86370				2
2025.08.19	01:18:27.536		0.86376			4
2025.08.19	01:18:37.427	0.86372	0.86378			6
2025.08.19	01:18:44.770		0.86380			4
2025.08.19	01:19:00.558	0.86372				2
2025.08.19	01:19:04.269		0.86379			4
2025.08.19	01:19:05.656	0.86371				2
2025.08.19	01:19:05.980	0.86372				2
2025.08.19	01:19:11.021	0.86370	0.86377			6
2025.08.19	01:19:11.339	0.86369				2
2025.08.19	01:19:12.673		0.86376			4
2025.08.19	01:19:28.180	0.86368				2
2025.08.19	01:19:34.402	0.86367	0.86375			6
2025.08.19	01:19:34.725	0.86364	0.86372			6
2025.08.19	01:19:35.948		0.86371			4
2025.08.19	01:19:36.354		0.86372			4
2025.08.19	01:19:37.156	0.86365				2
2025.08.19	01:19:43.893	0.86367	0.86374			6
2025.08.19	01:19:44.287	0.86366				2
2025.08.19	01:19:44.877	0.86365	0.86372			6
2025.08.19	01:19:49.436	0.86364				2
2025.08.19	01:20:00.357	0.86364				2
2025.08.19	01:20:10.164		0.86371			4
2025.08.19	01:20:11.359		0.86372			4
2025.08.19	01:20:11.664	0.86365	0.86371			6
2025.08.19	01:20:12.296	0.86362	0.86368			6
2025.08.19	01:20:13.450	0.86361				2
2025.08.19	01:20:15.244	0.86360	0.86367			6
2025.08.19	01:20:17.311		0.86366			4
2025.08.19	01:20:31.263		0.86365			4
2025.08.19	01:20:36.084		0.86366			4
2025.08.19	01:20:37.172		0.86365			4
2025.08.19	01:20:44.432	0.86361	0.86367			6
2025.08.19	01:20:57.855	0.86366	0.86372			6
2025.08.19	01:20:58.160	0.86367				2
2025.08.19	01:21:00.452	0.86366	0.86370			6
2025.08.19	01:21:01.101	0.86365				2
2025.08.19	01:21:06.658	0.86366	0.86371			6
2025.08.19	01:21:14.752		0.86372			4
2025.08.19	01:21:34.361	0.86370	0.86376			6
2025.08.19	01:21:35.548	0.86369	0.86375			6
2025.08.19	01:21:41.347	0.86368	0.86373			6
2025.08.19	01:21:53.695	0.86372	0.86376			6
2025.08.19	01:21:54.752	0.86371				2
2025.08.19	01:21:56.017		0.86377			4
2025.08.19	01:22:03.407	0.86371				2
2025.08.19	01:22:05.008	0.86369	0.86376			6
2025.08.19	01:22:14.381	0.86368				2
2025.08.19	01:22:14.712		0.86375			4
2025.08.19	01:22:15.412		0.86376			4
2025.08.19	01:22:28.780	0.86369				2
2025.08.19	01:22:29.596		0.86373			4
2025.08.19	01:22:29.917		0.86374			4
2025.08.19	01:22:37.646	0.86366	0.86372			6
2025.08.19	01:22:39.820	0.86367				2
2025.08.19	01:22:40.358		0.86371			4
2025.08.19	01:22:43.233	0.86366				2
2025.08.19	01:23:00.358	0.86366				2
2025.08.19	01:23:34.364	0.86370	0.86373			6
2025.08.19	01:23:34.667		0.86374			4
2025.08.19	01:23:45.752	0.86371	0.86375			6
2025.08.19	01:23:46.311		0.86376			4
2025.08.19	01:23:49.776	0.86369	0.86374			6
2025.08.19	01:23:54.926	0.86368	0.86373			6
2025.08.19	01:23:55.239		0.86372			4
2025.08.19	01:24:00.120	0.86368				2
2025.08.19	01:24:03.505	0.86377	0.86382			6
2025.08.19	01:24:03.808	0.86375				2
2025.08.19	01:24:04.138	0.86379				2
2025.08.19	01:24:08.452		0.86383			4
2025.08.19	01:24:11.302		0.86382			4
2025.08.19	01:24:13.577		0.86383			4
2025.08.19	01:24:18.978	0.86376				2
2025.08.19	01:24:19.396		0.86382			4
2025.08.19	01:24:20.039		0.86383			4
2025.08.19	01:24:23.007	0.86380	0.86386			6
2025.08.19	01:24:23.320		0.86385			4
2025.08.19	01:24:30.095	0.86378	0.86384			6
2025.08.19	01:24:38.067	0.86380				2
2025.08.19	01:24:38.384	0.86378	0.86382			6
2025.08.19	01:24:38.700	0.86376	0.86381			6
2025.08.19	01:24:39.043		0.86380			4
2025.08.19	01:24:39.396		0.86381			4
2025.08.19	01:24:46.983	0.86377	0.86382			6
2025.08.19	01:24:47.300	0.86379	0.86383			6
2025.08.19	01:24:47.615		0.86385			4
2025.08.19	01:24:53.440	0.86380				2
2025.08.19	01:24:59.355	0.86379				2
2025.08.19	01:25:00.022	0.86379				2
2025.08.19	01:25:00.933	0.86380				2
2025.08.19	01:25:03.315	0.86379				2
2025.08.19	01:25:08.195	0.86384	0.86386			6
2025.08.19	01:25:17.055	0.86383				2
2025.08.19	01:25:23.755		0.86387			4
2025.08.19	01:25:24.121		0.86388			4
2025.08.19	01:25:26.507	0.86384	0.86386			6
2025.08.19	01:25:30.526		0.86385			4
2025.08.19	01:25:38.813	0.86385	0.86386			6
2025.08.19	01:25:47.715	0.86384				2
2025.08.19	01:25:51.045	0.86385	0.86388			6
2025.08.19	01:25:52.499		0.86386			4
2025.08.19	01:25:56.066		0.86388			4
2025.08.19	01:25:56.439	0.86384	0.86385			6
2025.08.19	01:26:00.023	0.86384				2
2025.08.19	01:26:31.013	0.86383				2
2025.08.19	01:26:51.555	0.86384				2
2025.08.19	01:26:56.354		0.86386			4
2025.08.19	01:27:01.757	0.86384				2
2025.08.19	01:27:05.152	0.86381	0.86382			6
2025.08.19	01:27:05.830		0.86383			4
2025.08.19	01:27:09.496	0.86380	0.86382			6
2025.08.19	01:27:10.076	0.86376				2
2025.08.19	01:27:10.379		0.86381			4
2025.08.19	01:27:13.190	0.86377	0.86382			6
2025.08.19	01:27:13.801		0.86383			4
2025.08.19	01:27:15.906		0.86382			4
2025.08.19	01:27:21.599		0.86380			4
2025.08.19	01:27:22.081		0.86381			4
2025.08.19	01:27:23.736	0.86378				2
2025.08.19	01:27:29.970	0.86377				2
2025.08.19	01:27:31.309		0.86382			4
2025.08.19	01:27:32.356	0.86374	0.86379			6
2025.08.19	01:27:32.659		0.86380			4
2025.08.19	01:27:33.299		0.86379			4
2025.08.19	01:27:33.631		0.86380			4
2025.08.19	01:27:36.097		0.86379			4
2025.08.19	01:27:36.639		0.86381			4
2025.08.19	01:27:38.353		0.86379			4
2025.08.19	01:27:40.391		0.86378			4
2025.08.19	01:27:45.633	0.86372	0.86376			6
2025.08.19	01:27:48.871		0.86377			4
2025.08.19	01:27:51.323	0.86371	0.86375			6
2025.08.19	01:28:00.406	0.86374	0.86377			6
2025.08.19	01:28:00.721	0.86375				2
2025.08.19	01:28:01.366	0.86373	0.86376			6
2025.08.19	01:28:02.380	0.86372				2
2025.08.19	01:28:40.515	0.86379	0.86383			6
2025.08.19	01:28:40.835	0.86378	0.86382			6
2025.08.19	01:28:41.655	0.86377	0.86383			6
2025.08.19	01:28:41.958		0.86382			4
2025.08.19	01:29:00.703	0.86377	0.86381			6
2025.08.19	01:29:02.862		0.86383			4
2025.08.19	01:29:10.098	0.86379	0.86382			6
2025.08.19	01:29:10.401	0.86377				2
2025.08.19	01:29:21.707		0.86381			4
2025.08.19	01:29:30.537	0.86378				2
2025.08.19	01:29:31.720	0.86377				2
2025.08.19	01:29:40.756	0.86378				2
2025.08.19	01:29:41.378	0.86376				2
2025.08.19	01:29:41.922		0.86380			4
2025.08.19	01:30:00.561	0.86376				2
2025.08.19	01:30:03.390	0.86378	0.86379			6
2025.08.19	01:30:07.023	0.86376				2
2025.08.19	01:30:07.414		0.86380			4
2025.08.19	01:30:15.357		0.86381			4
2025.08.19	01:30:53.363		0.86383			4
2025.08.19	01:30:57.562	0.86377				2
2025.08.19	01:31:00.323	0.86377	0.86382			6
2025.08.19	01:31:03.013	0.86376	0.86381			6
2025.08.19	01:31:06.280	0.86377	0.86379			6
2025.08.19	01:31:15.731	0.86381	0.86385			6
2025.08.19	01:31:16.061		0.86386			4
2025.08.19	01:31:17.081		0.86385			4
2025.08.19	01:31:18.365	0.86382	0.86386			6
2025.08.19	01:31:26.203		0.86385			4
2025.08.19	01:32:01.004	0.86382				2
2025.08.19	01:32:06.079		0.86387			4
2025.08.19	01:32:08.828	0.86379	0.86381			6
2025.08.19	01:32:09.386		0.86380			4
2025.08.19	01:32:13.456	0.86378				2
2025.08.19	01:32:13.829	0.86379				2
2025.08.19	01:32:19.643	0.86383	0.86385			6
2025.08.19	01:32:29.061	0.86381	0.86383			6
2025.08.19	01:32:30.653	0.86378	0.86380			6
2025.08.19	01:32:31.014		0.86381			4
2025.08.19	01:32:31.408		0.86380			4
2025.08.19	01:32:45.731	0.86379				2
2025.08.19	01:32:49.158	0.86378				2
2025.08.19	01:32:55.126	0.86376	0.86379			6
2025.08.19	01:33:00.275	0.86376				2
2025.08.19	01:33:03.140	0.86377	0.86378			6
2025.08.19	01:33:03.872	0.86375	0.86376			6
2025.08.19	01:33:04.178	0.86374	0.86375			6
2025.08.19	01:33:04.482		0.86376			4
2025.08.19	01:33:07.904		0.86375			4
2025.08.19	01:33:16.895	0.86375	0.86377			6
2025.08.19	01:33:21.342	0.86373	0.86375			6
2025.08.19	01:33:21.736		0.86374			4
2025.08.19	01:33:30.617	0.86372				2
2025.08.19	01:33:31.166	0.86373	0.86376			6
2025.08.19	01:33:31.478	0.86372	0.86375			6
2025.08.19	01:33:43.326	0.86371				2
2025.08.19	01:33:43.691	0.86372				2
2025.08.19	01:33:44.076	0.86371				2
2025.08.19	01:34:02.148	0.86371				2
2025.08.19	01:34:19.137	0.86372	0.86374			6
2025.08.19	01:34:19.741	0.86373	0.86376			6
2025.08.19	01:34:43.312	0.86374	0.86377			6
2025.08.19	01:34:49.589	0.86373	0.86378			6
2025.08.19	01:35:00.359	0.86373				2
2025.08.19	01:35:04.537		0.86376			4
2025.08.19	01:35:13.906	0.86378	0.86384			6
2025.08.19	01:35:19.973	0.86373	0.86378			6
2025.08.19	01:35:23.720	0.86374				2
2025.08.19	01:35:34.178		0.86377			4
2025.08.19	01:35:34.480		0.86376			4
2025.08.19	01:35:34.922	0.86378	0.86379			6
2025.08.19	01:36:00.455	0.86377	0.86383			6
2025.08.19	01:36:01.951	0.86379	0.86382			6
2025.08.19	01:36:06.673		0.86380			4
2025.08.19	01:36:09.453	0.86376	0.86379			6
2025.08.19	01:36:12.274	0.86378	0.86382			6
2025.08.19	01:36:20.001	0.86380	0.86384			6
2025.08.19	01:36:21.498		0.86382			4
2025.08.19	01:36:23.523		0.86385			4
2025.08.19	01:36:24.739		0.86384			4
2025.08.19	01:36:29.956	0.86379				2
2025.08.19	01:36:39.915	0.86377	0.86380			6
2025.08.19	01:36:40.219	0.86376				2
2025.08.19	01:36:41.069		0.86378			4
2025.08.19	01:36:43.546	0.86379	0.86384			6
2025.08.19	01:36:51.743		0.86380			4
2025.08.19	01:36:52.868		0.86381			4
2025.08.19	01:36:53.381		0.86382			4
2025.08.19	01:37:02.026	0.86379				2
2025.08.19	01:37:03.084		0.86385			4
2025.08.19	01:37:14.709		0.86383			4
2025.08.19	01:37:26.567		0.86382			4
2025.08.19	01:37:39.430		0.86380			4
2025.08.19	01:37:40.174		0.86381			4
2025.08.19	01:37:44.778		0.86383			4
2025.08.19	01:37:46.057		0.86381			4
2025.08.19	01:37:50.201		0.86383			4
2025.08.19	01:38:03.698	0.86378	0.86379			6
2025.08.19	01:38:08.032	0.86377				2
2025.08.19	01:38:15.798	0.86378	0.86380			6
2025.08.19	01:38:16.108	0.86377				2
2025.08.19	01:38:16.915		0.86379			4
2025.08.19	01:38:20.358	0.86378				2
2025.08.19	01:38:23.191		0.86380			4
2025.08.19	01:38:24.075		0.86379			4
2025.08.19	01:38:24.454	0.86377				2
2025.08.19	01:38:25.858	0.86379	0.86384			6
2025.08.19	01:38:51.188		0.86382			4
2025.08.19	01:39:04.864	0.86379				2
2025.08.19	01:39:19.420	0.86380	0.86385			6
2025.08.19	01:39:20.825	0.86379	0.86382			6
2025.08.19	01:39:22.777		0.86381			4
2025.08.19	01:39:23.852		0.86382			4
2025.08.19	01:39:37.956	0.86378	0.86380			6
2025.08.19	01:39:40.038	0.86379	0.86381			6
2025.08.19	01:39:41.322		0.86383			4
2025.08.19	01:39:47.984		0.86384			4
2025.08.19	01:39:49.115		0.86383			4
2025.08.19	01:39:53.383		0.86384			4
2025.08.19	01:39:53.765	0.86377	0.86379			6
2025.08.19	01:39:54.225		0.86380			4
2025.08.19	01:39:54.544		0.86379			4
2025.08.19	01:39:59.933	0.86379	0.86381			6
2025.08.19	01:40:00.898	0.86379				2
2025.08.19	01:40:05.355	0.86378				2
2025.08.19	01:40:42.858		0.86382			4
2025.08.19	01:40:48.981		0.86380			4
2025.08.19	01:40:53.521	0.86377				2
2025.08.19	01:41:01.517	0.86377				2
2025.08.19	01:41:10.978		0.86381			4
2025.08.19	01:41:11.356	0.86378				2
2025.08.19	01:41:32.416		0.86382			4
2025.08.19	01:42:00.871	0.86378				2
2025.08.19	01:42:20.496	0.86377	0.86380			6
2025.08.19	01:42:27.248	0.86379	0.86383			6
2025.08.19	01:42:28.015	0.86377	0.86381			6
2025.08.19	01:42:30.750		0.86380			4
2025.08.19	01:42:42.932	0.86378				2
2025.08.19	01:42:47.355	0.86377				2
2025.08.19	01:42:50.328		0.86379			4
2025.08.19	01:43:00.448	0.86377	0.86380			6
2025.08.19	01:43:00.769	0.86376				2
2025.08.19	01:43:15.333	0.86377				2
2025.08.19	01:43:15.897		0.86381			4
2025.08.19	01:43:18.576	0.86378				2
2025.08.19	01:43:59.544		0.86382			4
2025.08.19	01:44:00.979	0.86378				2
2025.08.19	01:44:02.981	0.86379	0.86383			6
2025.08.19	01:44:04.216		0.86380			4
2025.08.19	01:44:12.792		0.86383			4
2025.08.19	01:44:13.559		0.86382			4
2025.08.19	01:44:15.221		0.86380			4
2025.08.19	01:44:27.856	0.86378				2
2025.08.19	01:44:41.459	0.86379				2
2025.08.19	01:44:50.084		0.86381			4
2025.08.19	01:44:55.321		0.86382			4
2025.08.19	01:45:01.885	0.86379				2
2025.08.19	01:45:55.489		0.86382			4
2025.08.19	01:46:00.676	0.86379				2
2025.08.19	01:46:21.227		0.86380			4
2025.08.19	01:46:22.374		0.86382			4
2025.08.19	01:46:45.363		0.86380			4
2025.08.19	01:47:00.855	0.86379				2
2025.08.19	01:47:31.112	0.86376	0.86379			6
2025.08.19	01:47:45.587	0.86375	0.86378			6
2025.08.19	01:47:51.475		0.86377			4
2025.08.19	01:47:52.328	0.86374				2
2025.08.19	01:48:00.417	0.86374	0.86378			6
2025.08.19	01:48:10.980	0.86376	0.86379			6
2025.08.19	01:48:13.154	0.86377				2
2025.08.19	01:48:16.093	0.86376				2
2025.08.19	01:48:16.683		0.86378			4
2025.08.19	01:48:17.415		0.86379			4
2025.08.19	01:48:25.044	0.86379	0.86381			6
2025.08.19	01:48:25.359	0.86378				2
2025.08.19	01:48:32.121	0.86381	0.86384			6
2025.08.19	01:48:32.801	0.86379	0.86381			6
2025.08.19	01:48:54.084		0.86383			4
2025.08.19	01:49:00.581	0.86379				2
2025.08.19	01:49:18.506		0.86382			4
2025.08.19	01:49:46.258	0.86380	0.86384			6
2025.08.19	01:50:00.978	0.86380				2
2025.08.19	01:50:12.472	0.86381	0.86382			6
2025.08.19	01:50:22.918	0.86380	0.86381			6
2025.08.19	01:51:00.359	0.86379	0.86380			6
2025.08.19	01:51:01.130		0.86382			4
2025.08.19	01:51:01.457		0.86380			4
2025.08.19	01:51:02.826		0.86384			4
2025.08.19	01:51:04.390		0.86380			4
2025.08.19	01:51:25.618	0.86380	0.86381			6
2025.08.19	01:52:02.530	0.86380				2
2025.08.19	01:52:09.089	0.86379				2
2025.08.19	01:52:21.860	0.86381	0.86385			6
2025.08.19	01:52:22.172		0.86384			4
2025.08.19	01:53:00.808	0.86380				2
2025.08.19	01:53:07.637	0.86381				2
2025.08.19	01:53:22.804		0.86384			4
2025.08.19	01:53:39.459		0.86383			4
2025.08.19	01:53:41.587		0.86384			4
2025.08.19	01:54:00.027	0.86381				2
2025.08.19	01:54:03.158	0.86380	0.86383			6
2025.08.19	01:54:03.463		0.86381			4
2025.08.19	01:54:21.378	0.86381	0.86382			6
2025.08.19	01:54:43.696	0.86380	0.86381			6
2025.08.19	01:55:11.110	0.86380				2
2025.08.19	01:55:30.192	0.86381	0.86382			6
2025.08.19	01:55:40.517		0.86383			4
2025.08.19	01:55:48.934		0.86382			4
2025.08.19	01:56:00.386	0.86381				2
2025.08.19	01:56:07.453	0.86380	0.86381			6
2025.08.19	01:56:28.293	0.86381	0.86382			6
2025.08.19	01:57:01.189	0.86381				2
2025.08.19	01:57:11.700	0.86380	0.86381			6
2025.08.19	01:57:14.410	0.86382	0.86385			6
2025.08.19	01:57:15.489	0.86381				2
2025.08.19	01:57:16.383	0.86385	0.86387			6
2025.08.19	01:57:16.692		0.86386			4
2025.08.19	01:57:17.026		0.86387			4
2025.08.19	01:57:30.435		0.86389			4
2025.08.19	01:57:53.359	0.86384	0.86386			6
2025.08.19	01:57:54.401	0.86383	0.86384			6
2025.08.19	01:58:00.107	0.86383				2
2025.08.19	01:58:00.644		0.86386			4
2025.08.19	01:58:01.583		0.86384			4
2025.08.19	01:58:04.275	0.86385	0.86386			6
2025.08.19	01:58:09.922	0.86382	0.86384			6
2025.08.19	01:58:10.274	0.86383				2
2025.08.19	01:58:11.203	0.86381	0.86382			6
2025.08.19	01:58:24.255	0.86382	0.86383			6
2025.08.19	01:58:25.091	0.86380	0.86381			6
2025.08.19	01:58:25.702	0.86381	0.86382			6
2025.08.19	01:58:28.360	0.86380	0.86381			6
2025.08.19	01:59:00.371	0.86380				2
2025.08.19	01:59:00.830	0.86381	0.86383			6
2025.08.19	01:59:01.857		0.86382			4
2025.08.19	01:59:05.384	0.86379	0.86380			6
2025.08.19	01:59:09.119	0.86378				2
2025.08.19	01:59:15.603	0.86380	0.86381			6
2025.08.19	01:59:23.665	0.86383	0.86384			6
2025.08.19	01:59:27.677	0.86381				2
2025.08.19	01:59:28.365	0.86383	0.86386			6
2025.08.19	01:59:29.384	0.86382				2
2025.08.19	01:59:34.379	0.86383				2
2025.08.19	01:59:42.326	0.86384	0.86385			6
2025.08.19	01:59:42.680	0.86385	0.86389			6
2025.08.19	01:59:44.973		0.86388			4
2025.08.19	01:59:47.900		0.86389			4
2025.08.19	01:59:48.272		0.86388			4
2025.08.19	01:59:51.854	0.86386				2
2025.08.19	02:00:00.205	0.86385	0.86386			6
2025.08.19	02:00:04.989		0.86387			4
2025.08.19	02:00:06.363	0.86384	0.86385			6
2025.08.19	02:00:07.367		0.86386			4
2025.08.19	02:00:07.809		0.86385			4
2025.08.19	02:00:08.223		0.86386			4
2025.08.19	02:00:08.836		0.86385			4
2025.08.19	02:00:09.763		0.86386			4
2025.08.19	02:00:11.276		0.86385			4
2025.08.19	02:00:11.652	0.86385	0.86386			6
2025.08.19	02:00:18.393		0.86387			4
2025.08.19	02:00:18.702		0.86386			4
2025.08.19	02:00:19.029	0.86388	0.86390			6
2025.08.19	02:00:20.918	0.86387	0.86388			6
2025.08.19	02:00:26.111		0.86391			4
2025.08.19	02:00:30.974	0.86385	0.86388			6
2025.08.19	02:00:32.339		0.86387			4
2025.08.19	02:00:41.632	0.86387	0.86389			6
2025.08.19	02:00:53.364	0.86388	0.86390			6
2025.08.19	02:01:01.412	0.86388				2
2025.08.19	02:01:26.468	0.86386	0.86388			6
2025.08.19	02:01:27.947		0.86387			4
2025.08.19	02:01:34.381	0.86384	0.86386			6
2025.08.19	02:01:45.753		0.86385			4
2025.08.19	02:01:51.740		0.86386			4
2025.08.19	02:01:53.543		0.86385			4
2025.08.19	02:01:55.639	0.86385	0.86386			6
2025.08.19	02:01:58.137	0.86384				2
2025.08.19	02:02:00.288	0.86384				2
2025.08.19	02:02:03.121		0.86385			4
2025.08.19	02:02:03.828	0.86383	0.86384			6
2025.08.19	02:02:09.283	0.86382				2
2025.08.19	02:02:11.283	0.86383				2
2025.08.19	02:02:17.380	0.86381	0.86382			6
2025.08.19	02:02:28.806	0.86382	0.86383			6
2025.08.19	02:02:30.936	0.86383	0.86384			6
2025.08.19	02:02:32.449	0.86381	0.86382			6
2025.08.19	02:02:35.954	0.86382	0.86383			6
2025.08.19	02:02:44.300	0.86380	0.86381			6
2025.08.19	02:02:53.510	0.86381	0.86382			6
2025.08.19	02:02:56.962	0.86382	0.86383			6
2025.08.19	02:03:00.454	0.86382				2
2025.08.19	02:03:20.317	0.86381	0.86382			6
2025.08.19	02:03:26.653	0.86380	0.86381			6
2025.08.19	02:03:28.386	0.86378	0.86380			6
2025.08.19	02:03:37.287	0.86379				2
2025.08.19	02:03:45.355	0.86380	0.86381			6
2025.08.19	02:03:54.557	0.86379				2
2025.08.19	02:03:54.975	0.86381	0.86382			6
2025.08.19	02:03:58.351	0.86380	0.86381			6
2025.08.19	02:04:03.435	0.86379	0.86380			6
2025.08.19	02:04:09.311	0.86375	0.86377			6
2025.08.19	02:04:28.973	0.86376				2
2025.08.19	02:04:33.876	0.86377	0.86378			6
2025.08.19	02:04:35.807	0.86380	0.86381			6
2025.08.19	02:05:00.848	0.86380				2
2025.08.19	02:05:27.121		0.86382			4
2025.08.19	02:05:42.532		0.86381			4
2025.08.19	02:05:58.350	0.86382	0.86383			6
2025.08.19	02:06:00.363	0.86382				2
2025.08.19	02:06:13.135	0.86381	0.86382			6
2025.08.19	02:06:32.687		0.86383			4
2025.08.19	02:07:03.327	0.86382	0.86384			6
2025.08.19	02:08:02.126	0.86383	0.86387			6
2025.08.19	02:08:16.731		0.86384			4
2025.08.19	02:08:18.407	0.86380	0.86381			6
2025.08.19	02:08:18.815		0.86382			4
2025.08.19	02:08:39.627		0.86381			4
2025.08.19	02:09:02.048	0.86380				2
2025.08.19	02:09:16.349	0.86377	0.86378			6
2025.08.19	02:09:20.355	0.86376	0.86377			6
2025.08.19	02:09:35.435	0.86377	0.86378			6
2025.08.19	02:09:49.477	0.86376	0.86377			6
2025.08.19	02:09:49.778	0.86379	0.86380			6
2025.08.19	02:09:51.334	0.86376	0.86377			6
2025.08.19	02:09:53.015	0.86375	0.86376			6
2025.08.19	02:09:57.552		0.86377			4
2025.08.19	02:10:00.082	0.86376				2
2025.08.19	02:10:07.986	0.86375	0.86376			6
2025.08.19	02:10:15.032	0.86376	0.86377			6
2025.08.19	02:10:25.468	0.86375	0.86376			6
2025.08.19	02:10:25.800	0.86376	0.86377			6
2025.08.19	02:10:26.439	0.86375	0.86376			6
2025.08.19	02:10:31.009	0.86376	0.86377			6
2025.08.19	02:10:32.154	0.86374	0.86375			6
2025.08.19	02:10:32.475	0.86375	0.86376			6
2025.08.19	02:10:32.880	0.86374	0.86375			6
2025.08.19	02:10:54.383	0.86375	0.86376			6
2025.08.19	02:11:00.354	0.86374	0.86375			6
2025.08.19	02:11:14.343	0.86375	0.86376			6
2025.08.19	02:11:15.352	0.86374	0.86375			6
2025.08.19	02:11:20.222	0.86375	0.86376			6
2025.08.19	02:11:37.261	0.86372	0.86374			6
2025.08.19	02:11:37.566	0.86373				2
2025.08.19	02:11:38.725	0.86372				2
2025.08.19	02:11:50.379	0.86371	0.86373			6
2025.08.19	02:11:52.419	0.86372				2
2025.08.19	02:11:57.404	0.86371				2
2025.08.19	02:12:00.507	0.86372				2
2025.08.19	02:12:19.113	0.86371				2
2025.08.19	02:12:32.239		0.86372			4
2025.08.19	02:12:48.994	0.86372	0.86373			6
2025.08.19	02:12:56.679	0.86371	0.86372			6
2025.08.19	02:13:00.264	0.86371				2
2025.08.19	02:13:06.901	0.86370				2
2025.08.19	02:13:08.092	0.86371				2
2025.08.19	02:13:13.540	0.86372	0.86373			6
2025.08.19	02:13:18.004	0.86371	0.86372			6
2025.08.19	02:13:18.548	0.86372	0.86373			6
2025.08.19	02:13:26.062	0.86371	0.86372			6
2025.08.19	02:13:30.564	0.86372	0.86373			6
2025.08.19	02:13:31.292	0.86373	0.86374			6
2025.08.19	02:13:37.288	0.86374	0.86375			6
2025.08.19	02:13:37.595	0.86373	0.86374			6
2025.08.19	02:13:39.418	0.86374	0.86375			6
2025.08.19	02:13:39.952	0.86373	0.86374			6
2025.08.19	02:13:45.453	0.86374	0.86375			6
2025.08.19	02:13:47.320	0.86373	0.86374			6
2025.08.19	02:13:48.003	0.86374	0.86375			6
2025.08.19	02:13:52.369	0.86372	0.86373			6
2025.08.19	02:13:53.288	0.86374	0.86375			6
2025.08.19	02:13:55.361	0.86373	0.86374			6
2025.08.19	02:13:55.912		0.86375			4
2025.08.19	02:13:57.084	0.86374				2
2025.08.19	02:14:00.220	0.86374				2
2025.08.19	02:14:10.137	0.86375	0.86376			6
2025.08.19	02:14:11.925	0.86374	0.86375			6
2025.08.19	02:14:13.769	0.86375	0.86376			6
2025.08.19	02:14:16.704	0.86376	0.86377			6
2025.08.19	02:14:26.404	0.86375	0.86376			6
2025.08.19	02:14:41.600	0.86376	0.86377			6
2025.08.19	02:14:59.371	0.86375	0.86376			6
2025.08.19	02:15:00.269	0.86375				2
2025.08.19	02:15:58.927	0.86373	0.86374			6
2025.08.19	02:15:59.273	0.86372				2
2025.08.19	02:16:00.352	0.86373				2
2025.08.19	02:16:13.492	0.86372	0.86373			6
2025.08.19	02:16:16.406	0.86373	0.86374			6
2025.08.19	02:16:22.506	0.86371	0.86372			6
2025.08.19	02:16:24.271	0.86370				2
2025.08.19	02:16:24.593		0.86371			4
2025.08.19	02:16:25.746	0.86369	0.86370			6
2025.08.19	02:16:26.164	0.86368	0.86369			6
2025.08.19	02:16:26.481	0.86367				2
2025.08.19	02:16:28.397	0.86369	0.86370			6
2025.08.19	02:16:31.427	0.86367	0.86368			6
2025.08.19	02:16:32.414	0.86368	0.86369			6
2025.08.19	02:16:36.867	0.86367	0.86368			6
2025.08.19	02:16:57.871		0.86369			4
2025.08.19	02:17:00.770	0.86367				2
2025.08.19	02:17:01.638	0.86371	0.86372			6
2025.08.19	02:17:02.498	0.86370	0.86371			6
2025.08.19	02:17:06.988	0.86374	0.86375			6
2025.08.19	02:17:07.363	0.86372	0.86373			6
2025.08.19	02:17:08.352	0.86371	0.86372			6
2025.08.19	02:17:09.410	0.86372	0.86373			6
2025.08.19	02:17:15.604	0.86370	0.86372			6
2025.08.19	02:17:19.973		0.86371			4
2025.08.19	02:17:20.597		0.86372			4
2025.08.19	02:17:20.964		0.86371			4
2025.08.19	02:17:26.198	0.86369	0.86370			6
2025.08.19	02:17:31.002		0.86371			4
2025.08.19	02:17:31.570	0.86368	0.86370			6
2025.08.19	02:17:34.541	0.86367	0.86369			6
2025.08.19	02:17:45.724	0.86372	0.86373			6
2025.08.19	02:18:00.046	0.86371	0.86372			6
2025.08.19	02:18:13.912	0.86369	0.86370			6
2025.08.19	02:18:17.124	0.86367	0.86369			6
2025.08.19	02:18:23.358	0.86366	0.86368			6
2025.08.19	02:18:24.350	0.86367	0.86369			6
2025.08.19	02:18:29.462	0.86370	0.86371			6
2025.08.19	02:18:50.323	0.86372	0.86373			6
2025.08.19	02:19:00.785	0.86372				2
2025.08.19	02:19:08.139	0.86369	0.86371			6
2025.08.19	02:19:08.785	0.86368	0.86370			6
2025.08.19	02:19:09.367	0.86369				2
2025.08.19	02:19:10.314	0.86368				2
2025.08.19	02:20:00.979	0.86368				2
2025.08.19	02:20:11.247		0.86370			4
2025.08.19	02:20:16.515	0.86369	0.86371			6
2025.08.19	02:20:19.656	0.86368	0.86370			6
2025.08.19	02:20:33.475	0.86369	0.86371			6
2025.08.19	02:20:52.884	0.86368	0.86370			6
2025.08.19	02:21:00.530	0.86368				2
2025.08.19	02:21:18.072	0.86369	0.86371			6
2025.08.19	02:21:18.522	0.86370				2
2025.08.19	02:22:01.185	0.86370				2
2025.08.19	02:22:16.132	0.86372	0.86373			6
2025.08.19	02:22:18.785	0.86370	0.86372			6
2025.08.19	02:22:19.757	0.86372	0.86373			6
2025.08.19	02:22:20.067	0.86373	0.86374			6
2025.08.19	02:22:32.450	0.86372	0.86373			6
2025.08.19	02:22:32.752	0.86373	0.86374			6
2025.08.19	02:23:00.582	0.86373				2
2025.08.19	02:23:27.682	0.86371	0.86373			6
2025.08.19	02:23:33.465	0.86372				2
2025.08.19	02:23:34.374	0.86371				2
2025.08.19	02:24:01.551	0.86371				2
2025.08.19	02:24:30.111		0.86373			4
2025.08.19	02:24:42.438	0.86370	0.86372			6
2025.08.19	02:24:45.691	0.86373	0.86374			6
2025.08.19	02:24:48.417	0.86371	0.86373			6
2025.08.19	02:24:52.359	0.86372				2
2025.08.19	02:24:54.884	0.86371				2
2025.08.19	02:25:02.057	0.86371				2
2025.08.19	02:25:05.664	0.86372	0.86374			6
2025.08.19	02:25:11.097	0.86371	0.86373			6
2025.08.19	02:25:11.693		0.86372			4
2025.08.19	02:25:12.092		0.86373			4
2025.08.19	02:25:18.100	0.86372				2
2025.08.19	02:25:28.872	0.86371	0.86372			6
2025.08.19	02:25:41.207	0.86370				2
2025.08.19	02:26:00.952	0.86370				2
2025.08.19	02:26:30.319		0.86372			4
2025.08.19	02:27:00.267	0.86370				2
2025.08.19	02:27:12.321		0.86371			4
2025.08.19	02:27:17.354	0.86369	0.86370			6
2025.08.19	02:27:23.373	0.86370	0.86371			6
2025.08.19	02:27:29.868	0.86369	0.86370			6
2025.08.19	02:28:00.355	0.86369				2
2025.08.19	02:28:16.687	0.86370	0.86371			6
2025.08.19	02:28:24.468	0.86372	0.86373			6
2025.08.19	02:28:59.398	0.86374	0.86375			6
2025.08.19	02:28:59.706	0.86375	0.86376			6
2025.08.19	02:29:00.317	0.86375				2
2025.08.19	02:29:39.349	0.86374	0.86375			6
2025.08.19	02:29:55.435	0.86373	0.86374			6
2025.08.19	02:29:56.760	0.86374	0.86375			6
2025.08.19	02:29:57.079	0.86373	0.86374			6
2025.08.19	02:29:58.961	0.86374	0.86375			6
2025.08.19	02:30:00.380	0.86374	0.86377			6
2025.08.19	02:30:01.878	0.86373	0.86376			6
2025.08.19	02:30:16.333		0.86375			4
2025.08.19	02:30:30.103	0.86374				2
2025.08.19	02:30:32.393	0.86373	0.86374			6
2025.08.19	02:30:36.950		0.86375			4
2025.08.19	02:30:55.617		0.86376			4
2025.08.19	02:31:00.605	0.86373				2
2025.08.19	02:31:04.365	0.86378	0.86379			6
2025.08.19	02:31:18.134	0.86376	0.86377			6
2025.08.19	02:31:18.436	0.86377	0.86378			6
2025.08.19	02:31:19.196	0.86378	0.86379			6
2025.08.19	02:31:20.320	0.86377	0.86378			6
2025.08.19	02:31:40.043	0.86376	0.86377			6
2025.08.19	02:31:49.813	0.86375	0.86376			6
2025.08.19	02:31:56.179	0.86376	0.86377			6
2025.08.19	02:31:59.722	0.86377	0.86378			6
2025.08.19	02:32:00.490	0.86377				2
2025.08.19	02:32:55.605		0.86380			4
2025.08.19	02:32:56.345		0.86378			4
2025.08.19	02:33:00.318	0.86377				2
2025.08.19	02:33:00.631	0.86376	0.86377			6
2025.08.19	02:33:02.266	0.86375	0.86376			6
2025.08.19	02:33:08.352	0.86376	0.86377			6
2025.08.19	02:33:16.103	0.86375	0.86376			6
2025.08.19	02:33:23.079	0.86377	0.86378			6
2025.08.19	02:33:29.357	0.86376	0.86377			6
2025.08.19	02:33:38.897	0.86378	0.86379			6
2025.08.19	02:33:57.716	0.86377	0.86378			6
2025.08.19	02:33:58.909	0.86379	0.86380			6
2025.08.19	02:34:00.315	0.86378	0.86379			6
2025.08.19	02:34:04.638	0.86377	0.86378			6
2025.08.19	02:34:10.011	0.86376	0.86377			6
2025.08.19	02:34:45.451	0.86375	0.86376			6
2025.08.19	02:34:48.750	0.86376	0.86377			6
2025.08.19	02:34:49.090	0.86377	0.86378			6
2025.08.19	02:34:50.169	0.86376	0.86377			6
2025.08.19	02:34:58.367	0.86378	0.86379			6
2025.08.19	02:35:01.011	0.86378				2
2025.08.19	02:35:01.360	0.86376	0.86377			6
2025.08.19	02:35:02.145	0.86375	0.86376			6
2025.08.19	02:35:08.362	0.86374	0.86375			6
2025.08.19	02:35:18.366	0.86375	0.86376			6
2025.08.19	02:35:21.250	0.86374	0.86375			6
2025.08.19	02:35:21.595	0.86375	0.86376			6
2025.08.19	02:35:25.141	0.86374	0.86375			6
2025.08.19	02:35:29.068	0.86373	0.86374			6
2025.08.19	02:35:29.388	0.86374	0.86375			6
2025.08.19	02:35:29.769	0.86376	0.86377			6
2025.08.19	02:35:30.249	0.86374	0.86375			6
2025.08.19	02:35:33.049	0.86375	0.86376			6
2025.08.19	02:35:36.361	0.86376	0.86377			6
2025.08.19	02:35:52.558	0.86377	0.86378			6
2025.08.19	02:36:00.696	0.86377				2
2025.08.19	02:36:04.136	0.86375	0.86376			6
2025.08.19	02:36:05.171	0.86377	0.86379			6
2025.08.19	02:36:05.477	0.86376	0.86377			6
2025.08.19	02:36:08.852	0.86375	0.86376			6
2025.08.19	02:36:45.357	0.86373	0.86375			6
2025.08.19	02:36:45.988		0.86374			4
2025.08.19	02:36:51.649		0.86375			4
2025.08.19	02:36:52.405		0.86374			4
2025.08.19	02:37:00.653	0.86373				2
2025.08.19	02:37:01.002	0.86372	0.86373			6
2025.08.19	02:37:19.189	0.86377	0.86378			6
2025.08.19	02:37:32.256		0.86379			4
2025.08.19	02:37:32.661	0.86376	0.86378			6
2025.08.19	02:37:46.204	0.86377				2
2025.08.19	02:38:00.275	0.86377				2
2025.08.19	02:38:03.884	0.86376	0.86377			6
2025.08.19	02:38:06.101	0.86377	0.86378			6
2025.08.19	02:38:11.666	0.86375	0.86377			6
2025.08.19	02:38:13.991		0.86376			4
2025.08.19	02:38:16.323		0.86377			4
2025.08.19	02:38:18.332		0.86376			4
2025.08.19	02:38:19.485	0.86376	0.86377			6
2025.08.19	02:38:21.548	0.86375	0.86376			6
2025.08.19	02:38:30.508	0.86376	0.86377			6
2025.08.19	02:39:00.617	0.86376				2
2025.08.19	02:39:14.407	0.86375	0.86376			6
2025.08.19	02:39:14.846		0.86377			4
2025.08.19	02:39:15.900		0.86376			4
2025.08.19	02:39:17.991	0.86376	0.86377			6
2025.08.19	02:39:18.387	0.86374	0.86376			6
2025.08.19	02:39:19.081	0.86376	0.86377			6
2025.08.19	02:39:19.842	0.86377	0.86378			6
2025.08.19	02:39:50.661	0.86375	0.86377			6
2025.08.19	02:40:00.217	0.86375				2
2025.08.19	02:40:02.872	0.86377	0.86378			6
2025.08.19	02:40:37.771	0.86378	0.86379			6
2025.08.19	02:41:00.316	0.86378				2
2025.08.19	02:41:13.612	0.86379	0.86381			6
2025.08.19	02:41:13.918		0.86380			4
2025.08.19	02:41:14.251	0.86378				2
2025.08.19	02:41:14.553		0.86379			4
2025.08.19	02:41:43.982	0.86377				2
2025.08.19	02:41:44.396		0.86378			4
2025.08.19	02:41:54.276	0.86378	0.86380			6
2025.08.19	02:42:00.316	0.86378				2
2025.08.19	02:42:21.070	0.86379	0.86381			6
2025.08.19	02:42:34.116	0.86378	0.86380			6
2025.08.19	02:42:50.031		0.86379			4
2025.08.19	02:42:50.753	0.86377				2
2025.08.19	02:42:52.665	0.86379	0.86381			6
2025.08.19	02:42:54.302	0.86378	0.86380			6
2025.08.19	02:42:54.873	0.86377	0.86379			6
2025.08.19	02:42:56.935	0.86376				2
2025.08.19	02:42:58.391	0.86375	0.86377			6
2025.08.19	02:42:58.842	0.86374	0.86379			6
2025.08.19	02:42:59.815	0.86377				2
2025.08.19	02:43:00.316	0.86377				2
2025.08.19	02:43:04.807	0.86375	0.86380			6
2025.08.19	02:43:06.358	0.86376	0.86378			6
2025.08.19	02:43:06.897	0.86377	0.86379			6
2025.08.19	02:43:07.492	0.86375	0.86377			6
2025.08.19	02:43:09.476	0.86376	0.86378			6
2025.08.19	02:43:11.006	0.86375	0.86377			6
2025.08.19	02:43:24.033	0.86376	0.86378			6
2025.08.19	02:43:32.211	0.86377				2
2025.08.19	02:43:34.611	0.86375	0.86377			6
2025.08.19	02:44:00.201	0.86375				2
2025.08.19	02:44:02.052	0.86374	0.86376			6
2025.08.19	02:44:02.411	0.86375	0.86377			6
2025.08.19	02:44:03.061		0.86376			4
2025.08.19	02:44:13.631	0.86376	0.86378			6
2025.08.19	02:44:24.707	0.86377	0.86379			6
2025.08.19	02:44:25.622	0.86376	0.86378			6
2025.08.19	02:44:26.863	0.86377	0.86379			6
2025.08.19	02:44:28.189		0.86378			4
2025.08.19	02:44:28.503	0.86376				2
2025.08.19	02:44:31.848	0.86375	0.86377			6
2025.08.19	02:44:44.282	0.86376	0.86378			6
2025.08.19	02:45:00.168	0.86376				2
2025.08.19	02:45:12.176	0.86375	0.86377			6
2025.08.19	02:45:13.158	0.86376	0.86378			6
2025.08.19	02:45:14.155		0.86377			4
2025.08.19	02:45:15.211	0.86375				2
2025.08.19	02:45:26.906	0.86376	0.86378			6
2025.08.19	02:45:27.241	0.86377	0.86379			6
2025.08.19	02:45:32.182	0.86375	0.86377			6
2025.08.19	02:45:33.410	0.86376				2
2025.08.19	02:45:34.957	0.86374				2
2025.08.19	02:45:35.709	0.86376	0.86378			6
2025.08.19	02:45:36.013	0.86375	0.86376			6
2025.08.19	02:45:41.179	0.86376	0.86378			6
2025.08.19	02:45:42.456	0.86375				2
2025.08.19	02:45:45.426	0.86376				2
2025.08.19	02:45:48.366	0.86375				2
2025.08.19	02:45:53.175	0.86377				2
2025.08.19	02:45:58.659	0.86376	0.86379			6
2025.08.19	02:45:59.046	0.86377	0.86380			6
2025.08.19	02:46:00.442	0.86376	0.86379			6
2025.08.19	02:46:02.506	0.86377				2
2025.08.19	02:46:21.195	0.86375	0.86377			6
2025.08.19	02:46:21.508	0.86376				2
2025.08.19	02:46:21.872		0.86378			4
2025.08.19	02:46:39.489	0.86379	0.86380			6
2025.08.19	02:46:42.132	0.86378				2
2025.08.19	02:46:56.692	0.86379	0.86381			6
2025.08.19	02:47:00.175	0.86379				2
2025.08.19	02:47:05.666	0.86380	0.86382			6
2025.08.19	02:47:05.978	0.86382	0.86383			6
2025.08.19	02:47:10.092	0.86383	0.86384			6
2025.08.19	02:47:12.946	0.86382	0.86383			6
2025.08.19	02:47:13.261	0.86381				2
2025.08.19	02:47:15.804	0.86380	0.86382			6
2025.08.19	02:47:16.840	0.86381				2
2025.08.19	02:47:25.320	0.86380				2
2025.08.19	02:47:29.182	0.86381	0.86383			6
2025.08.19	02:47:30.253	0.86380	0.86382			6
2025.08.19	02:47:32.045	0.86383	0.86385			6
2025.08.19	02:47:32.363	0.86384				2
2025.08.19	02:47:37.093	0.86383	0.86384			6
2025.08.19	02:47:37.664	0.86381	0.86383			6
2025.08.19	02:47:38.174	0.86382				2
2025.08.19	02:47:47.236		0.86384			4
2025.08.19	02:48:03.499	0.86382				2
2025.08.19	02:48:22.711	0.86381	0.86383			6
2025.08.19	02:48:25.737	0.86382				2
2025.08.19	02:48:27.379		0.86384			4
2025.08.19	02:48:29.238	0.86381	0.86383			6
2025.08.19	02:48:30.316	0.86382	0.86384			6
2025.08.19	02:48:32.152	0.86381				2
2025.08.19	02:48:35.354	0.86380				2
2025.08.19	02:48:38.211		0.86383			4
2025.08.19	02:48:38.597		0.86384			4
2025.08.19	02:48:39.500	0.86382				2
2025.08.19	02:48:43.455	0.86380	0.86383			6
2025.08.19	02:48:53.884	0.86381				2
2025.08.19	02:49:00.384	0.86381				2
2025.08.19	02:49:02.441	0.86382	0.86384			6
2025.08.19	02:49:04.326	0.86381	0.86383			6
2025.08.19	02:49:05.471	0.86382	0.86384			6
2025.08.19	02:49:05.856	0.86381	0.86383			6
2025.08.19	02:49:09.156	0.86382				2
2025.08.19	02:49:11.814	0.86381				2
2025.08.19	02:49:27.859	0.86382				2
2025.08.19	02:49:32.047	0.86381				2
2025.08.19	02:50:00.780	0.86381				2
2025.08.19	02:50:01.461	0.86383	0.86385			6
2025.08.19	02:50:06.909	0.86384	0.86386			6
2025.08.19	02:50:13.170	0.86381	0.86384			6
2025.08.19	02:50:14.739	0.86382				2
2025.08.19	02:50:16.190	0.86383	0.86385			6
2025.08.19	02:50:17.934	0.86382	0.86383			6
2025.08.19	02:50:24.568		0.86384			4
2025.08.19	02:50:44.849	0.86384	0.86386			6
2025.08.19	02:50:48.284	0.86383	0.86385			6
2025.08.19	02:50:50.772	0.86384	0.86386			6
2025.08.19	02:51:00.356	0.86385				2
2025.08.19	02:51:10.350	0.86384				2
2025.08.19	02:51:17.361	0.86382				2
2025.08.19	02:51:24.034	0.86381	0.86383			6
2025.08.19	02:51:34.301		0.86384			4
2025.08.19	02:51:34.996		0.86383			4
2025.08.19	02:51:40.314	0.86382	0.86384			6
2025.08.19	02:51:42.816	0.86383				2
2025.08.19	02:51:44.977	0.86381	0.86383			6
2025.08.19	02:52:01.874	0.86381				2
2025.08.19	02:52:02.200		0.86382			4
2025.08.19	02:52:09.278	0.86380	0.86381			6
2025.08.19	02:52:23.604	0.86381	0.86382			6
2025.08.19	02:52:27.343	0.86380				2
2025.08.19	02:52:30.692	0.86381				2
2025.08.19	02:52:39.477		0.86383			4
2025.08.19	02:53:00.048	0.86381				2
2025.08.19	02:53:23.895	0.86383	0.86385			6
2025.08.19	02:53:24.203		0.86384			4
2025.08.19	02:53:34.350		0.86385			4
2025.08.19	02:53:35.363	0.86384				2
2025.08.19	02:53:35.665	0.86385	0.86386			6
2025.08.19	02:53:45.564	0.86384				2
2025.08.19	02:53:50.779	0.86385	0.86387			6
2025.08.19	02:54:01.557	0.86385				2
2025.08.19	02:54:20.543	0.86381	0.86382			6
2025.08.19	02:54:37.818		0.86383			4
2025.08.19	02:54:49.927	0.86380	0.86381			6
2025.08.19	02:54:50.241	0.86379	0.86380			6
2025.08.19	02:54:55.420	0.86378	0.86379			6
2025.08.19	02:54:55.740	0.86379	0.86381			6
2025.08.19	02:54:56.442	0.86380	0.86382			6
2025.08.19	02:55:00.085	0.86380				2
2025.08.19	02:55:00.418	0.86379	0.86381			6
2025.08.19	02:55:02.677		0.86382			4
2025.08.19	02:55:02.981	0.86380				2
2025.08.19	02:55:03.311	0.86381	0.86383			6
2025.08.19	02:55:17.564	0.86380	0.86382			6
2025.08.19	02:55:21.562	0.86379	0.86380			6
2025.08.19	02:55:34.866	0.86378				2
2025.08.19	02:55:46.230		0.86379			4
2025.08.19	02:55:50.274		0.86380			4
2025.08.19	02:56:02.379	0.86378				2
2025.08.19	02:56:03.441		0.86379			4
2025.08.19	02:56:07.904	0.86377				2
2025.08.19	02:56:09.564	0.86376	0.86378			6
2025.08.19	02:56:13.554		0.86377			4
2025.08.19	02:56:15.064	0.86375				2
2025.08.19	02:56:27.091	0.86376	0.86378			6
2025.08.19	02:56:42.343	0.86375	0.86377			6
2025.08.19	02:56:53.378	0.86376	0.86378			6
2025.08.19	02:56:55.815	0.86378	0.86380			6
2025.08.19	02:56:57.317	0.86379				2
2025.08.19	02:56:57.923	0.86378				2
2025.08.19	02:57:01.272	0.86378				2
2025.08.19	02:57:18.426	0.86379	0.86381			6
2025.08.19	02:57:23.958		0.86380			4
2025.08.19	02:57:51.432		0.86381			4
2025.08.19	02:57:51.740		0.86382			4
2025.08.19	02:57:52.096		0.86381			4
2025.08.19	02:57:52.494		0.86382			4
2025.08.19	02:58:00.977	0.86379				2
2025.08.19	02:58:04.141	0.86380				2
2025.08.19	02:58:04.634		0.86381			4
2025.08.19	02:58:07.547	0.86378	0.86380			6
2025.08.19	02:58:23.755	0.86379	0.86381			6
2025.08.19	02:58:56.203	0.86377	0.86379			6
2025.08.19	02:59:00.322	0.86377				2
2025.08.19	02:59:01.602		0.86378			4
2025.08.19	02:59:04.714	0.86376				2
2025.08.19	02:59:26.764	0.86377				2
2025.08.19	02:59:34.847	0.86379	0.86380			6
2025.08.19	02:59:37.526	0.86378				2
2025.08.19	02:59:38.056	0.86379	0.86381			6
2025.08.19	02:59:45.321	0.86377	0.86379			6
2025.08.19	03:00:00.332	0.86377				2
2025.08.19	03:00:00.666	0.86379	0.86380			6
2025.08.19	03:00:01.017	0.86378	0.86379			6
2025.08.19	03:00:01.576	0.86379	0.86380			6
2025.08.19	03:00:05.665	0.86380	0.86381			6
2025.08.19	03:00:18.278	0.86382	0.86383			6
2025.08.19	03:00:18.581	0.86383	0.86385			6
2025.08.19	03:00:18.910	0.86382	0.86383			6
2025.08.19	03:00:19.222	0.86380	0.86382			6
2025.08.19	03:00:24.741		0.86381			4
2025.08.19	03:00:25.233		0.86382			4
2025.08.19	03:00:31.956	0.86383	0.86384			6
2025.08.19	03:00:32.578	0.86382	0.86383			6
2025.08.19	03:00:39.903		0.86384			4
2025.08.19	03:00:40.747		0.86383			4
2025.08.19	03:00:41.869	0.86384	0.86386			6
2025.08.19	03:00:42.835	0.86383	0.86385			6
2025.08.19	03:00:43.158	0.86382	0.86384			6
2025.08.19	03:00:47.112	0.86381	0.86383			6
2025.08.19	03:00:50.610	0.86380	0.86382			6
2025.08.19	03:01:00.197	0.86380	0.86381			6
2025.08.19	03:01:00.536	0.86381	0.86382			6
2025.08.19	03:01:01.239	0.86380	0.86381			6
2025.08.19	03:01:02.539	0.86379				2
2025.08.19	03:01:02.859	0.86380	0.86382			6
2025.08.19	03:01:04.457	0.86379	0.86381			6
2025.08.19	03:01:04.759	0.86381	0.86382			6
2025.08.19	03:01:05.679	0.86379	0.86381			6
2025.08.19	03:01:06.211	0.86380				2
2025.08.19	03:01:08.235	0.86379				2
2025.08.19	03:01:08.590		0.86380			4
2025.08.19	03:01:10.579	0.86378	0.86379			6
2025.08.19	03:01:10.890	0.86377				2
2025.08.19	03:01:13.841	0.86376	0.86378			6
2025.08.19	03:01:18.345	0.86375	0.86377			6
2025.08.19	03:01:20.593	0.86376	0.86378			6
2025.08.19	03:01:22.482		0.86377			4
2025.08.19	03:01:22.921	0.86375				2
2025.08.19	03:01:25.371	0.86376				2
2025.08.19	03:01:26.863	0.86377	0.86378			6
2025.08.19	03:01:27.960	0.86376				2
2025.08.19	03:01:31.151	0.86377				2
2025.08.19	03:01:32.123	0.86375	0.86376			6
2025.08.19	03:01:32.431	0.86374				2
2025.08.19	03:01:32.777		0.86375			4
2025.08.19	03:01:33.098	0.86372	0.86374			6
2025.08.19	03:01:39.234	0.86369	0.86370			6
2025.08.19	03:01:39.539	0.86368				2
2025.08.19	03:01:41.001	0.86369	0.86371			6
2025.08.19	03:01:41.519	0.86370	0.86372			6
2025.08.19	03:01:41.821	0.86371	0.86373			6
2025.08.19	03:01:42.348	0.86372	0.86374			6
2025.08.19	03:01:43.262	0.86371	0.86373			6
2025.08.19	03:01:44.243		0.86374			4
2025.08.19	03:01:44.569	0.86370	0.86372			6
2025.08.19	03:01:45.016		0.86373			4
2025.08.19	03:01:48.965		0.86372			4
2025.08.19	03:01:49.377	0.86369	0.86373			6
2025.08.19	03:01:50.302		0.86372			4
2025.08.19	03:01:51.930	0.86370	0.86373			6
2025.08.19	03:01:55.126	0.86371				2
2025.08.19	03:01:55.787	0.86370				2
2025.08.19	03:01:57.341	0.86369	0.86371			6
2025.08.19	03:01:59.768	0.86368	0.86370			6
2025.08.19	03:02:00.094	0.86368				2
2025.08.19	03:02:00.907	0.86369	0.86371			6
2025.08.19	03:02:02.996	0.86370	0.86372			6
2025.08.19	03:02:04.655	0.86369	0.86371			6
2025.08.19	03:02:06.757	0.86368	0.86370			6
2025.08.19	03:02:07.087	0.86366	0.86367			6
2025.08.19	03:02:08.384	0.86368	0.86369			6
2025.08.19	03:02:08.746	0.86367				2
2025.08.19	03:02:13.567	0.86366	0.86368			6
2025.08.19	03:02:14.562	0.86367				2
2025.08.19	03:02:17.217	0.86366				2
2025.08.19	03:02:18.707	0.86367				2
2025.08.19	03:02:19.011	0.86366				2
2025.08.19	03:02:20.833	0.86367				2
2025.08.19	03:02:23.687	0.86368	0.86369			6
2025.08.19	03:02:24.001	0.86370	0.86372			6
2025.08.19	03:02:24.303	0.86371				2
2025.08.19	03:02:24.617	0.86370				2
2025.08.19	03:02:29.628	0.86371				2
2025.08.19	03:02:35.242	0.86370				2
2025.08.19	03:02:45.262	0.86371				2
2025.08.19	03:02:50.087	0.86370	0.86371			6
2025.08.19	03:02:53.993	0.86369				2
2025.08.19	03:02:55.455	0.86370				2
2025.08.19	03:03:00.698	0.86370				2
2025.08.19	03:03:02.430	0.86371	0.86372			6
2025.08.19	03:03:02.735	0.86372	0.86373			6
2025.08.19	03:03:03.125	0.86371	0.86372			6
2025.08.19	03:03:03.533		0.86373			4
2025.08.19	03:03:04.079	0.86370				2
2025.08.19	03:03:09.242	0.86368	0.86369			6
2025.08.19	03:03:09.995	0.86369	0.86370			6
2025.08.19	03:03:10.399		0.86371			4
2025.08.19	03:03:10.817		0.86370			4
2025.08.19	03:03:11.209		0.86371			4
2025.08.19	03:03:13.950		0.86370			4
2025.08.19	03:03:15.554	0.86368				2
2025.08.19	03:03:16.662	0.86369	0.86371			6
2025.08.19	03:03:20.209	0.86368	0.86370			6
2025.08.19	03:03:20.636	0.86369				2
2025.08.19	03:03:32.605	0.86370	0.86371			6
2025.08.19	03:03:45.597	0.86371	0.86372			6
2025.08.19	03:03:46.070	0.86370	0.86371			6
2025.08.19	03:03:57.620	0.86371	0.86373			6
2025.08.19	03:03:58.455	0.86372				2
2025.08.19	03:03:59.463	0.86369	0.86372			6
2025.08.19	03:04:00.603	0.86371				2
2025.08.19	03:04:05.392	0.86372	0.86374			6
2025.08.19	03:04:07.163	0.86371	0.86372			6
2025.08.19	03:04:07.488	0.86372	0.86374			6
2025.08.19	03:04:09.655	0.86371				2
2025.08.19	03:04:09.969	0.86372				2
2025.08.19	03:04:15.473	0.86371	0.86373			6
2025.08.19	03:04:24.845	0.86369	0.86371			6
2025.08.19	03:04:26.777	0.86370				2
2025.08.19	03:04:38.784	0.86368	0.86373			6
2025.08.19	03:04:42.148		0.86372			4
2025.08.19	03:04:42.754	0.86370	0.86371			6
2025.08.19	03:04:47.619	0.86369	0.86370			6
2025.08.19	03:05:00.587	0.86369				2
2025.08.19	03:05:00.921	0.86370	0.86371			6
2025.08.19	03:05:01.626	0.86367	0.86368			6
2025.08.19	03:05:01.957	0.86366				2
2025.08.19	03:05:03.084	0.86368	0.86369			6
2025.08.19	03:05:03.399	0.86367				2
2025.08.19	03:05:17.718	0.86368				2
2025.08.19	03:05:18.725	0.86367				2
2025.08.19	03:05:24.517	0.86368				2
2025.08.19	03:05:25.426	0.86367				2
2025.08.19	03:05:26.888	0.86368				2
2025.08.19	03:05:27.736	0.86367				2
2025.08.19	03:05:28.796	0.86368	0.86370			6
2025.08.19	03:05:29.860	0.86367	0.86369			6
2025.08.19	03:05:30.766	0.86368				2
2025.08.19	03:05:33.010	0.86367	0.86368			6
2025.08.19	03:05:34.357	0.86366				2
2025.08.19	03:05:35.341	0.86367	0.86369			6
2025.08.19	03:05:46.316	0.86369	0.86370			6
2025.08.19	03:05:46.716		0.86372			4
2025.08.19	03:05:52.544	0.86367	0.86369			6
2025.08.19	03:05:52.864	0.86368	0.86370			6
2025.08.19	03:05:53.182		0.86371			4
2025.08.19	03:05:53.511		0.86369			4
2025.08.19	03:05:54.350	0.86369	0.86371			6
2025.08.19	03:05:55.980	0.86368	0.86370			6
2025.08.19	03:05:59.049	0.86367	0.86368			6
2025.08.19	03:05:59.359	0.86368	0.86369			6
2025.08.19	03:06:00.355	0.86368				2
2025.08.19	03:06:12.661	0.86367	0.86368			6
2025.08.19	03:06:16.057	0.86368	0.86369			6
2025.08.19	03:06:32.660	0.86369	0.86370			6
2025.08.19	03:06:33.011	0.86368	0.86369			6
2025.08.19	03:06:37.018	0.86370	0.86371			6
2025.08.19	03:06:49.075	0.86369	0.86370			6
2025.08.19	03:06:49.937	0.86368	0.86369			6
2025.08.19	03:06:50.349	0.86369	0.86370			6
2025.08.19	03:06:53.322	0.86368	0.86369			6
2025.08.19	03:06:57.456	0.86367				2
2025.08.19	03:06:57.764	0.86368				2
2025.08.19	03:06:58.211	0.86367	0.86368			6
2025.08.19	03:07:00.295	0.86368	0.86369			6
2025.08.19	03:07:01.209	0.86370	0.86371			6
2025.08.19	03:07:01.563	0.86369	0.86370			6
2025.08.19	03:07:01.922	0.86368	0.86369			6
2025.08.19	03:07:09.511	0.86369	0.86370			6
2025.08.19	03:07:11.068	0.86368	0.86369			6
2025.08.19	03:07:13.471	0.86369	0.86370			6
2025.08.19	03:07:13.780	0.86370	0.86372			6
2025.08.19	03:07:14.118		0.86371			4
2025.08.19	03:07:14.988	0.86369	0.86372			6
2025.08.19	03:07:17.239	0.86370	0.86371			6
2025.08.19	03:07:17.991		0.86372			4
2025.08.19	03:07:21.759		0.86371			4
2025.08.19	03:07:22.343		0.86374			4
2025.08.19	03:07:24.465		0.86372			4
2025.08.19	03:07:24.864		0.86373			4
2025.08.19	03:07:34.145		0.86371			4
2025.08.19	03:07:57.169	0.86369	0.86370			6
2025.08.19	03:08:00.326	0.86369				2
2025.08.19	03:08:01.435	0.86368				2
2025.08.19	03:08:03.431	0.86369				2
2025.08.19	03:08:08.543	0.86370	0.86371			6
2025.08.19	03:08:11.625	0.86369	0.86370			6
2025.08.19	03:08:29.163	0.86370	0.86371			6
2025.08.19	03:08:30.253	0.86369	0.86372			6
2025.08.19	03:08:30.559	0.86370				2
2025.08.19	03:08:31.055		0.86373			4
2025.08.19	03:08:32.178		0.86371			4
2025.08.19	03:08:42.073	0.86371	0.86372			6
2025.08.19	03:08:47.991	0.86370	0.86371			6
2025.08.19	03:08:57.199	0.86371	0.86372			6
2025.08.19	03:09:00.387	0.86370	0.86371			6
2025.08.19	03:09:00.817	0.86371	0.86372			6
2025.08.19	03:09:01.536	0.86370	0.86371			6
2025.08.19	03:09:05.077	0.86369				2
2025.08.19	03:09:05.397	0.86370				2
2025.08.19	03:09:17.685	0.86369	0.86370			6
2025.08.19	03:09:18.053	0.86368				2
2025.08.19	03:09:18.443	0.86370	0.86371			6
2025.08.19	03:09:18.765	0.86369				2
2025.08.19	03:09:31.588	0.86368	0.86370			6
2025.08.19	03:09:35.862	0.86369	0.86371			6
2025.08.19	03:09:36.219	0.86368				2
2025.08.19	03:09:38.856		0.86370			4
2025.08.19	03:09:39.522		0.86371			4
2025.08.19	03:09:41.104		0.86370			4
2025.08.19	03:09:41.430	0.86369				2
2025.08.19	03:09:41.737		0.86371			4
2025.08.19	03:09:44.086		0.86372			4
2025.08.19	03:09:44.399		0.86371			4
2025.08.19	03:09:45.503	0.86368	0.86370			6
2025.08.19	03:09:45.870	0.86369	0.86371			6
2025.08.19	03:09:49.550	0.86368				2
2025.08.19	03:09:50.541		0.86369			4
2025.08.19	03:09:57.984	0.86369	0.86370			6
2025.08.19	03:10:00.525	0.86370	0.86372			6
2025.08.19	03:10:00.827		0.86371			4
2025.08.19	03:10:02.171	0.86371	0.86374			6
2025.08.19	03:10:04.286		0.86372			4
2025.08.19	03:10:17.817	0.86372	0.86373			6
2025.08.19	03:10:28.256		0.86374			4
2025.08.19	03:10:51.022	0.86373				2
2025.08.19	03:10:51.771	0.86372				2
2025.08.19	03:10:56.681		0.86373			4
2025.08.19	03:11:00.261	0.86373	0.86374			6
2025.08.19	03:11:00.588	0.86372	0.86373			6
2025.08.19	03:11:01.544	0.86374	0.86376			6
2025.08.19	03:11:02.232	0.86373	0.86375			6
2025.08.19	03:11:08.798		0.86374			4
2025.08.19	03:11:09.110		0.86375			4
2025.08.19	03:11:19.056	0.86372	0.86374			6
2025.08.19	03:11:20.787	0.86373				2
2025.08.19	03:11:22.902	0.86372				2
2025.08.19	03:11:23.300		0.86373			4
2025.08.19	03:11:24.198		0.86374			4
2025.08.19	03:11:29.354	0.86373				2
2025.08.19	03:11:39.679		0.86375			4
2025.08.19	03:11:44.834	0.86374				2
2025.08.19	03:11:51.220	0.86373				2
2025.08.19	03:12:00.595	0.86373				2
2025.08.19	03:12:07.680	0.86376	0.86377			6
2025.08.19	03:12:09.864		0.86378			4
2025.08.19	03:12:10.178		0.86379			4
2025.08.19	03:12:10.511		0.86378			4
2025.08.19	03:12:10.854		0.86377			4
2025.08.19	03:12:12.564	0.86377	0.86378			6
2025.08.19	03:12:13.167	0.86376	0.86377			6
2025.08.19	03:12:13.660		0.86378			4
2025.08.19	03:12:16.353	0.86377				2
2025.08.19	03:12:17.347	0.86379	0.86381			6
2025.08.19	03:12:19.867	0.86380				2
2025.08.19	03:12:21.223	0.86379				2
2025.08.19	03:12:28.934	0.86378	0.86380			6
2025.08.19	03:12:38.026	0.86379	0.86381			6
2025.08.19	03:12:39.698	0.86380				2
2025.08.19	03:12:41.061	0.86378	0.86380			6
2025.08.19	03:12:42.591		0.86379			4
2025.08.19	03:12:43.409		0.86380			4
2025.08.19	03:12:45.411	0.86379				2
2025.08.19	03:12:48.044	0.86378				2
2025.08.19	03:12:57.426	0.86379				2
2025.08.19	03:13:00.791	0.86379				2
2025.08.19	03:13:05.544	0.86378				2
2025.08.19	03:13:05.860		0.86379			4
2025.08.19	03:13:06.345	0.86376	0.86378			6
2025.08.19	03:13:07.486	0.86377				2
2025.08.19	03:13:10.097	0.86378	0.86379			6
2025.08.19	03:13:15.241		0.86380			4
2025.08.19	03:13:15.586	0.86379				2
2025.08.19	03:13:16.404	0.86378	0.86379			6
2025.08.19	03:13:22.741	0.86377				2
2025.08.19	03:13:26.355	0.86378				2
2025.08.19	03:13:27.115	0.86377				2
2025.08.19	03:13:38.837	0.86378				2
2025.08.19	03:13:39.141	0.86377				2
2025.08.19	03:13:41.245	0.86378				2
2025.08.19	03:13:42.502	0.86377				2
2025.08.19	03:13:45.617	0.86378				2
2025.08.19	03:13:47.522		0.86380			4
2025.08.19	03:13:52.861	0.86377	0.86379			6
2025.08.19	03:13:53.792	0.86378				2
2025.08.19	03:13:54.153		0.86380			4
2025.08.19	03:13:55.476		0.86379			4
2025.08.19	03:13:59.872		0.86380			4
2025.08.19	03:14:07.056	0.86378	0.86379			6
2025.08.19	03:14:07.788		0.86380			4
2025.08.19	03:14:09.241	0.86376	0.86379			6
2025.08.19	03:14:09.612		0.86378			4
2025.08.19	03:14:17.706		0.86379			4
2025.08.19	03:14:20.249	0.86377	0.86380			6
2025.08.19	03:14:23.716	0.86378				2
2025.08.19	03:14:30.732	0.86379				2
2025.08.19	03:14:32.888	0.86380	0.86381			6
2025.08.19	03:14:33.586	0.86382	0.86383			6
2025.08.19	03:14:34.464	0.86378	0.86380			6
2025.08.19	03:14:36.417	0.86379				2
2025.08.19	03:14:40.500	0.86378				2
2025.08.19	03:14:43.232	0.86379	0.86381			6
2025.08.19	03:14:48.794		0.86382			4
2025.08.19	03:14:49.234	0.86378	0.86380			6
2025.08.19	03:14:54.886		0.86379			4
2025.08.19	03:14:56.837	0.86380	0.86381			6
2025.08.19	03:14:58.403	0.86379	0.86380			6
2025.08.19	03:14:58.739	0.86378				2
2025.08.19	03:15:01.474	0.86380	0.86381			6
2025.08.19	03:15:09.770	0.86381	0.86382			6
2025.08.19	03:15:10.418		0.86383			4
2025.08.19	03:15:11.533	0.86382				2
2025.08.19	03:15:12.008		0.86384			4
2025.08.19	03:15:16.481		0.86383			4
2025.08.19	03:15:20.657	0.86380	0.86381			6
2025.08.19	03:15:22.498	0.86379				2
2025.08.19	03:15:24.263		0.86380			4
2025.08.19	03:15:26.020	0.86380	0.86381			6
2025.08.19	03:15:27.357	0.86379	0.86380			6
2025.08.19	03:15:29.367	0.86381	0.86382			6
2025.08.19	03:15:30.707	0.86380	0.86381			6
2025.08.19	03:15:36.499	0.86381	0.86382			6
2025.08.19	03:15:40.948	0.86382	0.86383			6
2025.08.19	03:15:41.269	0.86381	0.86382			6
2025.08.19	03:15:44.913	0.86382	0.86383			6
2025.08.19	03:15:46.374	0.86381	0.86382			6
2025.08.19	03:15:46.679	0.86382	0.86383			6
2025.08.19	03:15:51.922	0.86381	0.86382			6
2025.08.19	03:15:55.653	0.86382	0.86383			6
2025.08.19	03:16:00.454	0.86380	0.86381			6
2025.08.19	03:16:00.770	0.86379	0.86380			6
2025.08.19	03:16:02.065	0.86378	0.86379			6
