<DATE>	<TIME>	<BID>	<ASK>	<LAST>	<VOLUME>	<FLAGS>
2025.01.15	00:00:00.057	0.84336	0.84405			6
2025.01.15	00:00:00.360	0.84340	0.84401			6
2025.01.15	00:00:00.675	0.84305				2
2025.01.15	00:00:00.976	0.84298	0.84397			6
2025.01.15	00:00:30.997	0.84307	0.84404			6
2025.01.15	00:00:40.546	0.84317				2
2025.01.15	00:01:10.758	0.84307				2
2025.01.15	00:01:41.770		0.84404			4
2025.01.15	00:01:52.263	0.84283	0.84413			6
2025.01.15	00:02:10.407	0.84283				2
2025.01.15	00:02:29.259	0.84287	0.84410			6
2025.01.15	00:02:47.680		0.84432			4
2025.01.15	00:03:01.771	0.84287				2
2025.01.15	00:03:54.980		0.84432			4
2025.01.15	00:04:02.080	0.84287				2
2025.01.15	00:04:55.168		0.84432			4
2025.01.15	00:05:00.456	0.84287				2
2025.01.15	00:05:06.017	0.84326				2
2025.01.15	00:05:06.521	0.84327	0.84425			6
2025.01.15	00:05:08.438	0.84328				2
2025.01.15	00:05:11.212	0.84331				2
2025.01.15	00:05:11.535	0.84332				2
2025.01.15	00:05:12.370	0.84338				2
2025.01.15	00:05:14.210	0.84340				2
2025.01.15	00:05:16.485	0.84339				2
2025.01.15	00:05:20.836	0.84340				2
2025.01.15	00:05:22.081	0.84341				2
2025.01.15	00:05:23.079	0.84344				2
2025.01.15	00:05:26.140	0.84342				2
2025.01.15	00:05:26.449	0.84341				2
2025.01.15	00:05:31.361	0.84343				2
2025.01.15	00:05:34.349	0.84344				2
2025.01.15	00:05:35.196	0.84345				2
2025.01.15	00:05:37.079	0.84339				2
2025.01.15	00:05:37.458	0.84343				2
2025.01.15	00:05:38.350	0.84342				2
2025.01.15	00:05:39.454	0.84346				2
2025.01.15	00:05:40.389	0.84347				2
2025.01.15	00:05:41.266	0.84348				2
2025.01.15	00:05:43.723	0.84350				2
2025.01.15	00:05:44.364	0.84346				2
2025.01.15	00:05:45.857	0.84345				2
2025.01.15	00:05:46.352	0.84348				2
2025.01.15	00:05:50.963	0.84349				2
2025.01.15	00:05:55.686	0.84350				2
2025.01.15	00:06:00.399	0.84349				2
2025.01.15	00:06:00.784	0.84348				2
2025.01.15	00:06:05.182	0.84345				2
2025.01.15	00:06:06.532		0.84425			4
2025.01.15	00:06:08.644	0.84347				2
2025.01.15	00:06:11.560	0.84348				2
2025.01.15	00:06:13.839	0.84351				2
2025.01.15	00:06:19.082	0.84352				2
2025.01.15	00:06:22.566	0.84354				2
2025.01.15	00:06:23.894	0.84355				2
2025.01.15	00:06:25.217	0.84348				2
2025.01.15	00:06:26.362	0.84346				2
2025.01.15	00:06:33.948	0.84332				2
2025.01.15	00:06:34.352	0.84330				2
2025.01.15	00:06:35.310	0.84334				2
2025.01.15	00:06:40.383	0.84335				2
2025.01.15	00:06:43.971	0.84339				2
2025.01.15	00:06:44.358	0.84337				2
2025.01.15	00:06:45.814	0.84329				2
2025.01.15	00:06:46.358	0.84325				2
2025.01.15	00:06:48.074	0.84334				2
2025.01.15	00:06:49.077	0.84321				2
2025.01.15	00:06:54.365	0.84323				2
2025.01.15	00:06:56.358	0.84325				2
2025.01.15	00:06:58.366	0.84326				2
2025.01.15	00:07:00.401	0.84326				2
2025.01.15	00:07:04.070	0.84332				2
2025.01.15	00:07:05.308	0.84325				2
2025.01.15	00:07:06.530	0.84324				2
2025.01.15	00:07:11.497	0.84326	0.84425			6
2025.01.15	00:07:14.106	0.84333				2
2025.01.15	00:07:16.352	0.84331				2
2025.01.15	00:07:19.102	0.84334				2
2025.01.15	00:07:20.311	0.84331				2
2025.01.15	00:07:21.417	0.84332				2
2025.01.15	00:07:22.732	0.84330				2
2025.01.15	00:07:23.898	0.84334				2
2025.01.15	00:07:25.153	0.84329				2
2025.01.15	00:07:26.351	0.84330				2
2025.01.15	00:07:26.731	0.84334				2
2025.01.15	00:07:27.111	0.84335				2
2025.01.15	00:07:29.080	0.84331				2
2025.01.15	00:07:30.084	0.84330				2
2025.01.15	00:07:30.608	0.84332				2
2025.01.15	00:07:31.225	0.84326				2
2025.01.15	00:07:31.885	0.84319				2
2025.01.15	00:07:33.313	0.84318				2
2025.01.15	00:07:33.929	0.84327				2
2025.01.15	00:07:34.305	0.84326				2
2025.01.15	00:07:36.308	0.84329				2
2025.01.15	00:07:37.218	0.84330				2
2025.01.15	00:07:39.591	0.84317				2
2025.01.15	00:07:40.397	0.84315				2
2025.01.15	00:07:40.749	0.84326				2
2025.01.15	00:07:42.279	0.84324				2
2025.01.15	00:07:43.077	0.84325				2
2025.01.15	00:07:43.582	0.84328				2
2025.01.15	00:07:44.239	0.84329				2
2025.01.15	00:07:47.612	0.84328				2
2025.01.15	00:07:50.952	0.84317				2
2025.01.15	00:07:51.736	0.84318				2
2025.01.15	00:07:53.379	0.84317				2
2025.01.15	00:07:54.269	0.84327				2
2025.01.15	00:07:55.189	0.84317				2
2025.01.15	00:07:56.354	0.84319				2
2025.01.15	00:07:57.068	0.84321				2
2025.01.15	00:08:04.403	0.84322				2
2025.01.15	00:08:06.590	0.84325				2
2025.01.15	00:08:07.319	0.84324				2
2025.01.15	00:08:08.352	0.84321				2
2025.01.15	00:08:14.304	0.84332	0.84425			6
2025.01.15	00:08:16.313	0.84329				2
2025.01.15	00:08:17.733	0.84318				2
2025.01.15	00:08:18.352	0.84321				2
2025.01.15	00:08:19.108	0.84319				2
2025.01.15	00:08:19.622	0.84327				2
2025.01.15	00:08:22.633	0.84319				2
2025.01.15	00:08:24.485	0.84324				2
2025.01.15	00:08:25.950	0.84326				2
2025.01.15	00:08:28.357	0.84323				2
2025.01.15	00:08:30.128	0.84324				2
2025.01.15	00:08:34.431	0.84330				2
2025.01.15	00:08:35.319	0.84326				2
2025.01.15	00:08:36.357	0.84327				2
2025.01.15	00:08:38.360	0.84329				2
2025.01.15	00:08:39.099	0.84333				2
2025.01.15	00:08:44.481	0.84329				2
2025.01.15	00:08:47.757	0.84330				2
2025.01.15	00:08:50.803	0.84333				2
2025.01.15	00:08:51.783	0.84334				2
2025.01.15	00:08:54.521	0.84332				2
2025.01.15	00:08:56.360	0.84328				2
2025.01.15	00:08:58.361	0.84327				2
2025.01.15	00:08:59.644	0.84328				2
2025.01.15	00:09:00.372	0.84330				2
2025.01.15	00:09:02.114	0.84329				2
2025.01.15	00:09:02.647	0.84328				2
2025.01.15	00:09:06.354	0.84331				2
2025.01.15	00:09:08.449	0.84322				2
2025.01.15	00:09:14.629	0.84325	0.84425			6
2025.01.15	00:09:19.110	0.84331				2
2025.01.15	00:09:24.355	0.84332				2
2025.01.15	00:09:24.675	0.84325				2
2025.01.15	00:09:40.088	0.84323				2
2025.01.15	00:09:42.093	0.84329				2
2025.01.15	00:09:46.358	0.84328				2
2025.01.15	00:09:48.363	0.84329				2
2025.01.15	00:09:50.356	0.84332				2
2025.01.15	00:10:00.408	0.84349				2
2025.01.15	00:10:08.192	0.84351				2
2025.01.15	00:10:09.386	0.84350				2
2025.01.15	00:10:10.595	0.84351				2
2025.01.15	00:10:13.237	0.84346	0.84417			6
2025.01.15	00:10:21.140	0.84347	0.84418			6
2025.01.15	00:10:22.044	0.84346	0.84417			6
2025.01.15	00:10:24.771	0.84347	0.84418			6
2025.01.15	00:10:27.492	0.84346	0.84417			6
2025.01.15	00:10:45.054	0.84344	0.84415			6
2025.01.15	00:10:47.777	0.84346	0.84416			6
2025.01.15	00:10:55.645	0.84347	0.84417			6
2025.01.15	00:11:00.185	0.84347				2
2025.01.15	00:11:04.121	0.84352	0.84425			6
2025.01.15	00:11:08.008	0.84346	0.84417			6
2025.01.15	00:11:08.912	0.84352	0.84425			6
2025.01.15	00:11:12.973	0.84346	0.84417			6
2025.01.15	00:11:13.905	0.84352	0.84425			6
2025.01.15	00:11:25.159	0.84354				2
2025.01.15	00:12:01.156	0.84354				2
2025.01.15	00:12:15.419		0.84425			4
2025.01.15	00:12:47.560	0.84353				2
2025.01.15	00:12:58.359	0.84354				2
2025.01.15	00:12:59.948	0.84353				2
2025.01.15	00:13:00.398	0.84353				2
2025.01.15	00:13:02.564	0.84359				2
2025.01.15	00:13:06.532		0.84422			4
2025.01.15	00:13:16.977	0.84360				2
2025.01.15	00:13:39.476	0.84356				2
2025.01.15	00:13:55.148	0.84355				2
2025.01.15	00:13:57.248	0.84356				2
2025.01.15	00:14:00.303	0.84356				2
2025.01.15	00:14:04.445	0.84355				2
2025.01.15	00:14:06.848		0.84422			4
2025.01.15	00:14:43.410	0.84352				2
2025.01.15	00:14:47.425	0.84353				2
2025.01.15	00:14:52.041	0.84355				2
2025.01.15	00:14:58.188	0.84359				2
2025.01.15	00:15:00.258	0.84360				2
2025.01.15	00:15:01.567	0.84359				2
2025.01.15	00:15:06.635	0.84358				2
2025.01.15	00:15:07.308		0.84422			4
2025.01.15	00:16:18.358	0.84359	0.84422			6
2025.01.15	00:16:24.946		0.84410			4
2025.01.15	00:16:32.345	0.84358				2
2025.01.15	00:16:57.340	0.84356				2
2025.01.15	00:17:00.005	0.84356				2
2025.01.15	00:17:01.434		0.84412			4
2025.01.15	00:17:02.862	0.84358				2
2025.01.15	00:17:03.182	0.84359				2
2025.01.15	00:17:04.001	0.84358				2
2025.01.15	00:17:05.003	0.84359				2
2025.01.15	00:17:05.378	0.84358				2
2025.01.15	00:17:29.057	0.84357				2
2025.01.15	00:17:29.958	0.84358				2
2025.01.15	00:17:32.044	0.84357				2
2025.01.15	00:17:50.322	0.84358				2
2025.01.15	00:18:00.579	0.84358				2
2025.01.15	00:18:01.459	0.84357	0.84412			6
2025.01.15	00:18:06.733	0.84358				2
2025.01.15	00:18:07.750	0.84361				2
2025.01.15	00:18:12.751	0.84360				2
2025.01.15	00:18:17.935	0.84361				2
2025.01.15	00:18:20.047	0.84360				2
2025.01.15	00:18:24.442	0.84361				2
2025.01.15	00:18:26.044	0.84360				2
2025.01.15	00:18:27.149	0.84365				2
2025.01.15	00:18:34.794	0.84369				2
2025.01.15	00:18:46.920	0.84364				2
2025.01.15	00:18:47.344	0.84370				2
2025.01.15	00:18:48.035		0.84417			4
2025.01.15	00:18:51.543	0.84369				2
2025.01.15	00:19:00.566	0.84369				2
2025.01.15	00:19:03.874	0.84370				2
2025.01.15	00:19:06.848	0.84369				2
2025.01.15	00:19:07.206	0.84368				2
2025.01.15	00:19:08.047	0.84369				2
2025.01.15	00:19:11.008		0.84419			4
2025.01.15	00:19:14.066	0.84365				2
2025.01.15	00:19:16.461	0.84360				2
2025.01.15	00:19:19.075	0.84341	0.84408			6
2025.01.15	00:19:20.573	0.84342				2
2025.01.15	00:19:22.383	0.84346				2
2025.01.15	00:19:24.381	0.84345				2
2025.01.15	00:19:25.627	0.84344				2
2025.01.15	00:19:29.027	0.84342				2
2025.01.15	00:19:34.367	0.84339				2
2025.01.15	00:19:40.982	0.84347	0.84413			6
2025.01.15	00:19:41.345	0.84346				2
2025.01.15	00:19:46.455	0.84350				2
2025.01.15	00:19:53.797	0.84352				2
2025.01.15	00:19:54.794	0.84349				2
2025.01.15	00:19:57.256	0.84348				2
2025.01.15	00:20:00.843	0.84348				2
2025.01.15	00:20:07.294	0.84349				2
2025.01.15	00:20:19.294	0.84339	0.84408			6
2025.01.15	00:20:20.033	0.84340				2
2025.01.15	00:20:24.232	0.84342				2
2025.01.15	00:20:24.543	0.84339				2
2025.01.15	00:20:24.845	0.84340				2
2025.01.15	00:20:25.163	0.84339				2
2025.01.15	00:20:25.470	0.84342				2
2025.01.15	00:20:27.355	0.84339				2
2025.01.15	00:20:32.643	0.84340				2
2025.01.15	00:20:42.023	0.84341				2
2025.01.15	00:21:00.011	0.84341				2
2025.01.15	00:21:04.168	0.84346	0.84430			6
2025.01.15	00:21:06.550	0.84345				2
2025.01.15	00:21:07.513	0.84346				2
2025.01.15	00:21:14.204	0.84345				2
2025.01.15	00:21:16.271	0.84350	0.84420			6
2025.01.15	00:21:17.995	0.84344				2
2025.01.15	00:21:19.086	0.84345				2
2025.01.15	00:21:20.356	0.84350	0.84418			6
2025.01.15	00:21:24.099	0.84351				2
2025.01.15	00:21:26.570	0.84354				2
2025.01.15	00:21:27.907	0.84355				2
2025.01.15	00:21:29.334	0.84357				2
2025.01.15	00:21:32.823	0.84358				2
2025.01.15	00:21:43.225	0.84359				2
2025.01.15	00:22:01.449	0.84360				2
2025.01.15	00:22:10.272	0.84361				2
2025.01.15	00:22:11.449	0.84362				2
2025.01.15	00:22:16.212	0.84363				2
2025.01.15	00:22:20.498	0.84364	0.84419			6
2025.01.15	00:22:29.200	0.84363				2
2025.01.15	00:22:42.832	0.84364				2
2025.01.15	00:22:47.648	0.84363				2
2025.01.15	00:22:50.914	0.84362				2
2025.01.15	00:22:59.871	0.84360				2
2025.01.15	00:23:00.381	0.84360				2
2025.01.15	00:23:06.040	0.84361				2
2025.01.15	00:23:13.540	0.84363				2
2025.01.15	00:23:20.954	0.84365	0.84419			6
2025.01.15	00:23:21.599	0.84336	0.84410			6
2025.01.15	00:23:31.772	0.84338				2
2025.01.15	00:23:32.354	0.84339				2
2025.01.15	00:23:35.414	0.84337				2
2025.01.15	00:23:36.317	0.84339	0.84411			6
2025.01.15	00:23:42.856	0.84340				2
2025.01.15	00:23:47.393	0.84342	0.84412			6
2025.01.15	00:23:51.478	0.84344				2
2025.01.15	00:23:53.456		0.84411			4
2025.01.15	00:23:54.164	0.84351	0.84415			6
2025.01.15	00:23:56.325	0.84352				2
2025.01.15	00:23:57.827	0.84355				2
2025.01.15	00:23:58.809	0.84354				2
2025.01.15	00:24:00.435	0.84354				2
2025.01.15	00:24:02.486	0.84355				2
2025.01.15	00:24:02.989	0.84357				2
2025.01.15	00:24:05.954	0.84356				2
2025.01.15	00:24:09.847	0.84357				2
2025.01.15	00:24:16.577	0.84359				2
2025.01.15	00:24:23.049	0.84360				2
2025.01.15	00:24:39.548	0.84361				2
2025.01.15	00:24:46.446	0.84360				2
2025.01.15	00:24:54.166		0.84416			4
2025.01.15	00:24:56.613	0.84362				2
2025.01.15	00:24:58.036	0.84361				2
2025.01.15	00:24:58.658	0.84360				2
2025.01.15	00:25:00.315	0.84360				2
2025.01.15	00:25:03.722	0.84361				2
2025.01.15	00:25:25.641	0.84362				2
2025.01.15	00:25:27.519	0.84364				2
2025.01.15	00:25:35.946	0.84365				2
2025.01.15	00:25:49.922	0.84368				2
2025.01.15	00:25:54.164	0.84367	0.84417			6
2025.01.15	00:26:00.396	0.84366				2
2025.01.15	00:26:15.889	0.84365				2
2025.01.15	00:26:54.163		0.84418			4
2025.01.15	00:26:57.624	0.84366				2
2025.01.15	00:26:57.928	0.84367				2
2025.01.15	00:27:00.219	0.84367				2
2025.01.15	00:27:05.946	0.84368				2
2025.01.15	00:27:40.441	0.84367				2
2025.01.15	00:27:51.631	0.84368				2
2025.01.15	00:27:52.472	0.84369				2
2025.01.15	00:27:53.662	0.84368				2
2025.01.15	00:27:54.887		0.84418			4
2025.01.15	00:28:01.778	0.84368				2
2025.01.15	00:28:08.791	0.84369				2
2025.01.15	00:28:19.900	0.84370				2
2025.01.15	00:28:50.629	0.84368				2
2025.01.15	00:29:01.771	0.84368	0.84418			6
2025.01.15	00:29:09.849	0.84369				2
2025.01.15	00:29:17.618	0.84370				2
2025.01.15	00:29:19.548	0.84368				2
2025.01.15	00:29:19.975	0.84369				2
2025.01.15	00:29:28.360	0.84368				2
2025.01.15	00:29:30.788	0.84369				2
2025.01.15	00:29:51.629	0.84370				2
2025.01.15	00:30:00.385	0.84372				2
2025.01.15	00:30:02.363		0.84418			4
2025.01.15	00:30:11.042	0.84373				2
2025.01.15	00:30:18.694	0.84374				2
2025.01.15	00:30:26.644	0.84375				2
2025.01.15	00:30:48.695	0.84374				2
2025.01.15	00:30:49.546	0.84373				2
2025.01.15	00:30:51.865	0.84374				2
2025.01.15	00:30:58.612	0.84375				2
2025.01.15	00:31:00.079	0.84375				2
2025.01.15	00:31:02.945		0.84418			4
2025.01.15	00:31:09.741	0.84376				2
2025.01.15	00:31:36.543	0.84377				2
2025.01.15	00:31:59.343	0.84378				2
2025.01.15	00:32:00.398	0.84378				2
2025.01.15	00:32:10.014		0.84418			4
2025.01.15	00:33:01.778	0.84378				2
2025.01.15	00:33:11.773		0.84418			4
2025.01.15	00:34:00.293	0.84378				2
2025.01.15	00:34:26.353		0.84418			4
2025.01.15	00:35:00.402	0.84378				2
2025.01.15	00:35:20.208	0.84376				2
2025.01.15	00:35:27.261		0.84418			4
2025.01.15	00:35:32.650	0.84377				2
2025.01.15	00:35:36.363	0.84378				2
2025.01.15	00:35:40.396	0.84377				2
2025.01.15	00:35:46.424	0.84378				2
2025.01.15	00:35:47.943	0.84377				2
2025.01.15	00:35:51.074	0.84378				2
2025.01.15	00:35:54.114	0.84377	0.84419			6
2025.01.15	00:36:00.345	0.84377				2
2025.01.15	00:36:02.291	0.84378				2
2025.01.15	00:36:14.037	0.84379				2
2025.01.15	00:36:19.456	0.84380				2
2025.01.15	00:36:20.298	0.84379				2
2025.01.15	00:36:29.855	0.84378				2
2025.01.15	00:36:57.237		0.84419			4
2025.01.15	00:37:02.500	0.84379				2
2025.01.15	00:37:29.867	0.84378				2
2025.01.15	00:37:42.214	0.84377				2
2025.01.15	00:37:57.202	0.84378				2
2025.01.15	00:38:00.347	0.84378	0.84419			6
2025.01.15	00:38:29.860	0.84379				2
2025.01.15	00:38:45.358		0.84424			4
2025.01.15	00:39:05.044	0.84379				2
2025.01.15	00:39:51.547		0.84424			4
2025.01.15	00:40:00.247	0.84379				2
2025.01.15	00:40:14.344	0.84380				2
2025.01.15	00:40:14.651	0.84379				2
2025.01.15	00:40:27.952	0.84380				2
2025.01.15	00:40:52.881	0.84379	0.84424			6
2025.01.15	00:41:00.493	0.84381				2
2025.01.15	00:41:06.139	0.84380				2
2025.01.15	00:41:12.519	0.84379				2
2025.01.15	00:41:15.507	0.84380				2
2025.01.15	00:41:27.752	0.84379				2
2025.01.15	00:41:42.764	0.84378				2
2025.01.15	00:41:45.438		0.84423			4
2025.01.15	00:41:47.945	0.84377				2
2025.01.15	00:41:48.745	0.84378				2
2025.01.15	00:41:50.575	0.84379				2
2025.01.15	00:41:54.173	0.84378				2
2025.01.15	00:42:00.840	0.84380				2
2025.01.15	00:42:16.642	0.84379				2
2025.01.15	00:42:29.860	0.84380				2
2025.01.15	00:42:47.014		0.84423			4
2025.01.15	00:42:51.688	0.84379				2
2025.01.15	00:42:52.837	0.84380				2
2025.01.15	00:43:00.549	0.84378				2
2025.01.15	00:43:02.908	0.84380				2
2025.01.15	00:43:17.424	0.84379				2
2025.01.15	00:43:22.148	0.84380				2
2025.01.15	00:43:26.053	0.84379				2
2025.01.15	00:43:28.187	0.84380				2
2025.01.15	00:43:49.070		0.84423			4
2025.01.15	00:43:51.070	0.84381				2
2025.01.15	00:43:56.879	0.84380				2
2025.01.15	00:44:01.083	0.84381				2
2025.01.15	00:44:02.602	0.84380				2
2025.01.15	00:44:05.881	0.84381				2
2025.01.15	00:44:13.069	0.84380				2
2025.01.15	00:44:49.147		0.84423			4
2025.01.15	00:44:51.244	0.84379				2
2025.01.15	00:44:52.734	0.84380				2
2025.01.15	00:44:57.220	0.84379				2
2025.01.15	00:44:58.504	0.84380				2
2025.01.15	00:45:00.949	0.84379				2
2025.01.15	00:45:02.116	0.84367	0.84427			6
2025.01.15	00:45:03.957	0.84379	0.84423			6
2025.01.15	00:45:07.965	0.84392	0.84411			6
2025.01.15	00:45:31.445	0.84391				2
2025.01.15	00:45:31.980	0.84392				2
2025.01.15	00:46:00.034	0.84392				2
2025.01.15	00:46:20.405		0.84411			4
2025.01.15	00:47:00.570	0.84392				2
2025.01.15	00:47:02.114	0.84379	0.84415			6
2025.01.15	00:47:03.956	0.84392	0.84422			6
2025.01.15	00:47:33.000	0.84368				2
2025.01.15	00:47:40.449	0.84391				2
2025.01.15	00:47:53.912		0.84416			4
2025.01.15	00:48:01.530	0.84391				2
2025.01.15	00:48:03.244	0.84390				2
2025.01.15	00:48:25.952	0.84391				2
2025.01.15	00:48:28.781	0.84390				2
2025.01.15	00:48:31.049	0.84392				2
2025.01.15	00:48:37.946	0.84393				2
2025.01.15	00:48:46.751	0.84392				2
2025.01.15	00:49:02.398	0.84392	0.84416			6
2025.01.15	00:49:23.494	0.84391				2
2025.01.15	00:49:27.222	0.84390				2
2025.01.15	00:49:28.625	0.84392				2
2025.01.15	00:49:32.421	0.84390				2
2025.01.15	00:49:38.660	0.84389				2
2025.01.15	00:49:53.947	0.84390				2
2025.01.15	00:50:00.190	0.84390				2
2025.01.15	00:50:02.082	0.84389				2
2025.01.15	00:50:04.078	0.84388	0.84416			6
2025.01.15	00:50:06.904	0.84389				2
2025.01.15	00:50:07.395	0.84391				2
2025.01.15	00:50:09.994	0.84390				2
2025.01.15	00:50:16.011	0.84389				2
2025.01.15	00:50:17.220	0.84387				2
2025.01.15	00:50:22.067	0.84388				2
2025.01.15	00:50:26.009	0.84387				2
2025.01.15	00:50:29.946	0.84388				2
2025.01.15	00:50:30.594	0.84389	0.84419			6
2025.01.15	00:50:30.964	0.84390	0.84423			6
2025.01.15	00:50:33.962	0.84389				2
2025.01.15	00:50:35.915	0.84391				2
2025.01.15	00:50:37.221	0.84390				2
2025.01.15	00:50:38.437	0.84389	0.84419			6
2025.01.15	00:50:38.778		0.84416			4
2025.01.15	00:50:39.849	0.84386				2
2025.01.15	00:50:40.359	0.84388				2
2025.01.15	00:50:41.461	0.84389				2
2025.01.15	00:50:43.091	0.84388				2
2025.01.15	00:50:45.231	0.84389				2
2025.01.15	00:50:46.041	0.84386				2
2025.01.15	00:50:46.530	0.84389				2
2025.01.15	00:50:48.740	0.84383	0.84415			6
2025.01.15	00:50:50.000	0.84382				2
2025.01.15	00:50:56.710	0.84386				2
2025.01.15	00:51:00.109	0.84387				2
2025.01.15	00:51:03.825	0.84386				2
2025.01.15	00:51:08.356	0.84384	0.84412			6
2025.01.15	00:51:09.361	0.84385				2
2025.01.15	00:51:10.653	0.84384				2
2025.01.15	00:51:11.372	0.84387				2
2025.01.15	00:51:15.362	0.84388				2
2025.01.15	00:51:17.652		0.84415			4
2025.01.15	00:51:20.906	0.84389				2
2025.01.15	00:51:32.551	0.84385				2
2025.01.15	00:51:34.352	0.84388				2
2025.01.15	00:51:35.548	0.84386				2
2025.01.15	00:51:37.931	0.84389	0.84416			6
2025.01.15	00:51:55.882	0.84390				2
2025.01.15	00:52:01.429	0.84390	0.84412			6
2025.01.15	00:52:06.572	0.84389				2
2025.01.15	00:52:08.890	0.84390				2
2025.01.15	00:52:10.361	0.84389				2
2025.01.15	00:52:11.345	0.84388				2
2025.01.15	00:52:11.661	0.84387				2
2025.01.15	00:52:11.966	0.84390				2
2025.01.15	00:52:13.270	0.84389				2
2025.01.15	00:52:14.500	0.84393				2
2025.01.15	00:52:17.390	0.84394				2
2025.01.15	00:52:20.240	0.84392				2
2025.01.15	00:52:22.418	0.84391				2
2025.01.15	00:52:26.575	0.84390				2
2025.01.15	00:52:27.929	0.84392				2
2025.01.15	00:52:32.443	0.84391				2
2025.01.15	00:52:34.593	0.84392				2
2025.01.15	00:52:36.018	0.84391				2
2025.01.15	00:52:40.318	0.84392				2
2025.01.15	00:52:44.045	0.84393				2
2025.01.15	00:52:47.998	0.84392				2
2025.01.15	00:52:49.602	0.84391				2
2025.01.15	00:52:49.940	0.84392				2
2025.01.15	00:52:50.868	0.84391				2
2025.01.15	00:52:54.435	0.84392				2
2025.01.15	00:53:01.601	0.84391	0.84412			6
2025.01.15	00:53:03.604	0.84390				2
2025.01.15	00:53:04.827	0.84392				2
2025.01.15	00:53:06.327	0.84391				2
2025.01.15	00:53:17.614	0.84392				2
2025.01.15	00:53:18.814	0.84391				2
2025.01.15	00:53:21.584	0.84390				2
2025.01.15	00:53:24.252	0.84391				2
2025.01.15	00:53:25.235	0.84390				2
2025.01.15	00:53:33.847	0.84391				2
2025.01.15	00:54:00.401	0.84391				2
2025.01.15	00:54:02.304		0.84420			4
2025.01.15	00:54:13.750	0.84392				2
2025.01.15	00:54:23.968	0.84391				2
2025.01.15	00:54:28.079	0.84393				2
2025.01.15	00:54:30.394	0.84392				2
2025.01.15	00:54:31.652	0.84391				2
2025.01.15	00:54:34.731	0.84392				2
2025.01.15	00:54:43.092	0.84393				2
2025.01.15	00:54:48.648		0.84422			4
2025.01.15	00:54:49.733	0.84394				2
2025.01.15	00:54:54.814	0.84395				2
2025.01.15	00:54:57.197	0.84392	0.84414			6
2025.01.15	00:54:59.901	0.84390	0.84411			6
2025.01.15	00:55:00.331	0.84390				2
2025.01.15	00:55:01.390		0.84414			4
2025.01.15	00:55:09.807	0.84389				2
2025.01.15	00:55:19.160	0.84388				2
2025.01.15	00:56:01.670	0.84388	0.84414			6
2025.01.15	00:56:21.572	0.84387				2
2025.01.15	00:56:23.647	0.84386				2
2025.01.15	00:56:30.408	0.84385				2
2025.01.15	00:56:46.661	0.84387				2
2025.01.15	00:56:47.255	0.84385	0.84411			6
2025.01.15	00:56:47.644	0.84384				2
2025.01.15	00:56:48.301	0.84383	0.84407			6
2025.01.15	00:56:48.733		0.84406			4
2025.01.15	00:56:50.947	0.84381	0.84405			6
2025.01.15	00:56:51.814	0.84375	0.84403			6
2025.01.15	00:56:52.145	0.84383	0.84406			6
2025.01.15	00:56:53.674	0.84381	0.84405			6
2025.01.15	00:56:55.763		0.84406			4
2025.01.15	00:57:02.280	0.84381				2
2025.01.15	00:57:05.644		0.84405			4
2025.01.15	00:57:09.848	0.84382	0.84406			6
2025.01.15	00:57:14.225	0.84380	0.84404			6
2025.01.15	00:57:15.141	0.84379	0.84403			6
2025.01.15	00:57:16.865	0.84378	0.84402			6
2025.01.15	00:57:20.024	0.84379				2
2025.01.15	00:57:23.252	0.84377	0.84401			6
2025.01.15	00:57:25.123	0.84378	0.84402			6
2025.01.15	00:57:25.428	0.84377				2
2025.01.15	00:57:26.378	0.84378	0.84401			6
2025.01.15	00:57:26.946		0.84402			4
2025.01.15	00:57:34.120	0.84374	0.84403			6
2025.01.15	00:57:35.218	0.84378	0.84401			6
2025.01.15	00:57:35.570	0.84380	0.84404			6
2025.01.15	00:57:38.046		0.84405			4
2025.01.15	00:57:45.521	0.84379	0.84406			6
2025.01.15	00:57:54.631	0.84383	0.84407			6
2025.01.15	00:57:55.576	0.84384	0.84408			6
2025.01.15	00:58:00.152	0.84384				2
2025.01.15	00:58:03.549	0.84386	0.84410			6
2025.01.15	00:58:04.662	0.84388	0.84412			6
2025.01.15	00:58:05.058	0.84385	0.84411			6
2025.01.15	00:58:05.362		0.84410			4
2025.01.15	00:58:05.672	0.84386				2
2025.01.15	00:58:08.049	0.84387	0.84411			6
2025.01.15	00:58:09.761	0.84384	0.84408			6
2025.01.15	00:58:13.746	0.84383	0.84407			6
2025.01.15	00:58:19.446	0.84384	0.84408			6
2025.01.15	00:58:26.657		0.84409			4
2025.01.15	00:58:28.760	0.84380	0.84406			6
2025.01.15	00:58:31.586		0.84407			4
2025.01.15	00:58:32.555	0.84381	0.84408			6
2025.01.15	00:58:35.720		0.84407			4
2025.01.15	00:58:41.629	0.84380	0.84409			6
2025.01.15	00:58:43.753	0.84382				2
2025.01.15	00:58:45.163	0.84383	0.84407			6
2025.01.15	00:58:45.845	0.84385	0.84409			6
2025.01.15	00:58:54.293	0.84384				2
2025.01.15	00:59:04.148	0.84384	0.84410			6
2025.01.15	00:59:05.270	0.84385	0.84409			6
2025.01.15	00:59:06.300	0.84384				2
2025.01.15	00:59:10.399	0.84385				2
2025.01.15	00:59:16.145	0.84384				2
2025.01.15	00:59:24.502	0.84386	0.84410			6
2025.01.15	00:59:35.972	0.84384				2
2025.01.15	00:59:38.222		0.84409			4
2025.01.15	00:59:42.628	0.84385				2
2025.01.15	00:59:46.007		0.84410			4
2025.01.15	01:00:00.307	0.84364	0.84409			6
2025.01.15	01:00:00.626	0.84363	0.84405			6
2025.01.15	01:00:00.930	0.84364				2
2025.01.15	01:00:01.294	0.84365				2
2025.01.15	01:00:01.649	0.84357	0.84404			6
2025.01.15	01:00:02.051	0.84356				2
2025.01.15	01:00:02.390	0.84365	0.84402			6
2025.01.15	01:00:02.709	0.84367	0.84406			6
2025.01.15	01:00:03.010	0.84368				2
2025.01.15	01:00:03.315	0.84371	0.84404			6
2025.01.15	01:00:03.619	0.84370	0.84403			6
2025.01.15	01:00:04.375	0.84375	0.84409			6
2025.01.15	01:00:05.405	0.84376	0.84405			6
2025.01.15	01:00:06.911		0.84407			4
2025.01.15	01:00:07.688		0.84408			4
2025.01.15	01:00:08.007	0.84375				2
2025.01.15	01:00:08.325	0.84382	0.84406			6
2025.01.15	01:00:09.154	0.84383				2
2025.01.15	01:00:09.467	0.84376	0.84407			6
2025.01.15	01:00:09.975	0.84383	0.84406			6
2025.01.15	01:00:10.323	0.84397				2
2025.01.15	01:00:10.755		0.84407			4
2025.01.15	01:00:11.163		0.84408			4
2025.01.15	01:00:11.658		0.84409			4
2025.01.15	01:00:12.830	0.84398	0.84411			6
2025.01.15	01:00:13.827	0.84409	0.84413			6
2025.01.15	01:00:14.218		0.84410			4
2025.01.15	01:00:14.933		0.84415			4
2025.01.15	01:00:17.104		0.84411			4
2025.01.15	01:00:17.568	0.84373	0.84404			6
2025.01.15	01:00:17.888	0.84371	0.84406			6
2025.01.15	01:00:18.197	0.84383				2
2025.01.15	01:00:18.531	0.84375	0.84401			6
2025.01.15	01:00:18.842	0.84380	0.84404			6
2025.01.15	01:00:19.462	0.84379				2
2025.01.15	01:00:19.768	0.84380				2
2025.01.15	01:00:20.318		0.84399			4
2025.01.15	01:00:20.645		0.84400			4
2025.01.15	01:00:20.993	0.84372	0.84398			6
2025.01.15	01:00:22.418	0.84370	0.84396			6
2025.01.15	01:00:22.772	0.84369				2
2025.01.15	01:00:23.441	0.84400	0.84401			6
2025.01.15	01:00:23.770	0.84401	0.84402			6
2025.01.15	01:00:24.155	0.84404	0.84414			6
2025.01.15	01:00:24.781	0.84385	0.84412			6
2025.01.15	01:00:25.083		0.84411			4
2025.01.15	01:00:26.347	0.84387	0.84409			6
2025.01.15	01:00:28.526		0.84410			4
2025.01.15	01:00:32.222		0.84408			4
2025.01.15	01:00:32.563		0.84409			4
2025.01.15	01:00:32.888		0.84411			4
2025.01.15	01:00:33.552	0.84388	0.84409			6
2025.01.15	01:00:34.394	0.84387	0.84408			6
2025.01.15	01:00:38.059		0.84409			4
2025.01.15	01:00:39.898		0.84410			4
2025.01.15	01:00:42.399		0.84409			4
2025.01.15	01:00:43.279		0.84407			4
2025.01.15	01:00:47.079	0.84386				2
2025.01.15	01:00:47.792	0.84387	0.84408			6
2025.01.15	01:00:51.546	0.84388				2
2025.01.15	01:00:56.186		0.84407			4
2025.01.15	01:00:58.073	0.84386	0.84405			6
2025.01.15	01:00:59.083		0.84404			4
2025.01.15	01:01:00.322	0.84386	0.84401			6
2025.01.15	01:01:04.903	0.84385				2
2025.01.15	01:01:06.544	0.84388	0.84404			6
2025.01.15	01:01:07.088	0.84387				2
2025.01.15	01:01:07.608		0.84403			4
2025.01.15	01:01:08.385	0.84384	0.84399			6
2025.01.15	01:01:11.194	0.84385	0.84398			6
2025.01.15	01:01:12.241	0.84386				2
2025.01.15	01:01:15.902	0.84385	0.84397			6
2025.01.15	01:01:16.451	0.84390	0.84403			6
2025.01.15	01:01:17.446	0.84391				2
2025.01.15	01:01:18.391	0.84388	0.84401			6
2025.01.15	01:01:21.420	0.84382	0.84398			6
2025.01.15	01:01:22.786	0.84386	0.84402			6
2025.01.15	01:01:23.618	0.84384	0.84400			6
2025.01.15	01:01:26.355	0.84383	0.84398			6
2025.01.15	01:01:30.401		0.84397			4
2025.01.15	01:01:34.712		0.84398			4
2025.01.15	01:01:37.387	0.84384	0.84399			6
2025.01.15	01:01:38.048	0.84385	0.84400			6
2025.01.15	01:01:38.703	0.84386				2
2025.01.15	01:01:45.827	0.84385	0.84397			6
2025.01.15	01:01:46.484	0.84386				2
2025.01.15	01:01:48.387	0.84385				2
2025.01.15	01:01:56.391	0.84386				2
2025.01.15	01:01:58.982	0.84388	0.84399			6
2025.01.15	01:02:00.398	0.84388				2
2025.01.15	01:02:00.811	0.84386	0.84398			6
2025.01.15	01:02:01.145	0.84390	0.84399			6
2025.01.15	01:02:01.491		0.84400			4
2025.01.15	01:02:02.387	0.84389				2
2025.01.15	01:02:02.991	0.84388				2
2025.01.15	01:02:04.822	0.84394	0.84401			6
2025.01.15	01:02:09.606		0.84400			4
2025.01.15	01:02:12.173		0.84399			4
2025.01.15	01:02:12.483		0.84398			4
2025.01.15	01:02:14.875	0.84392				2
2025.01.15	01:02:41.387	0.84390				2
2025.01.15	01:02:43.447	0.84391				2
2025.01.15	01:02:47.883	0.84390				2
2025.01.15	01:02:50.001	0.84392				2
2025.01.15	01:02:54.976		0.84399			4
2025.01.15	01:02:59.307	0.84390				2
2025.01.15	01:03:00.246	0.84392				2
2025.01.15	01:03:01.640		0.84402			4
2025.01.15	01:03:24.633	0.84391				2
2025.01.15	01:03:29.809	0.84392				2
2025.01.15	01:03:39.084	0.84389				2
2025.01.15	01:03:43.387	0.84388	0.84400			6
2025.01.15	01:03:43.921	0.84385				2
2025.01.15	01:03:44.313	0.84386				2
2025.01.15	01:03:47.372	0.84387				2
2025.01.15	01:03:49.145	0.84386				2
2025.01.15	01:03:51.545	0.84387				2
2025.01.15	01:04:02.946	0.84387				2
2025.01.15	01:04:06.547		0.84402			4
2025.01.15	01:04:07.469		0.84401			4
2025.01.15	01:04:16.962	0.84390	0.84392			6
2025.01.15	01:04:18.788	0.84387	0.84401			6
2025.01.15	01:04:20.361	0.84391	0.84402			6
2025.01.15	01:04:21.339	0.84392	0.84403			6
2025.01.15	01:04:21.681	0.84393				2
2025.01.15	01:04:28.736		0.84404			4
2025.01.15	01:04:31.577		0.84403			4
2025.01.15	01:04:32.647	0.84394				2
2025.01.15	01:04:45.643		0.84402			4
2025.01.15	01:04:48.945	0.84398	0.84407			6
2025.01.15	01:04:52.447	0.84399				2
2025.01.15	01:04:56.165	0.84397				2
2025.01.15	01:04:56.550	0.84399				2
2025.01.15	01:04:57.240	0.84396	0.84405			6
2025.01.15	01:04:57.848	0.84395				2
2025.01.15	01:05:00.673	0.84395				2
2025.01.15	01:05:02.265	0.84396	0.84406			6
2025.01.15	01:05:28.000	0.84397	0.84399			6
2025.01.15	01:05:28.328	0.84393	0.84395			6
2025.01.15	01:05:29.541	0.84397	0.84399			6
2025.01.15	01:05:29.846	0.84399	0.84408			6
2025.01.15	01:05:39.337	0.84400				2
2025.01.15	01:05:43.149	0.84398	0.84407			6
2025.01.15	01:06:00.508	0.84398				2
2025.01.15	01:06:01.090	0.84396	0.84404			6
2025.01.15	01:06:01.770	0.84395	0.84403			6
2025.01.15	01:06:06.116	0.84397	0.84406			6
2025.01.15	01:06:09.737	0.84398	0.84407			6
2025.01.15	01:06:26.761		0.84406			4
2025.01.15	01:06:31.410	0.84397				2
2025.01.15	01:06:31.953		0.84407			4
2025.01.15	01:06:32.944		0.84406			4
2025.01.15	01:06:33.263	0.84399	0.84408			6
2025.01.15	01:07:01.148	0.84399				2
2025.01.15	01:07:07.460	0.84398				2
2025.01.15	01:07:08.961	0.84397	0.84405			6
2025.01.15	01:07:10.835	0.84396				2
2025.01.15	01:07:21.582	0.84397				2
2025.01.15	01:07:27.686	0.84398	0.84408			6
2025.01.15	01:07:30.653		0.84405			4
2025.01.15	01:07:32.947	0.84397				2
2025.01.15	01:07:46.867	0.84400				2
2025.01.15	01:08:00.523	0.84400				2
2025.01.15	01:08:05.917	0.84402	0.84407			6
2025.01.15	01:08:07.312		0.84405			4
2025.01.15	01:08:11.593	0.84403	0.84406			6
2025.01.15	01:08:16.928	0.84402				2
2025.01.15	01:08:20.282	0.84407	0.84412			6
2025.01.15	01:08:20.602		0.84411			4
2025.01.15	01:08:21.036		0.84412			4
2025.01.15	01:08:21.841		0.84411			4
2025.01.15	01:08:25.386		0.84412			4
2025.01.15	01:08:32.327		0.84411			4
2025.01.15	01:08:32.972		0.84412			4
2025.01.15	01:08:46.624	0.84408	0.84413			6
2025.01.15	01:08:55.887	0.84404	0.84411			6
2025.01.15	01:08:58.263	0.84405				2
2025.01.15	01:08:58.645	0.84406	0.84412			6
2025.01.15	01:08:59.046	0.84407				2
2025.01.15	01:08:59.380	0.84405	0.84409			6
2025.01.15	01:09:00.814	0.84406				2
2025.01.15	01:09:03.414		0.84410			4
2025.01.15	01:09:03.757		0.84411			4
2025.01.15	01:09:09.862		0.84412			4
2025.01.15	01:09:15.113	0.84407				2
2025.01.15	01:09:16.969	0.84408				2
2025.01.15	01:09:24.053	0.84411	0.84414			6
2025.01.15	01:09:28.837	0.84409				2
2025.01.15	01:09:32.964	0.84410				2
2025.01.15	01:09:41.650	0.84409				2
2025.01.15	01:09:57.374	0.84407	0.84411			6
2025.01.15	01:09:57.850		0.84412			4
2025.01.15	01:09:59.022		0.84411			4
2025.01.15	01:10:00.373	0.84407	0.84412			6
2025.01.15	01:10:01.973		0.84411			4
2025.01.15	01:10:07.438	0.84409	0.84414			6
2025.01.15	01:10:07.747	0.84406	0.84411			6
2025.01.15	01:10:09.461	0.84409	0.84414			6
2025.01.15	01:10:09.847	0.84408	0.84415			6
2025.01.15	01:10:10.505		0.84414			4
2025.01.15	01:10:10.833		0.84413			4
2025.01.15	01:10:11.474		0.84412			4
2025.01.15	01:10:11.830		0.84413			4
2025.01.15	01:10:12.138	0.84409	0.84414			6
2025.01.15	01:10:17.383	0.84410				2
2025.01.15	01:10:18.411	0.84409				2
2025.01.15	01:10:22.158	0.84404	0.84410			6
2025.01.15	01:10:22.470	0.84405				2
2025.01.15	01:10:30.851	0.84406	0.84411			6
2025.01.15	01:10:36.789		0.84412			4
2025.01.15	01:11:00.946	0.84407				2
2025.01.15	01:11:01.983	0.84408	0.84414			6
2025.01.15	01:11:02.304		0.84413			4
2025.01.15	01:11:02.609	0.84409				2
2025.01.15	01:11:07.598		0.84414			4
2025.01.15	01:11:39.066	0.84408				2
2025.01.15	01:11:39.690	0.84409				2
2025.01.15	01:11:41.341	0.84410	0.84416			6
2025.01.15	01:11:55.235		0.84415			4
2025.01.15	01:11:55.956		0.84414			4
2025.01.15	01:11:56.296	0.84409	0.84413			6
2025.01.15	01:11:56.969	0.84408	0.84412			6
2025.01.15	01:12:00.014	0.84406				2
2025.01.15	01:12:00.329		0.84411			4
2025.01.15	01:12:01.182		0.84412			4
2025.01.15	01:12:06.151		0.84413			4
2025.01.15	01:12:07.784	0.84408	0.84414			6
2025.01.15	01:12:10.002	0.84410				2
2025.01.15	01:12:10.361	0.84407	0.84413			6
2025.01.15	01:12:10.777	0.84405	0.84410			6
2025.01.15	01:12:21.892	0.84409	0.84413			6
2025.01.15	01:12:22.198	0.84408	0.84414			6
2025.01.15	01:12:42.011	0.84409	0.84415			6
2025.01.15	01:12:43.961	0.84410				2
2025.01.15	01:12:44.341		0.84416			4
2025.01.15	01:12:44.891	0.84411				2
2025.01.15	01:12:47.080	0.84410				2
2025.01.15	01:12:48.937		0.84415			4
2025.01.15	01:12:49.705	0.84409				2
2025.01.15	01:12:50.074	0.84416	0.84419			6
2025.01.15	01:12:50.381		0.84420			4
2025.01.15	01:12:54.124		0.84419			4
2025.01.15	01:12:55.913		0.84420			4
2025.01.15	01:13:03.050	0.84416				2
2025.01.15	01:13:10.734	0.84414	0.84416			6
2025.01.15	01:13:11.157	0.84413				2
2025.01.15	01:13:15.684	0.84412				2
2025.01.15	01:13:19.183	0.84414	0.84419			6
2025.01.15	01:13:19.484	0.84416	0.84420			6
2025.01.15	01:13:20.349	0.84417	0.84421			6
2025.01.15	01:13:20.663		0.84422			4
2025.01.15	01:13:29.207	0.84418	0.84421			6
2025.01.15	01:13:30.042	0.84417	0.84420			6
2025.01.15	01:13:30.373		0.84419			4
2025.01.15	01:13:30.932	0.84416	0.84418			6
2025.01.15	01:13:39.430	0.84414				2
2025.01.15	01:13:45.026	0.84413				2
2025.01.15	01:13:45.395	0.84414				2
2025.01.15	01:13:50.431	0.84413	0.84419			6
2025.01.15	01:13:51.305	0.84414				2
2025.01.15	01:14:00.246	0.84414				2
2025.01.15	01:14:05.239		0.84418			4
2025.01.15	01:14:05.545	0.84413				2
2025.01.15	01:14:15.235	0.84414				2
2025.01.15	01:14:36.008	0.84416				2
2025.01.15	01:14:37.812	0.84417	0.84419			6
2025.01.15	01:14:51.545	0.84415	0.84418			6
2025.01.15	01:14:51.905	0.84414				2
2025.01.15	01:15:00.384	0.84414				2
2025.01.15	01:15:00.695		0.84419			4
2025.01.15	01:15:05.897	0.84415				2
2025.01.15	01:15:12.303	0.84416				2
2025.01.15	01:15:22.269		0.84420			4
2025.01.15	01:15:22.966		0.84419			4
2025.01.15	01:15:37.271	0.84415				2
2025.01.15	01:15:41.840		0.84418			4
2025.01.15	01:15:42.365		0.84419			4
2025.01.15	01:15:47.578	0.84416	0.84420			6
2025.01.15	01:15:51.757	0.84415	0.84419			6
2025.01.15	01:16:00.398	0.84417	0.84420			6
2025.01.15	01:16:07.226	0.84416	0.84419			6
2025.01.15	01:16:11.261	0.84413	0.84417			6
2025.01.15	01:16:12.013	0.84412	0.84416			6
2025.01.15	01:16:12.716	0.84411	0.84415			6
2025.01.15	01:16:16.489	0.84413	0.84418			6
2025.01.15	01:16:18.988		0.84417			4
2025.01.15	01:16:22.670		0.84418			4
2025.01.15	01:16:48.285	0.84412	0.84417			6
2025.01.15	01:17:00.355	0.84412				2
2025.01.15	01:17:06.244		0.84418			4
2025.01.15	01:17:11.415	0.84413				2
2025.01.15	01:17:12.831	0.84414	0.84417			6
2025.01.15	01:17:15.052		0.84418			4
2025.01.15	01:17:22.106	0.84415				2
2025.01.15	01:17:23.092		0.84417			4
2025.01.15	01:17:23.400		0.84419			4
2025.01.15	01:17:23.946		0.84418			4
2025.01.15	01:17:24.546	0.84414				2
2025.01.15	01:17:35.550	0.84415				2
2025.01.15	01:17:41.360	0.84414				2
2025.01.15	01:17:47.943	0.84415	0.84419			6
2025.01.15	01:17:49.008		0.84418			4
2025.01.15	01:17:53.047	0.84414				2
2025.01.15	01:18:01.427	0.84414				2
2025.01.15	01:18:13.111		0.84417			4
2025.01.15	01:18:14.704		0.84418			4
2025.01.15	01:18:30.977	0.84416	0.84419			6
2025.01.15	01:18:32.027	0.84415				2
2025.01.15	01:18:47.027	0.84418				2
2025.01.15	01:18:47.329	0.84415				2
2025.01.15	01:19:00.515	0.84415				2
2025.01.15	01:19:20.017	0.84414	0.84418			6
2025.01.15	01:19:20.644		0.84419			4
2025.01.15	01:19:20.979		0.84418			4
2025.01.15	01:19:21.497	0.84415				2
2025.01.15	01:19:21.893	0.84414				2
2025.01.15	01:19:23.523		0.84419			4
2025.01.15	01:19:23.857		0.84418			4
2025.01.15	01:19:24.303		0.84419			4
2025.01.15	01:19:24.615	0.84413	0.84418			6
2025.01.15	01:19:34.218	0.84415	0.84419			6
2025.01.15	01:19:34.521	0.84413				2
2025.01.15	01:19:34.827	0.84414				2
2025.01.15	01:19:35.158	0.84415				2
2025.01.15	01:19:39.152	0.84413	0.84418			6
2025.01.15	01:19:41.672		0.84419			4
2025.01.15	01:19:46.927	0.84415	0.84418			6
2025.01.15	01:19:47.292		0.84419			4
2025.01.15	01:19:48.614		0.84418			4
2025.01.15	01:19:49.838		0.84419			4
2025.01.15	01:19:52.921		0.84418			4
2025.01.15	01:19:55.129		0.84419			4
2025.01.15	01:19:57.385		0.84418			4
2025.01.15	01:19:57.695		0.84419			4
2025.01.15	01:20:04.600	0.84415				2
2025.01.15	01:20:58.043		0.84419			4
2025.01.15	01:21:00.131	0.84415				2
2025.01.15	01:21:23.213	0.84414				2
2025.01.15	01:21:28.746	0.84415				2
2025.01.15	01:21:30.420		0.84418			4
2025.01.15	01:21:31.351		0.84419			4
2025.01.15	01:21:36.634		0.84418			4
2025.01.15	01:21:36.939		0.84416			4
2025.01.15	01:21:37.300		0.84418			4
2025.01.15	01:21:45.037		0.84417			4
2025.01.15	01:22:00.317	0.84415				2
2025.01.15	01:22:03.098	0.84414				2
2025.01.15	01:22:14.538		0.84418			4
2025.01.15	01:22:15.288		0.84417			4
2025.01.15	01:22:21.453	0.84413				2
2025.01.15	01:22:32.120	0.84414				2
2025.01.15	01:22:33.744		0.84416			4
2025.01.15	01:22:41.401	0.84413				2
2025.01.15	01:22:56.124	0.84412	0.84415			6
2025.01.15	01:22:56.785	0.84413				2
2025.01.15	01:23:01.179	0.84413				2
2025.01.15	01:23:25.500	0.84412	0.84414			6
2025.01.15	01:23:47.108	0.84408	0.84411			6
2025.01.15	01:23:47.516	0.84409				2
2025.01.15	01:23:50.320		0.84412			4
2025.01.15	01:23:50.681		0.84411			4
2025.01.15	01:24:00.315	0.84409				2
2025.01.15	01:24:01.223	0.84408				2
2025.01.15	01:24:31.269	0.84409				2
2025.01.15	01:24:37.984	0.84408				2
2025.01.15	01:24:48.442	0.84407				2
2025.01.15	01:24:50.977		0.84411			4
2025.01.15	01:25:00.549	0.84407				2
2025.01.15	01:25:26.827	0.84408				2
2025.01.15	01:25:36.200		0.84410			4
2025.01.15	01:25:48.386	0.84409	0.84411			6
2025.01.15	01:26:00.096	0.84409				2
2025.01.15	01:26:16.213		0.84412			4
2025.01.15	01:26:21.503		0.84411			4
2025.01.15	01:26:25.675		0.84412			4
2025.01.15	01:26:30.986		0.84411			4
2025.01.15	01:26:55.700	0.84408	0.84410			6
2025.01.15	01:27:00.361	0.84408				2
2025.01.15	01:27:01.674		0.84411			4
2025.01.15	01:27:03.117	0.84409				2
2025.01.15	01:27:07.435		0.84412			4
2025.01.15	01:27:10.442	0.84410				2
2025.01.15	01:27:10.749	0.84409				2
2025.01.15	01:27:12.996	0.84406	0.84407			6
2025.01.15	01:27:13.661		0.84408			4
2025.01.15	01:27:15.012	0.84407	0.84410			6
2025.01.15	01:27:18.070	0.84408				2
2025.01.15	01:27:19.007	0.84407				2
2025.01.15	01:27:21.238		0.84409			4
2025.01.15	01:27:24.954	0.84408	0.84410			6
2025.01.15	01:27:27.185	0.84407				2
2025.01.15	01:27:34.283	0.84408				2
2025.01.15	01:27:39.619		0.84412			4
2025.01.15	01:27:40.081		0.84410			4
2025.01.15	01:27:40.832		0.84411			4
2025.01.15	01:27:41.882	0.84409	0.84413			6
2025.01.15	01:27:42.599		0.84414			4
2025.01.15	01:27:43.288	0.84410	0.84413			6
2025.01.15	01:27:43.829		0.84414			4
2025.01.15	01:27:49.073		0.84413			4
2025.01.15	01:27:55.912	0.84409	0.84412			6
2025.01.15	01:27:56.991		0.84410			4
2025.01.15	01:27:57.561	0.84407				2
2025.01.15	01:28:01.145	0.84407				2
2025.01.15	01:28:14.195	0.84409				2
2025.01.15	01:28:26.944	0.84410	0.84412			6
2025.01.15	01:28:31.171	0.84409	0.84413			6
2025.01.15	01:29:02.988	0.84409				2
2025.01.15	01:29:03.950	0.84407	0.84411			6
2025.01.15	01:29:04.254	0.84409				2
2025.01.15	01:29:16.046	0.84410	0.84412			6
2025.01.15	01:29:16.682		0.84413			4
2025.01.15	01:29:18.084		0.84412			4
2025.01.15	01:29:23.339		0.84413			4
2025.01.15	01:29:37.395	0.84408	0.84411			6
2025.01.15	01:29:54.226	0.84407	0.84410			6
2025.01.15	01:29:56.946	0.84405				2
2025.01.15	01:29:59.107		0.84409			4
2025.01.15	01:30:00.305	0.84405	0.84407			6
2025.01.15	01:30:01.436		0.84409			4
2025.01.15	01:30:02.121	0.84404	0.84406			6
2025.01.15	01:30:03.959	0.84406	0.84409			6
2025.01.15	01:30:05.120		0.84408			4
2025.01.15	01:30:09.801	0.84404	0.84409			6
2025.01.15	01:30:11.147	0.84406				2
2025.01.15	01:30:12.755		0.84407			4
2025.01.15	01:30:14.103		0.84408			4
2025.01.15	01:30:40.397		0.84409			4
2025.01.15	01:30:55.344		0.84408			4
2025.01.15	01:31:00.251	0.84406				2
2025.01.15	01:31:13.225	0.84407				2
2025.01.15	01:31:26.896	0.84406				2
2025.01.15	01:31:59.348		0.84408			4
2025.01.15	01:32:01.180	0.84406				2
2025.01.15	01:32:08.872		0.84407			4
2025.01.15	01:32:14.622	0.84407	0.84408			6
2025.01.15	01:32:17.724	0.84406	0.84407			6
2025.01.15	01:33:01.565	0.84405	0.84406			6
2025.01.15	01:33:03.263		0.84407			4
2025.01.15	01:33:05.432		0.84406			4
2025.01.15	01:33:06.345		0.84407			4
2025.01.15	01:33:07.745		0.84406			4
2025.01.15	01:33:13.362		0.84407			4
2025.01.15	01:33:17.367		0.84406			4
2025.01.15	01:33:26.459		0.84407			4
2025.01.15	01:33:27.422	0.84407	0.84409			6
2025.01.15	01:33:27.761	0.84405	0.84407			6
2025.01.15	01:33:37.282		0.84406			4
2025.01.15	01:33:37.601	0.84406	0.84407			6
2025.01.15	01:33:41.535	0.84405	0.84406			6
2025.01.15	01:33:51.410	0.84406	0.84407			6
2025.01.15	01:33:51.786	0.84405	0.84406			6
2025.01.15	01:34:00.489	0.84404	0.84405			6
2025.01.15	01:34:12.387	0.84405	0.84406			6
2025.01.15	01:34:24.993		0.84407			4
2025.01.15	01:34:38.191		0.84408			4
2025.01.15	01:34:59.065	0.84406				2
2025.01.15	01:35:00.359	0.84406				2
2025.01.15	01:35:01.252	0.84405				2
2025.01.15	01:35:08.897		0.84407			4
2025.01.15	01:35:21.905	0.84406				2
2025.01.15	01:35:23.385		0.84408			4
2025.01.15	01:36:00.554	0.84406				2
2025.01.15	01:36:27.673		0.84408			4
2025.01.15	01:37:00.398	0.84406	0.84407			6
2025.01.15	01:37:28.648	0.84405				2
2025.01.15	01:37:38.345		0.84409			4
2025.01.15	01:37:58.869	0.84407	0.84410			6
2025.01.15	01:37:59.406		0.84411			4
2025.01.15	01:38:00.210	0.84407				2
2025.01.15	01:38:01.752		0.84410			4
2025.01.15	01:38:11.613	0.84406	0.84409			6
2025.01.15	01:38:21.116		0.84408			4
2025.01.15	01:38:21.526	0.84405				2
2025.01.15	01:38:31.613		0.84409			4
2025.01.15	01:38:38.843		0.84408			4
2025.01.15	01:38:46.844		0.84407			4
2025.01.15	01:39:00.745	0.84405				2
2025.01.15	01:39:02.037	0.84404	0.84406			6
2025.01.15	01:39:02.648		0.84405			4
2025.01.15	01:39:29.166	0.84405	0.84406			6
2025.01.15	01:39:31.206	0.84404				2
2025.01.15	01:39:32.736		0.84407			4
2025.01.15	01:39:46.237		0.84405			4
2025.01.15	01:40:01.158	0.84404				2
2025.01.15	01:40:14.380	0.84402	0.84404			6
2025.01.15	01:40:16.893		0.84403			4
2025.01.15	01:40:57.378	0.84403	0.84404			6
2025.01.15	01:41:01.775	0.84403				2
2025.01.15	01:41:11.492	0.84399	0.84403			6
2025.01.15	01:41:11.881	0.84400	0.84404			6
2025.01.15	01:41:12.237	0.84401				2
2025.01.15	01:41:51.774		0.84403			4
2025.01.15	01:42:00.383	0.84401	0.84404			6
2025.01.15	01:42:02.608	0.84402	0.84406			6
2025.01.15	01:42:07.301	0.84403	0.84407			6
2025.01.15	01:42:13.140		0.84405			4
2025.01.15	01:42:13.446		0.84406			4
2025.01.15	01:42:19.758	0.84402				2
2025.01.15	01:42:25.169	0.84407	0.84410			6
2025.01.15	01:42:25.815	0.84406				2
2025.01.15	01:42:26.117		0.84411			4
2025.01.15	01:42:28.416	0.84410				2
2025.01.15	01:42:29.170	0.84409	0.84412			6
2025.01.15	01:42:32.117	0.84410				2
2025.01.15	01:42:33.444		0.84413			4
2025.01.15	01:42:36.245	0.84409				2
2025.01.15	01:42:36.747		0.84412			4
2025.01.15	01:42:41.029	0.84410	0.84414			6
2025.01.15	01:42:41.722	0.84409	0.84413			6
2025.01.15	01:42:51.303		0.84412			4
2025.01.15	01:42:58.852		0.84413			4
2025.01.15	01:42:59.410	0.84410	0.84414			6
2025.01.15	01:43:00.113	0.84412	0.84415			6
2025.01.15	01:43:01.291		0.84416			4
2025.01.15	01:43:01.818	0.84411	0.84415			6
2025.01.15	01:43:06.538		0.84414			4
2025.01.15	01:43:06.953		0.84415			4
2025.01.15	01:43:07.388		0.84414			4
2025.01.15	01:43:14.401		0.84415			4
2025.01.15	01:43:17.123		0.84414			4
2025.01.15	01:43:30.397		0.84413			4
2025.01.15	01:43:33.439		0.84412			4
2025.01.15	01:43:38.799		0.84413			4
2025.01.15	01:43:55.136	0.84410				2
2025.01.15	01:44:00.397	0.84410				2
2025.01.15	01:44:03.834		0.84412			4
2025.01.15	01:44:06.516		0.84413			4
2025.01.15	01:44:07.819		0.84412			4
2025.01.15	01:44:08.813		0.84413			4
2025.01.15	01:44:09.491		0.84412			4
2025.01.15	01:44:16.429		0.84413			4
2025.01.15	01:44:18.469		0.84412			4
2025.01.15	01:44:19.292	0.84414	0.84418			6
2025.01.15	01:44:19.625		0.84417			4
2025.01.15	01:44:19.992	0.84411	0.84414			6
2025.01.15	01:44:20.858		0.84415			4
2025.01.15	01:44:21.742		0.84414			4
2025.01.15	01:44:27.666	0.84410				2
2025.01.15	01:44:30.678	0.84411				2
2025.01.15	01:44:34.683	0.84410				2
2025.01.15	01:44:43.926	0.84411				2
2025.01.15	01:45:00.236	0.84411				2
2025.01.15	01:45:03.550	0.84412				2
2025.01.15	01:45:11.816	0.84411				2
2025.01.15	01:45:23.363		0.84414			4
2025.01.15	01:45:31.601	0.84412				2
2025.01.15	01:45:38.717	0.84411				2
2025.01.15	01:45:41.969	0.84412	0.84415			6
2025.01.15	01:45:43.089	0.84413				2
2025.01.15	01:45:43.861	0.84412				2
2025.01.15	01:45:46.707		0.84414			4
2025.01.15	01:45:48.629	0.84413	0.84417			6
2025.01.15	01:45:51.511		0.84416			4
2025.01.15	01:45:52.341		0.84415			4
2025.01.15	01:45:52.748	0.84412				2
2025.01.15	01:45:53.463	0.84413				2
2025.01.15	01:45:53.850		0.84416			4
2025.01.15	01:45:58.216	0.84414	0.84417			6
2025.01.15	01:45:58.548	0.84413				2
2025.01.15	01:45:59.569	0.84414				2
2025.01.15	01:46:00.492	0.84413	0.84416			6
2025.01.15	01:46:02.457		0.84417			4
2025.01.15	01:46:06.485	0.84414				2
2025.01.15	01:46:21.936		0.84416			4
2025.01.15	01:46:22.243	0.84413	0.84417			6
2025.01.15	01:46:24.628	0.84414				2
2025.01.15	01:46:32.703	0.84413				2
2025.01.15	01:46:50.973	0.84415	0.84419			6
2025.01.15	01:46:51.317		0.84418			4
2025.01.15	01:47:01.648	0.84415	0.84419			6
2025.01.15	01:47:33.166	0.84416				2
2025.01.15	01:47:33.472	0.84417				2
2025.01.15	01:47:36.149		0.84420			4
2025.01.15	01:47:37.290	0.84419	0.84422			6
2025.01.15	01:47:44.141	0.84420	0.84423			6
2025.01.15	01:47:44.442	0.84419	0.84422			6
2025.01.15	01:47:53.960	0.84418	0.84421			6
2025.01.15	01:47:55.447	0.84419	0.84422			6
2025.01.15	01:48:00.683	0.84419				2
2025.01.15	01:48:09.006	0.84418				2
2025.01.15	01:48:11.609		0.84420			4
2025.01.15	01:48:12.769		0.84419			4
2025.01.15	01:48:26.106		0.84420			4
2025.01.15	01:48:30.743		0.84419			4
2025.01.15	01:48:49.046	0.84417				2
2025.01.15	01:48:55.542		0.84420			4
2025.01.15	01:48:56.355		0.84419			4
2025.01.15	01:49:00.545	0.84417				2
2025.01.15	01:49:43.484	0.84416				2
2025.01.15	01:49:58.522		0.84419			4
2025.01.15	01:50:00.004	0.84416				2
2025.01.15	01:50:04.302	0.84417				2
2025.01.15	01:50:53.166	0.84416	0.84418			6
2025.01.15	01:51:02.348	0.84416				2
2025.01.15	01:51:14.144	0.84413	0.84415			6
2025.01.15	01:51:14.825		0.84416			4
2025.01.15	01:51:16.884	0.84411	0.84413			6
2025.01.15	01:51:17.943		0.84414			4
2025.01.15	01:51:20.145	0.84408	0.84410			6
2025.01.15	01:51:20.522		0.84411			4
2025.01.15	01:51:20.823	0.84409				2
2025.01.15	01:51:22.996		0.84410			4
2025.01.15	01:51:32.542	0.84408	0.84411			6
2025.01.15	01:51:42.458	0.84409				2
2025.01.15	01:51:46.001		0.84410			4
2025.01.15	01:51:49.436	0.84408				2
2025.01.15	01:51:51.913		0.84411			4
2025.01.15	01:51:52.281		0.84410			4
2025.01.15	01:51:59.978		0.84411			4
2025.01.15	01:52:00.362	0.84408				2
2025.01.15	01:52:01.002	0.84407	0.84410			6
2025.01.15	01:52:06.294	0.84408				2
2025.01.15	01:52:07.159	0.84409	0.84411			6
2025.01.15	01:52:16.441	0.84406	0.84409			6
2025.01.15	01:52:32.037	0.84405	0.84408			6
2025.01.15	01:52:47.718	0.84406	0.84409			6
2025.01.15	01:53:00.483	0.84406				2
2025.01.15	01:53:10.988		0.84408			4
2025.01.15	01:53:14.097	0.84405				2
2025.01.15	01:53:31.170		0.84409			4
2025.01.15	01:53:33.473		0.84408			4
2025.01.15	01:53:47.456	0.84413	0.84416			6
2025.01.15	01:53:47.763	0.84412	0.84415			6
2025.01.15	01:53:48.433		0.84414			4
2025.01.15	01:53:50.317	0.84411				2
2025.01.15	01:53:58.346	0.84410	0.84413			6
2025.01.15	01:53:58.701	0.84409				2
2025.01.15	01:53:59.515	0.84406	0.84410			6
2025.01.15	01:54:00.273	0.84406				2
2025.01.15	01:54:00.577		0.84409			4
2025.01.15	01:54:01.480	0.84407	0.84410			6
2025.01.15	01:54:02.909	0.84406				2
2025.01.15	01:54:03.449		0.84409			4
2025.01.15	01:54:09.165	0.84405				2
2025.01.15	01:54:10.676	0.84406				2
2025.01.15	01:54:13.441	0.84407	0.84410			6
2025.01.15	01:54:13.992	0.84406	0.84409			6
2025.01.15	01:54:15.735		0.84410			4
2025.01.15	01:54:16.087		0.84409			4
2025.01.15	01:54:17.459		0.84410			4
2025.01.15	01:54:17.889	0.84407	0.84409			6
2025.01.15	01:54:18.295	0.84406				2
2025.01.15	01:54:23.546	0.84407				2
2025.01.15	01:54:34.346	0.84410	0.84414			6
2025.01.15	01:54:34.689	0.84411				2
2025.01.15	01:54:39.175	0.84410	0.84413			6
2025.01.15	01:54:39.482	0.84411	0.84414			6
2025.01.15	01:54:52.169	0.84410	0.84413			6
2025.01.15	01:54:52.492		0.84414			4
2025.01.15	01:54:53.974	0.84411				2
2025.01.15	01:55:01.272	0.84411				2
2025.01.15	01:55:05.746	0.84412				2
2025.01.15	01:55:06.913	0.84411				2
2025.01.15	01:55:07.910	0.84412				2
2025.01.15	01:55:08.413	0.84411				2
2025.01.15	01:55:09.244	0.84409	0.84411			6
2025.01.15	01:55:09.551	0.84408	0.84410			6
2025.01.15	01:55:11.410		0.84411			4
2025.01.15	01:55:11.982	0.84411	0.84413			6
2025.01.15	01:55:13.926	0.84410				2
2025.01.15	01:55:14.246	0.84408	0.84411			6
2025.01.15	01:55:24.854		0.84410			4
2025.01.15	01:55:37.209	0.84407				2
2025.01.15	01:55:37.523		0.84409			4
2025.01.15	01:55:42.227	0.84411	0.84413			6
2025.01.15	01:55:42.550	0.84412				2
2025.01.15	01:55:43.106	0.84411				2
2025.01.15	01:55:44.394	0.84410				2
2025.01.15	01:55:50.771	0.84411				2
2025.01.15	01:55:51.367	0.84410				2
2025.01.15	01:55:54.301		0.84412			4
2025.01.15	01:56:00.362	0.84410				2
2025.01.15	01:56:02.962	0.84409				2
2025.01.15	01:56:06.968	0.84410				2
2025.01.15	01:56:20.627	0.84413	0.84414			6
2025.01.15	01:56:20.928	0.84410	0.84412			6
2025.01.15	01:56:23.661	0.84409	0.84411			6
2025.01.15	01:56:23.985	0.84411	0.84414			6
2025.01.15	01:56:24.303	0.84412				2
2025.01.15	01:56:36.162	0.84411				2
2025.01.15	01:56:38.641	0.84415	0.84418			6
2025.01.15	01:56:40.093		0.84419			4
2025.01.15	01:56:41.754		0.84418			4
2025.01.15	01:56:46.960	0.84416	0.84419			6
2025.01.15	01:56:47.444	0.84415	0.84418			6
2025.01.15	01:56:49.573	0.84416				2
2025.01.15	01:56:51.381	0.84412	0.84415			6
2025.01.15	01:56:52.779		0.84414			4
2025.01.15	01:56:54.020		0.84416			4
2025.01.15	01:56:55.292		0.84415			4
2025.01.15	01:57:00.316	0.84412				2
2025.01.15	01:57:08.829	0.84411				2
2025.01.15	01:57:10.888		0.84414			4
2025.01.15	01:57:11.493		0.84415			4
2025.01.15	01:57:11.805		0.84416			4
2025.01.15	01:57:14.721	0.84410	0.84415			6
2025.01.15	01:57:15.066		0.84416			4
2025.01.15	01:57:17.117	0.84411				2
2025.01.15	01:57:22.450	0.84410				2
2025.01.15	01:57:23.863	0.84411	0.84417			6
2025.01.15	01:57:28.477	0.84412	0.84414			6
2025.01.15	01:57:29.182		0.84415			4
2025.01.15	01:57:31.283	0.84411	0.84416			6
2025.01.15	01:57:31.810		0.84414			4
2025.01.15	01:57:37.086		0.84413			4
2025.01.15	01:57:37.387	0.84408	0.84411			6
2025.01.15	01:57:37.690	0.84407	0.84409			6
2025.01.15	01:57:39.730	0.84406				2
2025.01.15	01:57:41.193	0.84405				2
2025.01.15	01:57:52.209	0.84404				2
2025.01.15	01:57:53.193	0.84402	0.84406			6
2025.01.15	01:57:53.512	0.84401	0.84407			6
2025.01.15	01:57:53.934		0.84406			4
2025.01.15	01:57:55.444	0.84402	0.84408			6
2025.01.15	01:57:55.762	0.84400	0.84407			6
2025.01.15	01:57:59.496	0.84399	0.84406			6
2025.01.15	01:57:59.829	0.84398				2
2025.01.15	01:58:00.614	0.84398				2
2025.01.15	01:58:01.436	0.84399				2
2025.01.15	01:58:01.837	0.84400				2
2025.01.15	01:58:32.947	0.84399				2
2025.01.15	01:58:41.364	0.84398	0.84403			6
2025.01.15	01:58:45.043		0.84402			4
2025.01.15	01:58:52.292	0.84399	0.84406			6
2025.01.15	01:59:00.322	0.84399				2
2025.01.15	01:59:01.780	0.84400				2
2025.01.15	01:59:47.377	0.84399				2
2025.01.15	01:59:49.231	0.84400				2
2025.01.15	01:59:52.798		0.84406			4
2025.01.15	02:00:00.346	0.84400				2
2025.01.15	02:00:00.798	0.84399				2
2025.01.15	02:00:01.231	0.84400				2
2025.01.15	02:00:03.982	0.84399	0.84404			6
2025.01.15	02:00:04.284	0.84401	0.84406			6
2025.01.15	02:00:04.595	0.84403	0.84407			6
2025.01.15	02:00:05.342	0.84404	0.84408			6
2025.01.15	02:00:05.642		0.84409			4
2025.01.15	02:00:05.993	0.84403	0.84408			6
2025.01.15	02:00:09.791		0.84405			4
2025.01.15	02:00:10.932	0.84402				2
2025.01.15	02:00:14.661	0.84401	0.84404			6
2025.01.15	02:00:18.907		0.84407			4
2025.01.15	02:00:20.046	0.84399	0.84401			6
2025.01.15	02:00:21.214		0.84403			4
2025.01.15	02:00:21.545		0.84404			4
2025.01.15	02:00:39.377		0.84403			4
2025.01.15	02:00:39.685		0.84404			4
2025.01.15	02:00:43.914	0.84397	0.84400			6
2025.01.15	02:00:44.316		0.84401			4
2025.01.15	02:00:47.246	0.84396	0.84397			6
2025.01.15	02:00:48.316	0.84394	0.84396			6
2025.01.15	02:00:49.188	0.84395	0.84397			6
2025.01.15	02:00:49.548	0.84394				2
2025.01.15	02:00:50.421	0.84393	0.84395			6
2025.01.15	02:00:54.400	0.84392				2
2025.01.15	02:00:57.406		0.84396			4
2025.01.15	02:00:59.440	0.84393				2
2025.01.15	02:01:00.369	0.84393				2
2025.01.15	02:01:00.733	0.84396	0.84398			6
2025.01.15	02:01:01.048	0.84395				2
2025.01.15	02:01:03.594	0.84398	0.84399			6
2025.01.15	02:01:04.227	0.84397				2
2025.01.15	02:01:07.305	0.84398				2
2025.01.15	02:01:18.960		0.84401			4
2025.01.15	02:01:19.272	0.84400				2
2025.01.15	02:01:21.210	0.84399	0.84400			6
2025.01.15	02:01:24.577	0.84398	0.84399			6
2025.01.15	02:01:27.109	0.84397				2
2025.01.15	02:01:27.561	0.84398				2
2025.01.15	02:01:38.786	0.84400	0.84401			6
2025.01.15	02:01:40.033	0.84398	0.84399			6
2025.01.15	02:01:42.189	0.84399	0.84400			6
2025.01.15	02:01:45.257	0.84402	0.84403			6
2025.01.15	02:01:51.595	0.84401				2
2025.01.15	02:01:51.968	0.84402				2
2025.01.15	02:01:53.424	0.84401				2
2025.01.15	02:01:57.245	0.84402				2
2025.01.15	02:01:58.288	0.84401	0.84402			6
2025.01.15	02:01:58.607	0.84398	0.84400			6
2025.01.15	02:02:00.302	0.84396	0.84398			6
2025.01.15	02:02:00.606	0.84398	0.84399			6
2025.01.15	02:02:01.286	0.84397				2
2025.01.15	02:02:01.639	0.84399	0.84400			6
2025.01.15	02:02:01.956	0.84400	0.84401			6
2025.01.15	02:02:04.144	0.84401	0.84402			6
2025.01.15	02:02:04.521	0.84400				2
2025.01.15	02:02:04.927		0.84401			4
2025.01.15	02:02:09.069		0.84402			4
2025.01.15	02:02:11.286	0.84401				2
2025.01.15	02:02:11.670	0.84409	0.84410			6
2025.01.15	02:02:11.973	0.84410	0.84411			6
2025.01.15	02:02:18.740	0.84409	0.84410			6
2025.01.15	02:02:19.074	0.84410	0.84411			6
2025.01.15	02:02:23.102	0.84406	0.84407			6
2025.01.15	02:02:23.721		0.84408			4
2025.01.15	02:02:25.580		0.84407			4
2025.01.15	02:02:30.432	0.84405				2
2025.01.15	02:02:31.665		0.84406			4
2025.01.15	02:02:32.184	0.84404	0.84408			6
2025.01.15	02:02:32.832	0.84405	0.84406			6
2025.01.15	02:02:42.154		0.84407			4
2025.01.15	02:02:51.235	0.84406				2
2025.01.15	02:03:00.257	0.84406				2
2025.01.15	02:03:00.897	0.84400	0.84401			6
2025.01.15	02:03:01.268	0.84401	0.84402			6
2025.01.15	02:03:13.579	0.84402	0.84403			6
2025.01.15	02:03:14.221	0.84406	0.84407			6
2025.01.15	02:03:15.254	0.84407	0.84408			6
2025.01.15	02:03:17.328	0.84410	0.84411			6
2025.01.15	02:03:19.067	0.84412	0.84414			6
2025.01.15	02:03:19.430		0.84413			4
2025.01.15	02:03:19.745		0.84414			4
2025.01.15	02:03:20.947		0.84413			4
2025.01.15	02:03:22.381	0.84411	0.84412			6
2025.01.15	02:03:23.012	0.84412	0.84413			6
2025.01.15	02:03:28.446	0.84411	0.84412			6
2025.01.15	02:03:30.014	0.84412	0.84413			6
2025.01.15	02:03:32.646	0.84411	0.84412			6
2025.01.15	02:03:43.229	0.84412	0.84413			6
2025.01.15	02:03:43.540		0.84414			4
2025.01.15	02:03:44.348	0.84417	0.84418			6
2025.01.15	02:03:52.915	0.84415	0.84416			6
2025.01.15	02:03:56.376	0.84414	0.84415			6
2025.01.15	02:04:00.363	0.84414				2
2025.01.15	02:04:00.687	0.84417	0.84418			6
2025.01.15	02:04:09.253	0.84418	0.84419			6
2025.01.15	02:04:14.904	0.84417	0.84418			6
2025.01.15	02:04:23.825	0.84414	0.84420			6
2025.01.15	02:04:25.654	0.84417	0.84418			6
2025.01.15	02:04:32.209	0.84418	0.84419			6
2025.01.15	02:04:35.701	0.84419	0.84420			6
2025.01.15	02:04:38.359	0.84418	0.84419			6
2025.01.15	02:04:53.552	0.84419	0.84420			6
2025.01.15	02:04:57.152	0.84421	0.84422			6
2025.01.15	02:04:58.439	0.84418	0.84419			6
2025.01.15	02:05:00.256	0.84418				2
2025.01.15	02:05:01.119	0.84419	0.84420			6
2025.01.15	02:05:01.580	0.84420	0.84421			6
2025.01.15	02:05:03.639	0.84421	0.84422			6
2025.01.15	02:05:04.259	0.84420	0.84421			6
2025.01.15	02:05:05.263	0.84421	0.84422			6
2025.01.15	02:05:05.635	0.84420	0.84421			6
2025.01.15	02:05:06.245	0.84421	0.84422			6
2025.01.15	02:05:06.672	0.84422	0.84423			6
2025.01.15	02:05:08.186	0.84423	0.84424			6
2025.01.15	02:05:10.794	0.84422	0.84423			6
2025.01.15	02:05:13.970	0.84425	0.84426			6
2025.01.15	02:05:17.582	0.84423	0.84424			6
2025.01.15	02:05:19.955	0.84425	0.84426			6
2025.01.15	02:05:22.955	0.84423	0.84424			6
2025.01.15	02:05:25.507	0.84422	0.84423			6
2025.01.15	02:05:25.971	0.84423	0.84424			6
2025.01.15	02:05:31.020	0.84424	0.84425			6
2025.01.15	02:05:36.814	0.84422	0.84423			6
2025.01.15	02:05:38.199	0.84421	0.84422			6
2025.01.15	02:05:44.369	0.84420				2
2025.01.15	02:05:44.682	0.84419	0.84420			6
2025.01.15	02:05:45.015	0.84418	0.84419			6
2025.01.15	02:05:57.854	0.84417				2
2025.01.15	02:05:59.039	0.84419	0.84420			6
2025.01.15	02:06:00.354	0.84419				2
2025.01.15	02:06:01.293	0.84420	0.84421			6
2025.01.15	02:06:01.912	0.84421	0.84422			6
2025.01.15	02:06:06.040	0.84420				2
2025.01.15	02:06:07.559	0.84421				2
2025.01.15	02:06:22.909	0.84423	0.84425			6
2025.01.15	02:06:23.253		0.84424			4
2025.01.15	02:06:23.681		0.84425			4
2025.01.15	02:06:24.047		0.84424			4
2025.01.15	02:06:40.493	0.84421	0.84425			6
2025.01.15	02:06:40.807		0.84422			4
2025.01.15	02:06:44.162	0.84418	0.84420			6
2025.01.15	02:06:44.901	0.84419				2
2025.01.15	02:06:51.481	0.84417	0.84419			6
2025.01.15	02:06:51.782		0.84418			4
2025.01.15	02:06:52.291	0.84415	0.84417			6
2025.01.15	02:06:52.599	0.84416				2
2025.01.15	02:06:53.646		0.84418			4
2025.01.15	02:06:54.258	0.84413	0.84414			6
2025.01.15	02:06:54.563	0.84412	0.84413			6
2025.01.15	02:06:55.727	0.84413	0.84414			6
2025.01.15	02:06:56.975	0.84414	0.84415			6
2025.01.15	02:06:57.281	0.84413	0.84414			6
2025.01.15	02:06:57.627		0.84415			4
2025.01.15	02:06:58.346		0.84414			4
2025.01.15	02:07:00.363	0.84413				2
2025.01.15	02:07:01.014	0.84414	0.84415			6
2025.01.15	02:07:04.596	0.84413	0.84414			6
2025.01.15	02:07:06.706	0.84414	0.84416			6
2025.01.15	02:07:08.136		0.84415			4
2025.01.15	02:07:08.514	0.84413	0.84414			6
2025.01.15	02:07:13.035	0.84412	0.84413			6
2025.01.15	02:07:13.881	0.84411				2
2025.01.15	02:07:14.313	0.84412				2
2025.01.15	02:07:17.167	0.84414	0.84415			6
2025.01.15	02:07:18.203	0.84413	0.84414			6
2025.01.15	02:07:19.160		0.84415			4
2025.01.15	02:07:20.260		0.84414			4
2025.01.15	02:07:35.311		0.84415			4
2025.01.15	02:07:43.986		0.84414			4
2025.01.15	02:07:48.846	0.84412				2
2025.01.15	02:07:55.868	0.84414	0.84415			6
2025.01.15	02:07:59.848	0.84413	0.84414			6
2025.01.15	02:08:00.780	0.84413				2
2025.01.15	02:08:01.146		0.84415			4
2025.01.15	02:08:02.483		0.84414			4
2025.01.15	02:08:21.037	0.84414	0.84415			6
2025.01.15	02:08:21.816	0.84415	0.84416			6
2025.01.15	02:08:38.289	0.84416	0.84417			6
2025.01.15	02:09:01.445	0.84416				2
2025.01.15	02:09:16.792	0.84414	0.84415			6
2025.01.15	02:09:17.241	0.84415	0.84416			6
2025.01.15	02:09:18.927	0.84416	0.84417			6
2025.01.15	02:09:20.212	0.84418	0.84419			6
2025.01.15	02:09:26.321	0.84417	0.84418			6
2025.01.15	02:09:26.625	0.84415	0.84416			6
2025.01.15	02:09:26.986	0.84416	0.84417			6
2025.01.15	02:09:29.158		0.84418			4
2025.01.15	02:09:29.721		0.84417			4
2025.01.15	02:09:30.317	0.84417	0.84420			6
2025.01.15	02:09:30.623	0.84416	0.84417			6
2025.01.15	02:09:31.301		0.84419			4
2025.01.15	02:09:32.352	0.84417	0.84418			6
2025.01.15	02:09:32.788	0.84416				2
2025.01.15	02:09:51.245	0.84417				2
2025.01.15	02:10:00.500	0.84417				2
2025.01.15	02:10:00.975	0.84416	0.84417			6
2025.01.15	02:10:01.380		0.84418			4
2025.01.15	02:10:07.198	0.84418	0.84419			6
2025.01.15	02:10:23.093	0.84413	0.84414			6
2025.01.15	02:10:33.362		0.84415			4
2025.01.15	02:10:35.116	0.84415	0.84416			6
2025.01.15	02:10:37.218	0.84414	0.84415			6
2025.01.15	02:10:38.696	0.84413	0.84414			6
2025.01.15	02:10:46.894	0.84414	0.84415			6
2025.01.15	02:10:47.438	0.84413				2
2025.01.15	02:11:00.846	0.84414				2
2025.01.15	02:11:06.939	0.84415	0.84416			6
2025.01.15	02:11:08.549	0.84414	0.84415			6
2025.01.15	02:11:10.119		0.84416			4
2025.01.15	02:11:10.672	0.84415				2
2025.01.15	02:11:11.692	0.84414				2
2025.01.15	02:11:13.278		0.84415			4
2025.01.15	02:11:14.534	0.84413	0.84414			6
2025.01.15	02:11:19.637		0.84415			4
2025.01.15	02:11:21.105	0.84414				2
2025.01.15	02:11:26.278	0.84417	0.84418			6
2025.01.15	02:11:26.648	0.84415	0.84416			6
2025.01.15	02:11:30.112	0.84416	0.84417			6
2025.01.15	02:11:30.697	0.84417	0.84418			6
2025.01.15	02:11:41.180	0.84415				2
2025.01.15	02:11:46.374	0.84417				2
2025.01.15	02:11:47.044	0.84416	0.84417			6
2025.01.15	02:11:47.592	0.84418	0.84419			6
2025.01.15	02:11:48.192	0.84417	0.84418			6
2025.01.15	02:11:48.532	0.84416	0.84417			6
2025.01.15	02:11:52.179	0.84415	0.84416			6
2025.01.15	02:11:55.878	0.84417	0.84418			6
2025.01.15	02:11:58.242	0.84415	0.84416			6
2025.01.15	02:12:00.401	0.84415				2
2025.01.15	02:12:23.706	0.84416	0.84417			6
2025.01.15	02:12:24.345		0.84418			4
2025.01.15	02:12:24.968		0.84419			4
2025.01.15	02:12:26.421		0.84417			4
2025.01.15	02:12:36.266	0.84413	0.84414			6
2025.01.15	02:12:40.445	0.84414	0.84415			6
2025.01.15	02:12:41.096	0.84413	0.84414			6
2025.01.15	02:12:51.822	0.84412	0.84413			6
2025.01.15	02:12:52.840	0.84413	0.84414			6
2025.01.15	02:13:01.055	0.84413				2
2025.01.15	02:13:02.682	0.84412	0.84413			6
2025.01.15	02:13:03.483		0.84414			4
2025.01.15	02:13:05.591	0.84413				2
2025.01.15	02:13:08.995	0.84414	0.84415			6
2025.01.15	02:13:12.165	0.84412	0.84413			6
2025.01.15	02:13:12.834	0.84413	0.84414			6
2025.01.15	02:13:21.277	0.84412	0.84415			6
2025.01.15	02:13:21.582	0.84413	0.84414			6
2025.01.15	02:13:25.127		0.84415			4
2025.01.15	02:13:25.440	0.84414				2
2025.01.15	02:13:25.749	0.84413	0.84414			6
2025.01.15	02:13:29.952	0.84414	0.84415			6
2025.01.15	02:13:30.261	0.84415	0.84416			6
2025.01.15	02:13:42.916	0.84414	0.84415			6
2025.01.15	02:13:56.851	0.84415	0.84416			6
2025.01.15	02:14:00.182	0.84416	0.84417			6
2025.01.15	02:14:00.503	0.84415	0.84416			6
2025.01.15	02:14:00.841		0.84417			4
2025.01.15	02:14:01.584		0.84416			4
2025.01.15	02:14:02.668	0.84417	0.84418			6
2025.01.15	02:14:03.070	0.84416	0.84417			6
2025.01.15	02:14:03.443		0.84418			4
2025.01.15	02:14:04.193		0.84417			4
2025.01.15	02:14:04.504		0.84418			4
2025.01.15	02:14:07.913		0.84417			4
2025.01.15	02:14:09.376	0.84414	0.84416			6
2025.01.15	02:14:10.971		0.84415			4
2025.01.15	02:14:16.757	0.84415	0.84416			6
2025.01.15	02:14:18.842	0.84414	0.84415			6
2025.01.15	02:14:35.230	0.84413	0.84414			6
2025.01.15	02:14:44.476	0.84414	0.84415			6
2025.01.15	02:14:48.649	0.84415	0.84416			6
2025.01.15	02:14:49.185	0.84417	0.84418			6
2025.01.15	02:14:51.466	0.84415	0.84416			6
2025.01.15	02:14:52.190	0.84414				2
2025.01.15	02:14:52.495	0.84415				2
2025.01.15	02:14:57.636	0.84414				2
2025.01.15	02:14:58.345		0.84415			4
2025.01.15	02:15:00.578	0.84415	0.84416			6
2025.01.15	02:15:01.459	0.84413	0.84414			6
2025.01.15	02:15:02.069	0.84412	0.84413			6
2025.01.15	02:15:03.469	0.84413	0.84414			6
2025.01.15	02:15:06.346	0.84414	0.84415			6
2025.01.15	02:15:08.177	0.84413	0.84414			6
2025.01.15	02:15:13.258	0.84412	0.84413			6
2025.01.15	02:15:34.167	0.84411	0.84412			6
2025.01.15	02:15:48.669	0.84414	0.84415			6
2025.01.15	02:15:50.929	0.84413	0.84414			6
2025.01.15	02:15:59.249	0.84414	0.84415			6
2025.01.15	02:16:00.281	0.84413	0.84414			6
2025.01.15	02:16:20.282	0.84411	0.84412			6
2025.01.15	02:16:31.282	0.84410				2
2025.01.15	02:16:34.388	0.84411				2
2025.01.15	02:16:36.606	0.84410				2
2025.01.15	02:16:40.763	0.84411				2
2025.01.15	02:16:50.203	0.84410				2
2025.01.15	02:16:50.518	0.84411				2
2025.01.15	02:16:52.349	0.84410				2
2025.01.15	02:16:54.984	0.84414	0.84415			6
2025.01.15	02:17:01.322	0.84414				2
2025.01.15	02:17:02.349	0.84415	0.84416			6
2025.01.15	02:17:04.262	0.84412	0.84413			6
2025.01.15	02:17:04.622	0.84413	0.84414			6
2025.01.15	02:17:05.947	0.84412	0.84413			6
2025.01.15	02:17:12.086	0.84411	0.84412			6
2025.01.15	02:17:13.131	0.84410	0.84411			6
2025.01.15	02:17:23.118	0.84411	0.84412			6
2025.01.15	02:17:32.061	0.84410	0.84411			6
2025.01.15	02:17:38.434	0.84411	0.84412			6
2025.01.15	02:17:50.383	0.84410	0.84411			6
2025.01.15	02:17:51.691	0.84411	0.84412			6
2025.01.15	02:17:54.483	0.84410	0.84411			6
2025.01.15	02:18:00.836	0.84409	0.84410			6
2025.01.15	02:18:14.899	0.84408	0.84409			6
2025.01.15	02:18:15.507	0.84407	0.84408			6
2025.01.15	02:18:25.790	0.84409	0.84410			6
2025.01.15	02:18:26.555	0.84410	0.84411			6
2025.01.15	02:18:28.583	0.84409				2
2025.01.15	02:18:28.904	0.84410				2
2025.01.15	02:18:30.922	0.84411	0.84412			6
2025.01.15	02:18:31.417	0.84410				2
2025.01.15	02:18:32.311	0.84411				2
2025.01.15	02:18:34.163		0.84413			4
2025.01.15	02:18:36.736		0.84412			4
2025.01.15	02:18:38.934	0.84410				2
2025.01.15	02:18:45.532		0.84411			4
2025.01.15	02:18:58.384	0.84409	0.84410			6
2025.01.15	02:18:59.304	0.84408	0.84409			6
2025.01.15	02:19:00.003	0.84408				2
2025.01.15	02:19:00.700	0.84410	0.84411			6
2025.01.15	02:19:01.468	0.84409	0.84410			6
2025.01.15	02:19:04.211	0.84408	0.84409			6
2025.01.15	02:19:10.024	0.84409	0.84410			6
2025.01.15	02:19:13.576	0.84411	0.84412			6
2025.01.15	02:19:21.475	0.84410	0.84411			6
2025.01.15	02:19:22.006	0.84409				2
2025.01.15	02:19:22.347	0.84410				2
2025.01.15	02:19:38.379	0.84408	0.84409			6
2025.01.15	02:19:40.707	0.84407				2
2025.01.15	02:19:46.689	0.84406	0.84408			6
2025.01.15	02:19:47.031	0.84405	0.84406			6
2025.01.15	02:19:51.879	0.84406	0.84407			6
2025.01.15	02:20:00.372	0.84405	0.84406			6
2025.01.15	02:20:06.992		0.84407			4
2025.01.15	02:20:07.912		0.84406			4
2025.01.15	02:20:08.842		0.84407			4
2025.01.15	02:20:09.177		0.84406			4
2025.01.15	02:20:09.544		0.84407			4
2025.01.15	02:20:09.844		0.84406			4
2025.01.15	02:20:10.702	0.84406	0.84407			6
2025.01.15	02:20:13.410	0.84405				2
2025.01.15	02:20:16.316	0.84406	0.84408			6
2025.01.15	02:20:16.623	0.84405	0.84407			6
2025.01.15	02:20:17.246	0.84406				2
2025.01.15	02:20:21.811		0.84408			4
2025.01.15	02:20:24.046		0.84407			4
2025.01.15	02:20:25.678	0.84407	0.84408			6
2025.01.15	02:20:30.401	0.84406	0.84407			6
2025.01.15	02:20:34.540	0.84407	0.84408			6
2025.01.15	02:20:35.413	0.84406				2
2025.01.15	02:20:36.289	0.84409	0.84410			6
2025.01.15	02:20:44.185	0.84410	0.84411			6
2025.01.15	02:20:45.143	0.84409	0.84410			6
2025.01.15	02:20:53.032	0.84410	0.84411			6
2025.01.15	02:20:55.122	0.84409				2
2025.01.15	02:20:56.353	0.84410				2
2025.01.15	02:20:58.896	0.84411	0.84412			6
2025.01.15	02:20:59.292	0.84410	0.84411			6
2025.01.15	02:20:59.843	0.84411	0.84412			6
2025.01.15	02:21:00.876	0.84408	0.84409			6
2025.01.15	02:21:10.398	0.84407	0.84408			6
2025.01.15	02:21:18.487	0.84406	0.84407			6
2025.01.15	02:21:19.066	0.84407	0.84408			6
2025.01.15	02:21:19.491	0.84406				2
2025.01.15	02:21:21.339	0.84407				2
2025.01.15	02:21:27.072	0.84405	0.84406			6
2025.01.15	02:21:52.066		0.84407			4
2025.01.15	02:21:56.617	0.84406				2
2025.01.15	02:22:00.591	0.84406				2
2025.01.15	02:22:06.233	0.84405				2
2025.01.15	02:22:06.583	0.84406				2
2025.01.15	02:22:09.257	0.84409	0.84410			6
2025.01.15	02:22:09.563	0.84410	0.84411			6
2025.01.15	02:22:09.873	0.84409	0.84410			6
2025.01.15	02:22:10.797	0.84408	0.84409			6
2025.01.15	02:22:11.605	0.84409	0.84410			6
2025.01.15	02:22:32.937	0.84410	0.84411			6
2025.01.15	02:22:33.914	0.84411	0.84412			6
2025.01.15	02:22:39.190	0.84410	0.84411			6
2025.01.15	02:22:46.251	0.84411	0.84412			6
2025.01.15	02:22:48.442	0.84409	0.84410			6
2025.01.15	02:22:53.336	0.84410	0.84411			6
2025.01.15	02:22:56.396	0.84408	0.84409			6
2025.01.15	02:23:00.831	0.84407	0.84408			6
2025.01.15	02:23:04.440	0.84406				2
2025.01.15	02:23:05.554	0.84407				2
2025.01.15	02:23:11.255	0.84406				2
2025.01.15	02:23:12.508	0.84407				2
2025.01.15	02:23:12.868	0.84406				2
2025.01.15	02:23:16.006		0.84407			4
2025.01.15	02:23:16.549	0.84405				2
2025.01.15	02:23:21.658	0.84406				2
2025.01.15	02:23:26.287	0.84405				2
2025.01.15	02:23:31.609	0.84406				2
2025.01.15	02:23:49.447	0.84405				2
2025.01.15	02:23:50.261		0.84408			4
2025.01.15	02:23:55.654	0.84407	0.84409			6
2025.01.15	02:23:56.002	0.84406	0.84407			6
2025.01.15	02:23:56.347		0.84408			4
2025.01.15	02:23:57.447	0.84407	0.84410			6
2025.01.15	02:23:57.892	0.84408				2
2025.01.15	02:23:58.341	0.84407				2
2025.01.15	02:24:00.767	0.84407	0.84408			6
2025.01.15	02:24:04.344	0.84406				2
2025.01.15	02:24:04.682		0.84407			4
2025.01.15	02:24:06.172	0.84408	0.84409			6
2025.01.15	02:24:08.097	0.84406	0.84407			6
2025.01.15	02:24:15.298		0.84408			4
2025.01.15	02:24:17.897		0.84407			4
2025.01.15	02:24:18.385	0.84405				2
2025.01.15	02:24:19.097	0.84406				2
2025.01.15	02:24:20.081	0.84404	0.84405			6
2025.01.15	02:24:22.318	0.84406	0.84407			6
2025.01.15	02:24:23.808	0.84407	0.84408			6
2025.01.15	02:24:30.440	0.84406	0.84407			6
2025.01.15	02:24:35.162	0.84405	0.84406			6
2025.01.15	02:24:44.140		0.84407			4
2025.01.15	02:24:45.007	0.84406				2
2025.01.15	02:24:47.065	0.84405	0.84406			6
2025.01.15	02:24:48.344	0.84404	0.84405			6
2025.01.15	02:24:48.673	0.84403	0.84404			6
2025.01.15	02:24:56.793	0.84404	0.84405			6
2025.01.15	02:24:57.701		0.84406			4
2025.01.15	02:24:59.369	0.84405				2
2025.01.15	02:25:01.009	0.84406	0.84407			6
2025.01.15	02:25:04.463	0.84405	0.84406			6
2025.01.15	02:25:09.430	0.84407	0.84408			6
2025.01.15	02:25:19.622	0.84406	0.84407			6
2025.01.15	02:25:19.928	0.84405	0.84406			6
2025.01.15	02:25:21.811	0.84406	0.84407			6
2025.01.15	02:25:23.679	0.84405	0.84406			6
2025.01.15	02:25:24.675	0.84406	0.84407			6
2025.01.15	02:25:36.866	0.84405	0.84406			6
2025.01.15	02:25:59.591	0.84404				2
2025.01.15	02:25:59.895	0.84405				2
2025.01.15	02:26:00.567	0.84405				2
2025.01.15	02:26:04.109	0.84404				2
2025.01.15	02:26:06.638	0.84405				2
2025.01.15	02:26:08.910	0.84406	0.84407			6
2025.01.15	02:26:11.235	0.84404	0.84405			6
2025.01.15	02:26:30.663	0.84406	0.84407			6
2025.01.15	02:26:31.026	0.84405				2
2025.01.15	02:26:32.062		0.84406			4
2025.01.15	02:26:50.687	0.84407	0.84408			6
2025.01.15	02:26:52.217	0.84406				2
2025.01.15	02:26:58.338	0.84407				2
2025.01.15	02:27:00.036	0.84407				2
2025.01.15	02:27:13.040	0.84408	0.84409			6
2025.01.15	02:27:13.742	0.84410	0.84411			6
2025.01.15	02:27:15.683		0.84412			4
2025.01.15	02:27:27.827	0.84412	0.84413			6
2025.01.15	02:27:31.630	0.84413	0.84414			6
2025.01.15	02:27:34.004	0.84412	0.84413			6
2025.01.15	02:27:44.907	0.84413	0.84414			6
2025.01.15	02:27:45.402	0.84412	0.84413			6
2025.01.15	02:28:00.607	0.84412				2
2025.01.15	02:28:05.753	0.84415	0.84416			6
2025.01.15	02:28:06.471	0.84417	0.84418			6
2025.01.15	02:28:17.035	0.84416	0.84417			6
2025.01.15	02:28:17.347	0.84415	0.84416			6
2025.01.15	02:28:26.149	0.84416	0.84417			6
2025.01.15	02:28:37.880		0.84418			4
2025.01.15	02:28:38.227	0.84417				2
2025.01.15	02:28:38.683	0.84416				2
2025.01.15	02:28:39.751		0.84417			4
2025.01.15	02:28:42.313	0.84415	0.84416			6
2025.01.15	02:28:43.052		0.84417			4
2025.01.15	02:28:44.401	0.84414	0.84416			6
2025.01.15	02:29:00.008	0.84414				2
2025.01.15	02:29:28.384	0.84415				2
2025.01.15	02:29:45.560		0.84416			4
2025.01.15	02:30:00.511	0.84415				2
2025.01.15	02:30:08.119	0.84413	0.84415			6
2025.01.15	02:30:10.397	0.84414				2
2025.01.15	02:30:26.417	0.84412	0.84413			6
2025.01.15	02:30:37.249	0.84411	0.84412			6
2025.01.15	02:30:38.049	0.84410	0.84411			6
2025.01.15	02:30:38.677	0.84409	0.84410			6
2025.01.15	02:30:40.648	0.84410	0.84411			6
2025.01.15	02:30:50.745	0.84409				2
2025.01.15	02:30:54.726		0.84410			4
2025.01.15	02:31:00.350	0.84409				2
2025.01.15	02:31:01.992	0.84408	0.84409			6
2025.01.15	02:31:04.405	0.84410	0.84411			6
2025.01.15	02:31:10.022	0.84411	0.84412			6
2025.01.15	02:31:10.323	0.84410	0.84411			6
2025.01.15	02:31:11.019	0.84411	0.84412			6
2025.01.15	02:31:22.455	0.84412	0.84413			6
2025.01.15	02:31:23.391	0.84411	0.84412			6
2025.01.15	02:31:31.412	0.84412	0.84413			6
2025.01.15	02:31:31.989	0.84411	0.84412			6
2025.01.15	02:31:32.934	0.84412	0.84413			6
2025.01.15	02:31:33.251	0.84411	0.84412			6
2025.01.15	02:31:33.589	0.84412	0.84413			6
2025.01.15	02:31:36.877	0.84410	0.84412			6
2025.01.15	02:31:38.526	0.84411				2
2025.01.15	02:31:46.643	0.84410	0.84411			6
2025.01.15	02:31:50.262	0.84411	0.84412			6
2025.01.15	02:31:58.623	0.84410	0.84411			6
2025.01.15	02:32:00.363	0.84410				2
2025.01.15	02:32:47.687	0.84409				2
2025.01.15	02:32:48.977		0.84410			4
2025.01.15	02:32:57.341	0.84410	0.84411			6
2025.01.15	02:33:00.558	0.84411	0.84412			6
2025.01.15	02:33:01.058	0.84409	0.84410			6
2025.01.15	02:33:18.806		0.84411			4
2025.01.15	02:33:20.258		0.84410			4
2025.01.15	02:33:22.394		0.84411			4
2025.01.15	02:33:22.904		0.84410			4
2025.01.15	02:33:54.685	0.84410	0.84411			6
2025.01.15	02:33:55.030	0.84409				2
2025.01.15	02:33:59.346	0.84410				2
2025.01.15	02:34:00.686	0.84410				2
2025.01.15	02:34:02.972	0.84409				2
2025.01.15	02:34:09.482		0.84410			4
2025.01.15	02:34:38.420	0.84408	0.84409			6
2025.01.15	02:34:43.586		0.84410			4
2025.01.15	02:34:44.116	0.84409				2
2025.01.15	02:35:00.255	0.84409				2
2025.01.15	02:35:08.206	0.84410	0.84411			6
2025.01.15	02:35:09.403	0.84409	0.84410			6
2025.01.15	02:35:13.018	0.84410	0.84411			6
2025.01.15	02:35:25.706	0.84412	0.84413			6
2025.01.15	02:35:33.803	0.84411	0.84412			6
2025.01.15	02:35:43.637	0.84412	0.84413			6
2025.01.15	02:36:00.361	0.84412				2
2025.01.15	02:36:15.749	0.84411	0.84412			6
2025.01.15	02:36:36.721	0.84410	0.84411			6
2025.01.15	02:36:42.974	0.84411	0.84412			6
2025.01.15	02:36:52.888	0.84412	0.84413			6
2025.01.15	02:37:03.038	0.84412				2
2025.01.15	02:37:19.499	0.84411	0.84412			6
2025.01.15	02:37:20.143	0.84412	0.84413			6
2025.01.15	02:37:26.098	0.84410	0.84411			6
2025.01.15	02:37:28.932	0.84411	0.84412			6
2025.01.15	02:37:51.778	0.84412	0.84413			6
2025.01.15	02:37:52.303	0.84411	0.84412			6
2025.01.15	02:38:00.554	0.84410	0.84411			6
2025.01.15	02:38:01.806	0.84411	0.84412			6
2025.01.15	02:38:13.491	0.84410	0.84411			6
2025.01.15	02:38:42.108	0.84409	0.84410			6
2025.01.15	02:38:52.098	0.84410	0.84411			6
2025.01.15	02:39:00.318	0.84410				2
2025.01.15	02:39:06.355	0.84409	0.84410			6
2025.01.15	02:39:14.439	0.84411	0.84412			6
2025.01.15	02:39:14.795	0.84410	0.84411			6
2025.01.15	02:39:18.699	0.84411	0.84412			6
2025.01.15	02:40:00.753	0.84411				2
2025.01.15	02:40:06.344	0.84412	0.84413			6
2025.01.15	02:40:28.191	0.84411				2
2025.01.15	02:40:31.490		0.84412			4
2025.01.15	02:40:34.196		0.84413			4
2025.01.15	02:40:35.395		0.84412			4
2025.01.15	02:40:36.388	0.84407	0.84408			6
2025.01.15	02:40:37.409	0.84408	0.84409			6
2025.01.15	02:40:45.183	0.84405	0.84407			6
2025.01.15	02:40:45.493		0.84406			4
2025.01.15	02:40:46.206		0.84407			4
2025.01.15	02:40:47.099		0.84406			4
2025.01.15	02:40:50.491		0.84407			4
2025.01.15	02:40:50.839		0.84406			4
2025.01.15	02:40:58.770	0.84404				2
2025.01.15	02:40:59.531		0.84405			4
2025.01.15	02:40:59.988		0.84406			4
2025.01.15	02:41:00.362	0.84404				2
2025.01.15	02:41:01.318	0.84405				2
2025.01.15	02:41:05.731	0.84406	0.84407			6
2025.01.15	02:41:07.473	0.84405	0.84406			6
2025.01.15	02:41:07.898	0.84404	0.84405			6
2025.01.15	02:41:08.201	0.84405	0.84406			6
2025.01.15	02:41:08.506	0.84404	0.84405			6
2025.01.15	02:41:12.578	0.84405	0.84406			6
2025.01.15	02:41:18.384	0.84404	0.84405			6
2025.01.15	02:41:23.274	0.84403				2
2025.01.15	02:41:23.583	0.84404				2
2025.01.15	02:41:25.411	0.84405	0.84406			6
2025.01.15	02:41:30.515		0.84407			4
2025.01.15	02:41:49.544	0.84406				2
2025.01.15	02:41:58.623	0.84403	0.84404			6
2025.01.15	02:42:00.361	0.84403				2
2025.01.15	02:42:01.133		0.84405			4
2025.01.15	02:42:02.045		0.84404			4
2025.01.15	02:42:06.444		0.84405			4
2025.01.15	02:42:07.576		0.84404			4
2025.01.15	02:42:10.545	0.84402	0.84403			6
2025.01.15	02:42:15.373	0.84401				2
2025.01.15	02:42:17.010	0.84402				2
2025.01.15	02:42:20.693	0.84401	0.84402			6
2025.01.15	02:42:28.567		0.84403			4
2025.01.15	02:42:30.463	0.84402				2
2025.01.15	02:42:31.179	0.84403	0.84404			6
2025.01.15	02:42:34.657	0.84405	0.84406			6
2025.01.15	02:43:00.738	0.84404				2
2025.01.15	02:43:01.207		0.84405			4
2025.01.15	02:43:05.733	0.84402	0.84403			6
2025.01.15	02:43:08.180	0.84401				2
2025.01.15	02:43:08.554	0.84402				2
2025.01.15	02:43:10.349	0.84401	0.84402			6
2025.01.15	02:43:19.525	0.84402	0.84403			6
2025.01.15	02:43:32.948	0.84403	0.84404			6
2025.01.15	02:43:48.758	0.84413	0.84414			6
2025.01.15	02:43:49.378	0.84411	0.84413			6
2025.01.15	02:43:49.716	0.84412				2
2025.01.15	02:43:56.837	0.84410	0.84411			6
2025.01.15	02:43:58.713	0.84411	0.84412			6
2025.01.15	02:44:00.171	0.84411				2
2025.01.15	02:44:14.383	0.84410				2
2025.01.15	02:44:15.173		0.84411			4
2025.01.15	02:44:20.498	0.84409	0.84410			6
2025.01.15	02:44:25.952	0.84408	0.84409			6
2025.01.15	02:44:27.988		0.84410			4
2025.01.15	02:44:29.367		0.84409			4
2025.01.15	02:44:49.479		0.84410			4
2025.01.15	02:45:00.379	0.84408				2
2025.01.15	02:45:11.271		0.84409			4
2025.01.15	02:45:26.165		0.84410			4
2025.01.15	02:45:27.207	0.84409	0.84411			6
2025.01.15	02:45:27.511	0.84410				2
2025.01.15	02:45:30.720	0.84409	0.84410			6
2025.01.15	02:45:32.807	0.84410	0.84411			6
2025.01.15	02:46:00.053	0.84411	0.84412			6
2025.01.15	02:46:00.559	0.84412	0.84413			6
2025.01.15	02:46:02.769	0.84413	0.84414			6
2025.01.15	02:46:03.900	0.84412				2
2025.01.15	02:46:06.693		0.84413			4
2025.01.15	02:46:09.907	0.84411	0.84412			6
2025.01.15	02:46:13.675	0.84410	0.84411			6
2025.01.15	02:46:13.977	0.84409				2
2025.01.15	02:46:16.239		0.84410			4
2025.01.15	02:46:20.262	0.84408				2
2025.01.15	02:46:20.811		0.84409			4
2025.01.15	02:46:36.960	0.84406	0.84407			6
2025.01.15	02:46:42.983		0.84408			4
2025.01.15	02:46:57.820		0.84407			4
2025.01.15	02:46:58.490	0.84407	0.84408			6
2025.01.15	02:47:01.273	0.84406	0.84407			6
2025.01.15	02:47:35.640		0.84408			4
2025.01.15	02:47:36.941	0.84407				2
2025.01.15	02:47:46.691	0.84408	0.84409			6
2025.01.15	02:47:47.597	0.84407	0.84408			6
2025.01.15	02:47:57.009	0.84414	0.84415			6
2025.01.15	02:47:57.325	0.84415	0.84416			6
2025.01.15	02:47:57.716	0.84413	0.84414			6
2025.01.15	02:47:58.089	0.84412	0.84413			6
2025.01.15	02:48:00.297	0.84412				2
2025.01.15	02:48:04.302	0.84413	0.84414			6
2025.01.15	02:48:08.485	0.84412				2
2025.01.15	02:48:08.792	0.84413				2
2025.01.15	02:48:13.305	0.84412				2
2025.01.15	02:48:14.451	0.84413				2
2025.01.15	02:48:16.237	0.84414	0.84415			6
2025.01.15	02:48:18.360	0.84413	0.84414			6
2025.01.15	02:48:19.282	0.84414	0.84415			6
2025.01.15	02:48:19.872	0.84413	0.84414			6
2025.01.15	02:48:20.385	0.84414	0.84415			6
2025.01.15	02:48:21.353	0.84415	0.84416			6
2025.01.15	02:48:24.024	0.84416	0.84417			6
2025.01.15	02:48:25.445	0.84417	0.84418			6
2025.01.15	02:48:31.560	0.84418	0.84419			6
2025.01.15	02:48:36.100	0.84417	0.84418			6
2025.01.15	02:48:37.188	0.84418	0.84419			6
2025.01.15	02:48:38.415	0.84419	0.84420			6
2025.01.15	02:48:39.366	0.84418	0.84419			6
2025.01.15	02:48:40.962	0.84419	0.84420			6
2025.01.15	02:48:43.204	0.84418	0.84419			6
2025.01.15	02:48:43.620	0.84419	0.84420			6
2025.01.15	02:48:50.145	0.84418	0.84419			6
2025.01.15	02:48:53.487	0.84417	0.84418			6
2025.01.15	02:48:54.591	0.84418	0.84419			6
2025.01.15	02:48:55.088	0.84417	0.84418			6
2025.01.15	02:49:01.073	0.84419	0.84420			6
2025.01.15	02:49:01.504	0.84417	0.84418			6
2025.01.15	02:49:02.045	0.84416				2
2025.01.15	02:49:03.916	0.84417				2
2025.01.15	02:49:05.113	0.84416	0.84417			6
2025.01.15	02:49:05.452	0.84415				2
2025.01.15	02:49:05.807	0.84416				2
2025.01.15	02:49:08.466	0.84417	0.84418			6
2025.01.15	02:49:10.392	0.84416	0.84417			6
2025.01.15	02:49:11.617	0.84417	0.84418			6
2025.01.15	02:49:13.318	0.84416	0.84417			6
2025.01.15	02:49:20.402	0.84415				2
2025.01.15	02:49:21.665	0.84416				2
2025.01.15	02:49:24.386	0.84415				2
2025.01.15	02:49:25.375	0.84416				2
2025.01.15	02:49:28.665	0.84415				2
2025.01.15	02:49:29.710	0.84416				2
2025.01.15	02:49:30.066	0.84417	0.84418			6
2025.01.15	02:49:31.613	0.84415	0.84416			6
2025.01.15	02:49:31.965	0.84416	0.84417			6
2025.01.15	02:49:34.677	0.84415	0.84416			6
2025.01.15	02:49:36.716	0.84416	0.84417			6
2025.01.15	02:49:37.617	0.84417	0.84418			6
2025.01.15	02:49:40.133	0.84416	0.84417			6
2025.01.15	02:49:40.445	0.84417	0.84418			6
2025.01.15	02:49:41.968	0.84418	0.84419			6
2025.01.15	02:49:42.553	0.84417	0.84418			6
2025.01.15	02:49:50.690	0.84420	0.84421			6
2025.01.15	02:49:51.941	0.84421	0.84422			6
2025.01.15	02:49:53.431		0.84423			4
2025.01.15	02:49:53.741		0.84422			4
2025.01.15	02:49:56.797	0.84425	0.84426			6
2025.01.15	02:50:00.062	0.84425				2
2025.01.15	02:50:00.426	0.84423	0.84424			6
2025.01.15	02:50:01.276	0.84422	0.84423			6
2025.01.15	02:50:03.190	0.84421				2
2025.01.15	02:50:06.078	0.84420	0.84421			6
2025.01.15	02:50:11.605		0.84422			4
2025.01.15	02:50:12.362		0.84421			4
2025.01.15	02:50:19.773		0.84422			4
2025.01.15	02:50:22.548		0.84421			4
2025.01.15	02:50:36.331		0.84422			4
2025.01.15	02:50:37.143		0.84421			4
2025.01.15	02:50:53.296	0.84419	0.84420			6
2025.01.15	02:51:00.786	0.84420	0.84421			6
2025.01.15	02:51:01.091	0.84419	0.84422			6
2025.01.15	02:51:01.754		0.84421			4
2025.01.15	02:51:02.091		0.84420			4
2025.01.15	02:51:02.436	0.84418	0.84419			6
2025.01.15	02:51:05.643		0.84420			4
2025.01.15	02:51:08.760		0.84419			4
2025.01.15	02:51:09.314	0.84419	0.84420			6
2025.01.15	02:51:12.124	0.84418	0.84419			6
2025.01.15	02:51:12.570	0.84417	0.84418			6
2025.01.15	02:51:21.061	0.84416				2
2025.01.15	02:51:23.638	0.84417				2
2025.01.15	02:51:23.973	0.84416				2
2025.01.15	02:51:24.482	0.84417				2
2025.01.15	02:51:26.998	0.84416	0.84417			6
2025.01.15	02:51:27.997	0.84417	0.84418			6
2025.01.15	02:51:35.696	0.84416	0.84417			6
2025.01.15	02:51:43.947		0.84418			4
2025.01.15	02:51:44.762		0.84417			4
2025.01.15	02:51:45.154	0.84415	0.84416			6
2025.01.15	02:51:46.824	0.84416	0.84417			6
2025.01.15	02:51:50.223	0.84417	0.84418			6
2025.01.15	02:51:52.396	0.84412	0.84413			6
2025.01.15	02:51:52.702	0.84413	0.84414			6
2025.01.15	02:51:53.023	0.84411	0.84412			6
2025.01.15	02:51:59.211	0.84412	0.84413			6
2025.01.15	02:51:59.519	0.84414	0.84415			6
2025.01.15	02:52:00.354	0.84414	0.84416			6
2025.01.15	02:52:00.691		0.84415			4
2025.01.15	02:52:01.145	0.84415	0.84416			6
2025.01.15	02:52:01.601	0.84414	0.84415			6
2025.01.15	02:52:02.510	0.84413	0.84414			6
2025.01.15	02:52:03.622	0.84414	0.84415			6
2025.01.15	02:52:09.544	0.84415	0.84416			6
2025.01.15	02:52:15.351	0.84414	0.84415			6
2025.01.15	02:52:21.054		0.84416			4
2025.01.15	02:52:21.377		0.84415			4
2025.01.15	02:52:26.707	0.84415	0.84416			6
2025.01.15	02:52:31.677		0.84417			4
2025.01.15	02:52:32.411		0.84416			4
2025.01.15	02:52:40.800	0.84416	0.84417			6
2025.01.15	02:52:49.590	0.84417	0.84418			6
2025.01.15	02:52:55.734	0.84419	0.84420			6
2025.01.15	02:52:56.434	0.84421	0.84422			6
2025.01.15	02:53:00.410	0.84421				2
2025.01.15	02:53:01.408	0.84419	0.84420			6
2025.01.15	02:53:02.106	0.84420	0.84421			6
2025.01.15	02:53:02.420	0.84421	0.84422			6
2025.01.15	02:53:15.045	0.84420	0.84421			6
2025.01.15	02:53:16.508	0.84421	0.84422			6
2025.01.15	02:53:17.196	0.84420	0.84421			6
2025.01.15	02:53:18.618	0.84423	0.84424			6
2025.01.15	02:53:23.304	0.84424	0.84425			6
2025.01.15	02:53:25.024	0.84423	0.84424			6
2025.01.15	02:53:25.969	0.84421	0.84422			6
2025.01.15	02:53:26.360		0.84423			4
2025.01.15	02:53:28.676	0.84420	0.84421			6
2025.01.15	02:53:31.538		0.84422			4
2025.01.15	02:53:32.261	0.84421				2
2025.01.15	02:53:35.281	0.84420	0.84421			6
2025.01.15	02:53:37.587	0.84419	0.84420			6
2025.01.15	02:53:39.444	0.84420	0.84421			6
2025.01.15	02:53:46.519	0.84421	0.84423			6
2025.01.15	02:53:46.840		0.84424			4
2025.01.15	02:53:47.457		0.84422			4
2025.01.15	02:53:47.763		0.84424			4
2025.01.15	02:53:50.663		0.84422			4
2025.01.15	02:53:53.033		0.84424			4
2025.01.15	02:53:53.344	0.84420	0.84421			6
2025.01.15	02:54:00.352	0.84420				2
2025.01.15	02:54:01.747	0.84419				2
2025.01.15	02:54:05.261	0.84418	0.84419			6
2025.01.15	02:54:07.550	0.84419	0.84420			6
2025.01.15	02:54:08.635	0.84420	0.84421			6
2025.01.15	02:54:11.818		0.84422			4
2025.01.15	02:54:12.120		0.84421			4
2025.01.15	02:54:18.199	0.84421	0.84422			6
2025.01.15	02:54:20.709	0.84420	0.84421			6
2025.01.15	02:54:23.614	0.84419	0.84420			6
2025.01.15	02:54:25.517	0.84420	0.84421			6
2025.01.15	02:54:33.807	0.84419	0.84420			6
2025.01.15	02:54:41.259	0.84418	0.84419			6
2025.01.15	02:54:44.360	0.84419	0.84420			6
2025.01.15	02:54:55.338	0.84418	0.84419			6
2025.01.15	02:55:00.012	0.84419	0.84420			6
2025.01.15	02:55:00.411	0.84411	0.84414			6
2025.01.15	02:55:00.725		0.84415			4
2025.01.15	02:55:01.026	0.84412	0.84413			6
2025.01.15	02:55:01.381		0.84414			4
2025.01.15	02:55:02.084		0.84413			4
2025.01.15	02:55:04.883		0.84414			4
2025.01.15	02:55:05.204	0.84410	0.84413			6
2025.01.15	02:55:07.280	0.84411				2
2025.01.15	02:55:09.501	0.84410				2
2025.01.15	02:55:12.076		0.84414			4
2025.01.15	02:55:12.392	0.84411				2
2025.01.15	02:55:12.765	0.84412				2
2025.01.15	02:55:13.497	0.84411	0.84413			6
2025.01.15	02:55:13.886	0.84413	0.84415			6
2025.01.15	02:55:16.274	0.84414	0.84416			6
2025.01.15	02:55:16.701	0.84413				2
2025.01.15	02:55:17.049	0.84415	0.84417			6
2025.01.15	02:55:17.432		0.84418			4
2025.01.15	02:55:20.308	0.84416				2
2025.01.15	02:55:22.061		0.84419			4
2025.01.15	02:55:22.460		0.84420			4
2025.01.15	02:55:24.229	0.84417				2
2025.01.15	02:55:24.611	0.84418				2
2025.01.15	02:55:28.394	0.84420	0.84421			6
2025.01.15	02:55:29.087	0.84419	0.84420			6
2025.01.15	02:55:29.518	0.84418				2
2025.01.15	02:55:29.951	0.84420	0.84421			6
2025.01.15	02:55:30.351	0.84421	0.84422			6
2025.01.15	02:55:30.663	0.84419	0.84420			6
2025.01.15	02:55:32.425	0.84418	0.84419			6
2025.01.15	02:55:35.600		0.84420			4
2025.01.15	02:55:37.631	0.84420	0.84421			6
2025.01.15	02:55:38.371	0.84418	0.84420			6
2025.01.15	02:55:42.253	0.84419				2
2025.01.15	02:55:42.742	0.84421	0.84422			6
2025.01.15	02:55:52.347	0.84422	0.84423			6
2025.01.15	02:55:53.881		0.84425			4
2025.01.15	02:55:54.426		0.84423			4
2025.01.15	02:55:56.441	0.84423	0.84424			6
2025.01.15	02:55:57.807	0.84422	0.84423			6
2025.01.15	02:56:00.151	0.84422				2
2025.01.15	02:56:02.928	0.84420	0.84422			6
2025.01.15	02:56:04.964		0.84421			4
2025.01.15	02:56:05.278	0.84419	0.84420			6
2025.01.15	02:56:06.137	0.84418				2
2025.01.15	02:56:06.686		0.84419			4
2025.01.15	02:56:07.030	0.84417				2
2025.01.15	02:56:10.762		0.84418			4
2025.01.15	02:56:12.356		0.84421			4
2025.01.15	02:56:13.289		0.84420			4
2025.01.15	02:56:14.449		0.84421			4
2025.01.15	02:56:15.006		0.84420			4
2025.01.15	02:56:18.703		0.84421			4
2025.01.15	02:56:19.045		0.84420			4
2025.01.15	02:56:20.478		0.84419			4
2025.01.15	02:56:29.521	0.84416	0.84418			6
2025.01.15	02:56:29.830	0.84415	0.84416			6
2025.01.15	02:56:31.374		0.84418			4
2025.01.15	02:56:32.002		0.84417			4
2025.01.15	02:56:33.162		0.84418			4
2025.01.15	02:56:33.545	0.84416				2
2025.01.15	02:56:34.364	0.84417	0.84419			6
2025.01.15	02:56:36.217		0.84418			4
2025.01.15	02:56:36.526	0.84416				2
2025.01.15	02:56:36.838	0.84415				2
2025.01.15	02:56:37.261	0.84417				2
2025.01.15	02:56:38.343	0.84415	0.84417			6
2025.01.15	02:56:40.319	0.84417	0.84418			6
2025.01.15	02:56:40.641	0.84415	0.84417			6
2025.01.15	02:56:41.143	0.84416				2
2025.01.15	02:56:41.464	0.84415	0.84418			6
2025.01.15	02:56:41.788	0.84414	0.84417			6
2025.01.15	02:56:45.669	0.84416	0.84419			6
2025.01.15	02:56:46.344	0.84417				2
2025.01.15	02:56:47.138	0.84416				2
2025.01.15	02:56:55.739	0.84417				2
2025.01.15	02:56:56.044		0.84418			4
2025.01.15	02:56:57.625	0.84416				2
2025.01.15	02:56:58.681	0.84417	0.84419			6
2025.01.15	02:56:59.397	0.84416	0.84418			6
2025.01.15	02:57:00.161	0.84415				2
2025.01.15	02:57:00.823	0.84417				2
2025.01.15	02:57:06.463		0.84419			4
2025.01.15	02:57:07.365	0.84418				2
2025.01.15	02:57:18.301	0.84419	0.84420			6
2025.01.15	02:57:19.677	0.84417	0.84419			6
2025.01.15	02:57:25.424	0.84418				2
2025.01.15	02:57:29.708	0.84417				2
2025.01.15	02:57:30.186	0.84416				2
2025.01.15	02:57:30.486		0.84418			4
2025.01.15	02:57:33.639	0.84415				2
2025.01.15	02:57:34.362	0.84416				2
2025.01.15	02:57:35.694	0.84415				2
2025.01.15	02:57:36.495	0.84416	0.84417			6
2025.01.15	02:57:37.741	0.84415				2
2025.01.15	02:57:39.433	0.84413	0.84414			6
2025.01.15	02:57:54.432		0.84415			4
2025.01.15	02:57:57.714		0.84414			4
2025.01.15	02:57:59.109		0.84415			4
2025.01.15	02:58:01.097	0.84413	0.84414			6
2025.01.15	02:58:10.659	0.84411				2
2025.01.15	02:58:10.970	0.84412				2
2025.01.15	02:58:11.345	0.84411				2
2025.01.15	02:58:13.053	0.84412				2
2025.01.15	02:58:14.588	0.84413				2
2025.01.15	02:58:14.942	0.84411				2
2025.01.15	02:58:15.250		0.84413			4
2025.01.15	02:58:15.619		0.84412			4
2025.01.15	02:58:17.179	0.84410				2
2025.01.15	02:58:17.495	0.84414	0.84417			6
2025.01.15	02:58:18.363	0.84413	0.84415			6
2025.01.15	02:58:20.408	0.84412	0.84413			6
2025.01.15	02:58:23.586		0.84414			4
2025.01.15	02:58:25.348		0.84413			4
2025.01.15	02:58:28.677		0.84414			4
2025.01.15	02:58:32.507	0.84416	0.84418			6
2025.01.15	02:58:47.595		0.84417			4
2025.01.15	02:58:54.429		0.84418			4
2025.01.15	02:58:56.539		0.84417			4
2025.01.15	02:59:00.164	0.84416				2
2025.01.15	02:59:00.645		0.84418			4
2025.01.15	02:59:00.971		0.84417			4
2025.01.15	02:59:02.938	0.84415				2
2025.01.15	02:59:07.527		0.84416			4
2025.01.15	02:59:13.627		0.84417			4
2025.01.15	02:59:13.943	0.84416				2
2025.01.15	02:59:14.941	0.84415	0.84416			6
2025.01.15	02:59:36.693	0.84416	0.84417			6
2025.01.15	02:59:37.006	0.84415				2
2025.01.15	02:59:37.338	0.84416				2
2025.01.15	02:59:37.740	0.84415				2
2025.01.15	02:59:38.498	0.84416				2
2025.01.15	02:59:40.358	0.84415				2
2025.01.15	02:59:42.574		0.84416			4
2025.01.15	02:59:44.267		0.84417			4
2025.01.15	02:59:50.047	0.84417	0.84418			6
2025.01.15	02:59:50.500	0.84416	0.84417			6
2025.01.15	02:59:57.140	0.84415				2
2025.01.15	02:59:58.343	0.84416				2
2025.01.15	02:59:58.710		0.84418			4
2025.01.15	03:00:00.334	0.84416				2
2025.01.15	03:00:00.703		0.84417			4
2025.01.15	03:00:04.347	0.84415				2
2025.01.15	03:00:07.993	0.84414	0.84415			6
2025.01.15	03:00:08.302		0.84416			4
2025.01.15	03:00:08.841		0.84415			4
2025.01.15	03:00:10.263	0.84413				2
2025.01.15	03:00:12.233	0.84414				2
2025.01.15	03:00:12.730	0.84413				2
2025.01.15	03:00:14.333	0.84414	0.84416			6
2025.01.15	03:00:14.759		0.84417			4
2025.01.15	03:00:18.106	0.84415				2
2025.01.15	03:00:18.473	0.84414	0.84418			6
2025.01.15	03:00:19.466	0.84415				2
2025.01.15	03:00:23.533	0.84414	0.84416			6
2025.01.15	03:00:23.871		0.84417			4
2025.01.15	03:00:24.452		0.84416			4
2025.01.15	03:00:27.239		0.84417			4
2025.01.15	03:00:30.400	0.84415	0.84418			6
2025.01.15	03:00:35.596		0.84417			4
2025.01.15	03:00:37.095		0.84418			4
2025.01.15	03:00:37.758		0.84419			4
2025.01.15	03:00:38.137	0.84413	0.84416			6
2025.01.15	03:00:39.179	0.84411	0.84415			6
2025.01.15	03:00:39.517		0.84413			4
2025.01.15	03:00:39.985		0.84414			4
2025.01.15	03:00:45.463		0.84413			4
2025.01.15	03:00:48.844	0.84408	0.84411			6
2025.01.15	03:00:50.840	0.84407	0.84409			6
2025.01.15	03:00:51.144	0.84406	0.84408			6
2025.01.15	03:00:51.476		0.84409			4
2025.01.15	03:00:53.842		0.84408			4
2025.01.15	03:00:55.184	0.84407	0.84410			6
2025.01.15	03:00:55.487	0.84408				2
2025.01.15	03:00:57.413	0.84407	0.84409			6
2025.01.15	03:00:57.839	0.84406				2
2025.01.15	03:01:00.509	0.84406	0.84408			6
2025.01.15	03:01:07.355	0.84405	0.84407			6
2025.01.15	03:01:13.891		0.84408			4
2025.01.15	03:01:14.260		0.84407			4
2025.01.15	03:01:25.025	0.84404				2
2025.01.15	03:01:25.875		0.84406			4
2025.01.15	03:01:26.945	0.84403				2
2025.01.15	03:01:28.386	0.84404				2
2025.01.15	03:01:29.765		0.84405			4
2025.01.15	03:01:30.371	0.84403	0.84404			6
2025.01.15	03:01:32.146		0.84405			4
2025.01.15	03:01:44.068	0.84402	0.84404			6
2025.01.15	03:01:45.358	0.84404	0.84406			6
2025.01.15	03:01:45.671	0.84403	0.84405			6
2025.01.15	03:01:47.985	0.84404	0.84407			6
2025.01.15	03:01:49.092	0.84405				2
2025.01.15	03:01:52.710	0.84404				2
2025.01.15	03:02:00.329	0.84404				2
2025.01.15	03:02:03.804	0.84405	0.84406			6
2025.01.15	03:02:04.108	0.84404	0.84407			6
2025.01.15	03:02:12.453	0.84405				2
2025.01.15	03:02:12.855	0.84404				2
2025.01.15	03:02:14.770	0.84405	0.84408			6
2025.01.15	03:02:19.526		0.84407			4
2025.01.15	03:02:20.288		0.84408			4
2025.01.15	03:02:22.373		0.84407			4
2025.01.15	03:02:22.681		0.84408			4
2025.01.15	03:02:29.323	0.84407	0.84409			6
2025.01.15	03:02:29.647	0.84406	0.84408			6
2025.01.15	03:02:34.193	0.84405	0.84407			6
2025.01.15	03:02:35.801		0.84408			4
2025.01.15	03:02:36.161		0.84407			4
2025.01.15	03:02:38.942	0.84406	0.84408			6
2025.01.15	03:02:40.767	0.84405				2
2025.01.15	03:02:43.557		0.84407			4
2025.01.15	03:02:45.836		0.84408			4
2025.01.15	03:02:46.290		0.84407			4
2025.01.15	03:02:51.887		0.84408			4
2025.01.15	03:02:53.231		0.84407			4
2025.01.15	03:03:00.341	0.84405	0.84408			6
2025.01.15	03:03:09.964		0.84407			4
2025.01.15	03:03:14.232		0.84408			4
2025.01.15	03:03:16.911		0.84407			4
2025.01.15	03:03:20.824		0.84406			4
2025.01.15	03:03:24.928		0.84407			4
2025.01.15	03:03:25.978		0.84406			4
2025.01.15	03:03:38.508	0.84407	0.84408			6
2025.01.15	03:03:58.507	0.84408	0.84409			6
2025.01.15	03:04:00.847	0.84408				2
2025.01.15	03:04:02.213	0.84406	0.84407			6
2025.01.15	03:04:02.536	0.84407	0.84408			6
2025.01.15	03:04:12.860	0.84406	0.84407			6
2025.01.15	03:04:13.872	0.84405				2
2025.01.15	03:04:16.279		0.84406			4
2025.01.15	03:04:16.961	0.84404	0.84405			6
2025.01.15	03:04:17.800	0.84403	0.84406			6
2025.01.15	03:04:18.443	0.84404				2
2025.01.15	03:04:21.374		0.84407			4
2025.01.15	03:04:21.766	0.84405				2
2025.01.15	03:04:22.431		0.84408			4
2025.01.15	03:04:23.841	0.84406				2
2025.01.15	03:04:24.352		0.84407			4
2025.01.15	03:04:24.865	0.84405				2
2025.01.15	03:04:26.193		0.84408			4
2025.01.15	03:04:27.011		0.84407			4
2025.01.15	03:04:28.002	0.84404				2
2025.01.15	03:04:39.250	0.84405				2
2025.01.15	03:04:40.314		0.84408			4
2025.01.15	03:04:50.067	0.84404	0.84407			6
2025.01.15	03:05:01.340	0.84404				2
2025.01.15	03:05:08.817	0.84405	0.84408			6
2025.01.15	03:05:10.517		0.84407			4
2025.01.15	03:05:12.140	0.84404				2
2025.01.15	03:05:14.452		0.84408			4
2025.01.15	03:05:15.620		0.84407			4
2025.01.15	03:05:20.886	0.84406	0.84409			6
2025.01.15	03:05:21.518	0.84404	0.84407			6
2025.01.15	03:05:28.424	0.84401	0.84403			6
2025.01.15	03:05:30.242	0.84402	0.84405			6
2025.01.15	03:05:30.900	0.84403				2
2025.01.15	03:05:33.244	0.84402				2
2025.01.15	03:05:33.815	0.84403				2
2025.01.15	03:05:36.248	0.84402				2
2025.01.15	03:05:37.206	0.84400	0.84402			6
2025.01.15	03:05:37.523	0.84397	0.84398			6
2025.01.15	03:05:43.810	0.84398	0.84400			6
2025.01.15	03:05:44.347	0.84397				2
2025.01.15	03:05:44.663	0.84398				2
2025.01.15	03:05:45.451	0.84399	0.84401			6
2025.01.15	03:05:47.196	0.84398	0.84400			6
2025.01.15	03:05:48.154	0.84399	0.84402			6
2025.01.15	03:05:49.604	0.84400				2
2025.01.15	03:05:50.351		0.84403			4
2025.01.15	03:05:54.232	0.84401				2
2025.01.15	03:05:55.080		0.84404			4
2025.01.15	03:06:00.249	0.84401				2
2025.01.15	03:06:04.386		0.84403			4
2025.01.15	03:06:20.729		0.84404			4
2025.01.15	03:06:21.045	0.84403	0.84406			6
2025.01.15	03:06:21.392	0.84405	0.84407			6
2025.01.15	03:06:24.671		0.84408			4
2025.01.15	03:06:25.446	0.84406				2
2025.01.15	03:06:31.101	0.84407	0.84409			6
2025.01.15	03:06:32.327		0.84408			4
2025.01.15	03:06:32.949		0.84409			4
2025.01.15	03:06:33.465	0.84406	0.84408			6
2025.01.15	03:06:35.744		0.84409			4
2025.01.15	03:06:36.619	0.84407				2
2025.01.15	03:06:45.782	0.84405	0.84408			6
2025.01.15	03:06:46.088	0.84404	0.84407			6
2025.01.15	03:06:47.449	0.84403	0.84406			6
2025.01.15	03:06:48.265		0.84407			4
2025.01.15	03:06:48.758	0.84404				2
2025.01.15	03:06:49.485		0.84408			4
2025.01.15	03:06:50.555	0.84405				2
2025.01.15	03:06:54.064		0.84409			4
2025.01.15	03:06:57.074	0.84406				2
2025.01.15	03:06:57.629	0.84405	0.84408			6
2025.01.15	03:06:58.531	0.84404				2
2025.01.15	03:06:59.213		0.84407			4
2025.01.15	03:07:00.450	0.84404				2
2025.01.15	03:07:06.452	0.84405	0.84408			6
2025.01.15	03:07:08.985	0.84404				2
2025.01.15	03:07:09.736		0.84407			4
2025.01.15	03:07:12.581		0.84406			4
2025.01.15	03:07:14.295		0.84407			4
2025.01.15	03:07:14.650	0.84405	0.84408			6
2025.01.15	03:07:14.994	0.84404	0.84407			6
2025.01.15	03:07:15.307		0.84408			4
2025.01.15	03:07:16.237	0.84405	0.84409			6
