<DATE>	<TIME>	<BID>	<ASK>	<LAST>	<VOLUME>	<FLAGS>
2025.11.27	00:03:31.337	0.87518	0.87624			6
2025.11.27	00:04:12.146	0.87518				2
2025.11.27	00:04:31.467		0.87624			4
2025.11.27	00:05:00.624	0.87518	0.87623			6
2025.11.27	00:06:00.732	0.87518	0.87623			6
2025.11.27	00:07:02.148	0.87518	0.87623			6
2025.11.27	00:07:18.866		0.87622			4
2025.11.27	00:08:02.149	0.87518				2
2025.11.27	00:08:17.054	0.87520				2
2025.11.27	00:08:18.027	0.87518				2
2025.11.27	00:08:20.804		0.87622			4
2025.11.27	00:09:06.467	0.87518				2
2025.11.27	00:09:22.149		0.87622			4
2025.11.27	00:10:00.376	0.87526				2
2025.11.27	00:10:01.300	0.87525				2
2025.11.27	00:10:02.315	0.87526				2
2025.11.27	00:10:02.801	0.87525				2
2025.11.27	00:10:06.117	0.87518				2
2025.11.27	00:10:07.603	0.87525				2
2025.11.27	00:10:12.460	0.87535	0.87613			6
2025.11.27	00:10:25.352	0.87536	0.87612			6
2025.11.27	00:10:34.723		0.87602			4
2025.11.27	00:10:37.232		0.87612			4
2025.11.27	00:11:00.003	0.87536				2
2025.11.27	00:11:05.424	0.87516	0.87623			6
2025.11.27	00:11:06.111	0.87536	0.87612			6
2025.11.27	00:11:07.079	0.87516	0.87623			6
2025.11.27	00:11:09.137	0.87519				2
2025.11.27	00:11:12.351	0.87536	0.87612			6
2025.11.27	00:11:13.041	0.87519	0.87623			6
2025.11.27	00:11:15.570	0.87516				2
2025.11.27	00:11:18.644	0.87536	0.87612			6
2025.11.27	00:11:19.618	0.87526	0.87622			6
2025.11.27	00:11:22.147	0.87532				2
2025.11.27	00:11:24.822	0.87515	0.87632			6
2025.11.27	00:11:25.144	0.87527				2
2025.11.27	00:11:25.445	0.87515				2
2025.11.27	00:11:25.792	0.87532	0.87622			6
2025.11.27	00:11:26.801	0.87518				2
2025.11.27	00:11:29.175	0.87528				2
2025.11.27	00:11:29.776	0.87518				2
2025.11.27	00:11:31.005	0.87515	0.87632			6
2025.11.27	00:11:31.914	0.87518	0.87622			6
2025.11.27	00:11:39.401	0.87532				2
2025.11.27	00:11:39.977	0.87518				2
2025.11.27	00:11:42.676	0.87532				2
2025.11.27	00:11:43.275	0.87518				2
2025.11.27	00:11:46.903	0.87532				2
2025.11.27	00:11:47.475	0.87518				2
2025.11.27	00:11:48.702	0.87532				2
2025.11.27	00:11:49.276	0.87518				2
2025.11.27	00:11:49.586	0.87532				2
2025.11.27	00:11:50.175	0.87518				2
2025.11.27	00:11:58.275	0.87533				2
2025.11.27	00:11:59.476	0.87518				2
2025.11.27	00:12:00.703	0.87518				2
2025.11.27	00:12:02.105	0.87533				2
2025.11.27	00:12:02.476	0.87518				2
2025.11.27	00:12:03.076	0.87533				2
2025.11.27	00:12:03.675	0.87518				2
2025.11.27	00:12:06.101	0.87533				2
2025.11.27	00:12:06.563	0.87518				2
2025.11.27	00:12:08.216	0.87533				2
2025.11.27	00:12:08.518	0.87518				2
2025.11.27	00:12:13.876	0.87533				2
2025.11.27	00:12:14.475	0.87518				2
2025.11.27	00:12:15.404	0.87533				2
2025.11.27	00:12:15.976	0.87518				2
2025.11.27	00:12:18.402	0.87533				2
2025.11.27	00:12:18.856	0.87518	0.87621			6
2025.11.27	00:12:19.906	0.87533				2
2025.11.27	00:12:20.475	0.87518				2
2025.11.27	00:12:24.074	0.87534				2
2025.11.27	00:12:24.376	0.87518				2
2025.11.27	00:12:25.902	0.87534				2
2025.11.27	00:12:26.476	0.87518				2
2025.11.27	00:12:27.375	0.87534				2
2025.11.27	00:12:27.676	0.87518				2
2025.11.27	00:12:28.601	0.87534				2
2025.11.27	00:12:29.175	0.87518				2
2025.11.27	00:12:35.774	0.87534				2
2025.11.27	00:12:36.375	0.87518				2
2025.11.27	00:12:41.174	0.87534				2
2025.11.27	00:12:41.475	0.87518				2
2025.11.27	00:12:46.469	0.87517				2
2025.11.27	00:12:47.804	0.87534				2
2025.11.27	00:12:48.251	0.87517				2
2025.11.27	00:12:49.276	0.87534				2
2025.11.27	00:12:49.875	0.87517				2
2025.11.27	00:12:50.203	0.87534				2
2025.11.27	00:12:50.775	0.87517				2
2025.11.27	00:12:51.400	0.87534				2
2025.11.27	00:12:51.975	0.87517				2
2025.11.27	00:12:55.575	0.87534				2
2025.11.27	00:12:56.176	0.87517				2
2025.11.27	00:12:58.277	0.87534				2
2025.11.27	00:12:58.877	0.87517				2
2025.11.27	00:13:01.069	0.87517				2
2025.11.27	00:13:15.975	0.87534				2
2025.11.27	00:13:16.575	0.87517				2
2025.11.27	00:13:17.388	0.87534				2
2025.11.27	00:13:18.076	0.87517				2
2025.11.27	00:13:18.701	0.87534				2
2025.11.27	00:13:19.276	0.87517	0.87621			6
2025.11.27	00:13:32.500	0.87535				2
2025.11.27	00:13:33.075	0.87517				2
2025.11.27	00:13:34.003	0.87535				2
2025.11.27	00:13:34.576	0.87517				2
2025.11.27	00:13:38.200	0.87535				2
2025.11.27	00:13:38.775	0.87517				2
2025.11.27	00:13:41.471	0.87535				2
2025.11.27	00:13:41.775	0.87518				2
2025.11.27	00:13:43.301	0.87535				2
2025.11.27	00:13:43.876	0.87518				2
2025.11.27	00:13:44.775	0.87535				2
2025.11.27	00:13:45.076	0.87518				2
2025.11.27	00:13:46.276	0.87535				2
2025.11.27	00:13:46.876	0.87518				2
2025.11.27	00:13:47.481	0.87535				2
2025.11.27	00:13:48.074	0.87518				2
2025.11.27	00:13:50.501	0.87535				2
2025.11.27	00:13:51.076	0.87518				2
2025.11.27	00:13:53.612		0.87615			4
2025.11.27	00:13:56.201	0.87533				2
2025.11.27	00:13:56.775	0.87518				2
2025.11.27	00:14:00.701	0.87518				2
2025.11.27	00:14:02.175	0.87533				2
2025.11.27	00:14:02.776	0.87518				2
2025.11.27	00:14:03.700	0.87533				2
2025.11.27	00:14:04.275	0.87518				2
2025.11.27	00:14:12.703	0.87533				2
2025.11.27	00:14:13.276	0.87518				2
2025.11.27	00:14:15.101	0.87533				2
2025.11.27	00:14:15.675	0.87518				2
2025.11.27	00:14:16.302	0.87533				2
2025.11.27	00:14:16.876	0.87518				2
2025.11.27	00:14:17.500	0.87533				2
2025.11.27	00:14:18.076	0.87518				2
2025.11.27	00:14:18.674	0.87533				2
2025.11.27	00:14:18.976	0.87518				2
2025.11.27	00:14:20.175	0.87533				2
2025.11.27	00:14:20.775	0.87518				2
2025.11.27	00:14:24.676	0.87533				2
2025.11.27	00:14:25.276	0.87518				2
2025.11.27	00:14:26.500	0.87533				2
2025.11.27	00:14:27.076	0.87518				2
2025.11.27	00:14:27.676	0.87533				2
2025.11.27	00:14:28.276	0.87518				2
2025.11.27	00:14:29.201	0.87533				2
2025.11.27	00:14:29.776	0.87518				2
2025.11.27	00:14:30.703	0.87533				2
2025.11.27	00:14:31.276	0.87518				2
2025.11.27	00:14:35.774	0.87533				2
2025.11.27	00:14:36.376	0.87516				2
2025.11.27	00:14:42.400	0.87533				2
2025.11.27	00:14:42.976	0.87516				2
2025.11.27	00:14:43.301	0.87533				2
2025.11.27	00:14:43.877	0.87516				2
2025.11.27	00:14:47.776	0.87533				2
2025.11.27	00:14:48.376	0.87516				2
2025.11.27	00:14:50.503	0.87533				2
2025.11.27	00:14:51.076	0.87516				2
2025.11.27	00:14:53.613		0.87615			4
2025.11.27	00:15:00.344	0.87517	0.87598			6
2025.11.27	00:15:01.300	0.87516				2
2025.11.27	00:15:02.201	0.87534				2
2025.11.27	00:15:02.775	0.87537	0.87603			6
2025.11.27	00:15:03.100	0.87526				2
2025.11.27	00:15:04.012	0.87538				2
2025.11.27	00:15:04.422	0.87535				2
2025.11.27	00:15:04.904	0.87538				2
2025.11.27	00:15:05.476	0.87535				2
2025.11.27	00:15:05.897	0.87537				2
2025.11.27	00:15:13.001	0.87539				2
2025.11.27	00:15:13.576	0.87537				2
2025.11.27	00:15:14.201	0.87539				2
2025.11.27	00:15:14.776	0.87537				2
2025.11.27	00:15:15.448	0.87539				2
2025.11.27	00:18:13.011	0.87525	0.87588			6
2025.11.27	00:18:14.176	0.87532				2
2025.11.27	00:18:16.204	0.87533				2
2025.11.27	00:18:18.224	0.87534				2
2025.11.27	00:18:20.475	0.87535				2
2025.11.27	00:18:30.675	0.87536				2
2025.11.27	00:18:33.062	0.87539				2
2025.11.27	00:18:35.476	0.87540				2
2025.11.27	00:18:41.225	0.87539				2
2025.11.27	00:18:51.225	0.87541				2
2025.11.27	00:19:00.375	0.87541				2
2025.11.27	00:19:06.676	0.87542				2
2025.11.27	00:19:13.276		0.87588			4
2025.11.27	00:19:14.001	0.87548				2
2025.11.27	00:19:14.475	0.87549				2
2025.11.27	00:19:19.283	0.87548				2
2025.11.27	00:19:20.816	0.87549				2
2025.11.27	00:19:31.575	0.87550				2
2025.11.27	00:19:55.876	0.87551				2
2025.11.27	00:20:00.339	0.87551	0.87607			6
2025.11.27	00:20:57.943		0.87608			4
2025.11.27	00:21:00.076	0.87551				2
2025.11.27	00:21:28.276	0.87552				2
2025.11.27	00:21:59.176		0.87608			4
2025.11.27	00:22:00.376	0.87552				2
2025.11.27	00:22:11.174	0.87553				2
2025.11.27	00:22:23.176	0.87556	0.87617			6
2025.11.27	00:22:34.868	0.87554	0.87612			6
2025.11.27	00:23:00.077	0.87554				2
2025.11.27	00:23:35.176		0.87612			4
2025.11.27	00:23:37.616	0.87555				2
2025.11.27	00:24:00.976	0.87555				2
2025.11.27	00:24:35.867	0.87526	0.87605			6
2025.11.27	00:24:56.729	0.87530				2
2025.11.27	00:25:00.342	0.87530	0.87593			6
2025.11.27	00:26:00.589	0.87530	0.87593			6
2025.11.27	00:26:40.252	0.87534				2
2025.11.27	00:27:01.275	0.87534	0.87593			6
2025.11.27	00:27:02.236	0.87528				2
2025.11.27	00:27:02.597	0.87539	0.87606			6
2025.11.27	00:27:03.674	0.87538				2
2025.11.27	00:27:07.943	0.87560	0.87608			6
2025.11.27	00:27:09.674	0.87559				2
2025.11.27	00:27:14.241	0.87553				2
2025.11.27	00:27:31.574	0.87554				2
2025.11.27	00:27:42.974	0.87553				2
2025.11.27	00:28:00.078	0.87553				2
2025.11.27	00:28:06.376	0.87554	0.87607			6
2025.11.27	00:28:19.930	0.87553	0.87610			6
2025.11.27	00:28:23.467	0.87554	0.87607			6
2025.11.27	00:28:51.675	0.87555				2
2025.11.27	00:29:00.076	0.87555				2
2025.11.27	00:29:23.476		0.87607			4
2025.11.27	00:29:43.633	0.87560	0.87613			6
2025.11.27	00:29:44.015		0.87611			4
2025.11.27	00:29:46.485	0.87555	0.87607			6
2025.11.27	00:29:48.076	0.87556				2
2025.11.27	00:29:49.091	0.87557	0.87606			6
2025.11.27	00:29:49.512		0.87608			4
2025.11.27	00:30:00.317	0.87557				2
2025.11.27	00:30:11.475	0.87558	0.87607			6
2025.11.27	00:30:16.875	0.87557				2
2025.11.27	00:30:30.976	0.87558				2
2025.11.27	00:31:00.312	0.87558				2
2025.11.27	00:31:13.576		0.87607			4
2025.11.27	00:31:41.445	0.87560	0.87610			6
2025.11.27	00:32:01.275	0.87560				2
2025.11.27	00:32:08.518	0.87559				2
2025.11.27	00:32:10.585		0.87611			4
2025.11.27	00:32:15.074		0.87610			4
2025.11.27	00:32:28.276	0.87560				2
2025.11.27	00:32:36.075	0.87559				2
2025.11.27	00:32:38.475	0.87560				2
2025.11.27	00:33:00.588	0.87560				2
2025.11.27	00:33:15.677		0.87610			4
2025.11.27	00:34:00.676	0.87560				2
2025.11.27	00:34:03.976	0.87561	0.87609			6
2025.11.27	00:34:09.376	0.87562				2
2025.11.27	00:34:17.176	0.87561				2
2025.11.27	00:34:38.482	0.87562				2
2025.11.27	00:34:43.575	0.87561				2
2025.11.27	00:34:49.277	0.87562				2
2025.11.27	00:35:00.100	0.87561				2
2025.11.27	00:35:04.274		0.87609			4
2025.11.27	00:35:27.436	0.87562	0.87608			6
2025.11.27	00:35:28.576		0.87609			4
2025.11.27	00:35:29.775	0.87561				2
2025.11.27	00:35:32.774	0.87562				2
2025.11.27	00:35:33.975	0.87561				2
2025.11.27	00:35:36.975	0.87562				2
2025.11.27	00:35:39.629	0.87561				2
2025.11.27	00:36:00.518	0.87561				2
2025.11.27	00:36:05.475	0.87562				2
2025.11.27	00:36:09.676		0.87608			4
2025.11.27	00:36:12.974		0.87609			4
2025.11.27	00:36:13.572	0.87561				2
2025.11.27	00:36:14.475	0.87562	0.87608			6
2025.11.27	00:36:16.227	0.87561	0.87609			6
2025.11.27	00:36:17.678	0.87560	0.87610			6
2025.11.27	00:36:19.265	0.87544	0.87609			6
2025.11.27	00:36:19.768		0.87610			4
2025.11.27	00:36:26.489		0.87609			4
2025.11.27	00:36:28.424		0.87608			4
2025.11.27	00:36:33.076		0.87607			4
2025.11.27	00:36:46.151		0.87610			4
2025.11.27	00:37:01.274	0.87544				2
2025.11.27	00:37:11.285		0.87609			4
2025.11.27	00:37:34.874		0.87608			4
2025.11.27	00:37:36.735		0.87607			4
2025.11.27	00:37:43.876		0.87606			4
2025.11.27	00:37:59.776		0.87605			4
2025.11.27	00:38:00.757	0.87544				2
2025.11.27	00:38:05.195	0.87542				2
2025.11.27	00:38:06.000	0.87544				2
2025.11.27	00:38:12.376		0.87604			4
2025.11.27	00:38:21.451	0.87542	0.87610			6
2025.11.27	00:38:30.337	0.87544				2
2025.11.27	00:38:31.575		0.87609			4
2025.11.27	00:38:33.424		0.87608			4
2025.11.27	00:38:38.176		0.87607			4
2025.11.27	00:38:48.376		0.87608			4
2025.11.27	00:38:50.529	0.87541				2
2025.11.27	00:38:51.975		0.87607			4
2025.11.27	00:39:00.375	0.87541				2
2025.11.27	00:39:02.011		0.87608			4
2025.11.27	00:39:08.176		0.87607			4
2025.11.27	00:39:24.426		0.87606			4
2025.11.27	00:39:34.401		0.87605			4
2025.11.27	00:39:42.016	0.87561	0.87625			6
2025.11.27	00:39:42.976	0.87562				2
2025.11.27	00:39:43.875	0.87561				2
2025.11.27	00:39:46.875	0.87560				2
2025.11.27	00:39:50.451	0.87559				2
2025.11.27	00:39:52.874	0.87558				2
2025.11.27	00:39:56.476	0.87557				2
2025.11.27	00:40:00.676	0.87557				2
2025.11.27	00:40:04.557	0.87562				2
2025.11.27	00:40:05.775	0.87563				2
2025.11.27	00:40:06.175	0.87564				2
2025.11.27	00:40:08.174	0.87565				2
2025.11.27	00:40:09.374	0.87564				2
2025.11.27	00:40:15.675	0.87563				2
2025.11.27	00:40:18.976	0.87562				2
2025.11.27	00:40:21.679	0.87557	0.87608			6
2025.11.27	00:40:23.067	0.87558				2
2025.11.27	00:40:25.906	0.87560				2
2025.11.27	00:40:27.075	0.87559				2
2025.11.27	00:40:27.675	0.87560				2
2025.11.27	00:41:00.589	0.87559				2
2025.11.27	00:41:05.439	0.87560	0.87607			6
2025.11.27	00:41:08.475	0.87561				2
2025.11.27	00:41:09.672	0.87560				2
2025.11.27	00:41:11.173		0.87608			4
2025.11.27	00:41:13.275	0.87559				2
2025.11.27	00:41:15.975		0.87609			4
2025.11.27	00:41:17.476	0.87558				2
2025.11.27	00:41:24.673		0.87610			4
2025.11.27	00:41:25.875	0.87557				2
2025.11.27	00:41:30.972		0.87611			4
2025.11.27	00:41:32.476	0.87556				2
2025.11.27	00:41:44.712	0.87560	0.87607			6
2025.11.27	00:41:45.076	0.87559	0.87608			6
2025.11.27	00:41:46.276		0.87609			4
2025.11.27	00:42:00.367	0.87559				2
2025.11.27	00:42:05.598	0.87560	0.87608			6
2025.11.27	00:42:37.576		0.87607			4
2025.11.27	00:42:40.575		0.87608			4
2025.11.27	00:42:44.776	0.87559				2
2025.11.27	00:42:47.175		0.87609			4
2025.11.27	00:42:50.175	0.87558				2
2025.11.27	00:43:00.976	0.87558				2
2025.11.27	00:43:06.384		0.87610			4
2025.11.27	00:43:08.474	0.87557				2
2025.11.27	00:43:15.915	0.87558				2
2025.11.27	00:43:19.275	0.87557				2
2025.11.27	00:43:31.875		0.87611			4
2025.11.27	00:43:32.774	0.87556				2
2025.11.27	00:43:44.628	0.87560	0.87608			6
2025.11.27	00:43:45.073	0.87559				2
2025.11.27	00:43:45.376	0.87560				2
2025.11.27	00:44:00.075	0.87560				2
2025.11.27	00:44:44.776		0.87608			4
2025.11.27	00:45:00.677	0.87560				2
2025.11.27	00:45:03.167	0.87556	0.87613			6
2025.11.27	00:45:06.672	0.87560	0.87608			6
2025.11.27	00:45:09.037	0.87559				2
2025.11.27	00:45:09.729	0.87560				2
2025.11.27	00:45:11.514	0.87572	0.87596			6
2025.11.27	00:45:14.321	0.87573	0.87595			6
2025.11.27	00:45:28.875		0.87594			4
2025.11.27	00:45:30.976		0.87595			4
2025.11.27	00:45:32.474	0.87572				2
2025.11.27	00:45:36.975		0.87596			4
2025.11.27	00:45:39.747		0.87597			4
2025.11.27	00:45:41.176	0.87571				2
2025.11.27	00:45:44.601	0.87572	0.87596			6
2025.11.27	00:46:00.376	0.87572				2
2025.11.27	00:46:50.826		0.87596			4
2025.11.27	00:47:01.576	0.87572				2
2025.11.27	00:47:03.077	0.87568	0.87601			6
2025.11.27	00:47:06.621	0.87572	0.87596			6
2025.11.27	00:47:40.576		0.87597			4
2025.11.27	00:47:41.775		0.87596			4
2025.11.27	00:47:50.474	0.87573				2
2025.11.27	00:47:51.974		0.87595			4
2025.11.27	00:48:00.976	0.87573				2
2025.11.27	00:48:02.775	0.87572	0.87596			6
2025.11.27	00:48:05.474	0.87573				2
2025.11.27	00:48:09.376		0.87595			4
2025.11.27	00:48:18.975	0.87572	0.87596			6
2025.11.27	00:48:30.975	0.87571	0.87597			6
2025.11.27	00:48:37.575	0.87570	0.87598			6
2025.11.27	00:48:42.675		0.87599			4
2025.11.27	00:48:43.975		0.87600			4
2025.11.27	00:48:58.746	0.87572	0.87598			6
2025.11.27	00:49:00.374	0.87572				2
2025.11.27	00:49:02.108	0.87574				2
2025.11.27	00:50:00.075	0.87574	0.87598			6
2025.11.27	00:50:02.476	0.87575	0.87597			6
2025.11.27	00:50:21.676		0.87596			4
2025.11.27	00:50:23.176		0.87597			4
2025.11.27	00:50:32.377		0.87596			4
2025.11.27	00:50:32.777		0.87597			4
2025.11.27	00:50:36.676	0.87574				2
2025.11.27	00:50:39.676	0.87575				2
2025.11.27	00:50:50.475		0.87596			4
2025.11.27	00:50:58.766		0.87597			4
2025.11.27	00:51:00.590	0.87575				2
2025.11.27	00:51:01.575	0.87574	0.87598			6
2025.11.27	00:51:14.059		0.87597			4
2025.11.27	00:51:15.509		0.87598			4
2025.11.27	00:51:20.475	0.87575	0.87597			6
2025.11.27	00:51:21.976	0.87574	0.87598			6
2025.11.27	00:51:27.076		0.87597			4
2025.11.27	00:51:51.375	0.87575				2
2025.11.27	00:52:00.676	0.87575	0.87596			6
2025.11.27	00:52:02.474		0.87597			4
2025.11.27	00:52:10.452	0.87576	0.87596			6
2025.11.27	00:52:13.274		0.87597			4
2025.11.27	00:52:14.776	0.87575				2
2025.11.27	00:52:16.877		0.87598			4
2025.11.27	00:52:20.314	0.87576	0.87596			6
2025.11.27	00:52:20.776		0.87597			4
2025.11.27	00:53:03.075	0.87576				2
2025.11.27	00:53:10.317	0.87575				2
2025.11.27	00:53:11.776	0.87576				2
2025.11.27	00:53:13.877		0.87596			4
2025.11.27	00:53:15.675		0.87597			4
2025.11.27	00:53:16.874		0.87596			4
2025.11.27	00:53:21.975	0.87575	0.87597			6
2025.11.27	00:53:48.976	0.87576				2
2025.11.27	00:54:00.676	0.87576				2
2025.11.27	00:54:13.162	0.87573				2
2025.11.27	00:54:15.974	0.87575				2
2025.11.27	00:54:18.427	0.87576				2
2025.11.27	00:54:23.474		0.87596			4
2025.11.27	00:54:24.975	0.87577				2
2025.11.27	00:54:29.827	0.87576	0.87597			6
2025.11.27	00:54:32.477	0.87575				2
2025.11.27	00:54:39.142	0.87578	0.87610			6
2025.11.27	00:54:43.318	0.87577				2
2025.11.27	00:54:55.947	0.87579	0.87611			6
2025.11.27	00:55:01.576	0.87579				2
2025.11.27	00:55:13.412	0.87580				2
2025.11.27	00:55:15.076	0.87578				2
2025.11.27	00:55:17.189	0.87579				2
2025.11.27	00:55:18.632	0.87577				2
2025.11.27	00:55:24.225	0.87576				2
2025.11.27	00:55:31.575	0.87578				2
2025.11.27	00:55:33.121	0.87577	0.87610			6
2025.11.27	00:55:34.461	0.87578	0.87611			6
2025.11.27	00:55:36.512	0.87582				2
2025.11.27	00:55:43.519	0.87579				2
2025.11.27	00:55:44.207	0.87578				2
2025.11.27	00:55:45.076	0.87579				2
2025.11.27	00:55:45.528	0.87578				2
2025.11.27	00:55:50.432	0.87576	0.87607			6
2025.11.27	00:55:52.276	0.87581				2
2025.11.27	00:55:53.484	0.87580				2
2025.11.27	00:56:01.276	0.87580				2
2025.11.27	00:56:06.451	0.87579				2
2025.11.27	00:56:12.814	0.87578				2
2025.11.27	00:56:21.412	0.87579				2
2025.11.27	00:56:31.994	0.87578				2
2025.11.27	00:56:50.776		0.87607			4
2025.11.27	00:57:00.429	0.87578				2
2025.11.27	00:57:20.477		0.87608			4
2025.11.27	00:57:35.383	0.87562	0.87591			6
2025.11.27	00:57:36.394	0.87563	0.87588			6
2025.11.27	00:57:38.370	0.87562	0.87589			6
2025.11.27	00:57:39.676	0.87563				2
2025.11.27	00:57:41.775		0.87588			4
2025.11.27	00:57:47.776		0.87589			4
2025.11.27	00:57:50.428	0.87560				2
2025.11.27	00:57:51.675	0.87561	0.87588			6
2025.11.27	00:57:53.382	0.87562	0.87587			6
2025.11.27	00:57:54.976	0.87561	0.87588			6
2025.11.27	00:57:58.837	0.87559	0.87589			6
2025.11.27	00:57:59.143	0.87558	0.87590			6
2025.11.27	00:58:00.186	0.87558				2
2025.11.27	00:58:05.175	0.87559				2
2025.11.27	00:58:10.505		0.87589			4
2025.11.27	00:58:11.599	0.87561	0.87588			6
2025.11.27	00:58:13.576	0.87560	0.87589			6
2025.11.27	00:58:22.007	0.87558	0.87590			6
2025.11.27	00:58:25.441	0.87561	0.87587			6
2025.11.27	00:58:27.976		0.87588			4
2025.11.27	00:58:30.075	0.87560				2
2025.11.27	00:58:35.508	0.87561				2
2025.11.27	00:58:36.261	0.87557	0.87592			6
2025.11.27	00:58:37.275		0.87593			4
2025.11.27	00:58:39.500	0.87558	0.87592			6
2025.11.27	00:58:40.378	0.87557				2
2025.11.27	00:58:43.499	0.87558	0.87591			6
2025.11.27	00:58:45.676	0.87557				2
2025.11.27	00:58:46.787	0.87558				2
2025.11.27	00:58:48.784	0.87560	0.87589			6
2025.11.27	00:58:50.066	0.87558	0.87591			6
2025.11.27	00:58:54.083	0.87559	0.87590			6
2025.11.27	00:58:56.474	0.87558				2
2025.11.27	00:58:57.241	0.87557	0.87592			6
2025.11.27	00:58:57.993	0.87572	0.87606			6
2025.11.27	00:58:59.491	0.87573				2
2025.11.27	00:58:59.946	0.87572				2
2025.11.27	00:59:00.289	0.87574				2
2025.11.27	00:59:00.759	0.87573				2
2025.11.27	00:59:01.968	0.87574				2
2025.11.27	00:59:02.422	0.87573				2
2025.11.27	00:59:02.767	0.87574				2
2025.11.27	00:59:03.223	0.87573				2
2025.11.27	00:59:03.820	0.87574				2
2025.11.27	00:59:04.248	0.87573				2
2025.11.27	00:59:04.620	0.87574				2
2025.11.27	00:59:05.076	0.87573				2
2025.11.27	00:59:05.451	0.87574				2
2025.11.27	00:59:06.459	0.87573				2
2025.11.27	00:59:06.777	0.87574				2
2025.11.27	00:59:07.237	0.87573				2
2025.11.27	00:59:07.607	0.87574				2
2025.11.27	00:59:09.413	0.87573				2
2025.11.27	00:59:09.765	0.87574				2
2025.11.27	00:59:10.215	0.87573				2
2025.11.27	00:59:10.566	0.87574				2
2025.11.27	00:59:11.985	0.87572				2
2025.11.27	00:59:51.424	0.87571				2
2025.11.27	00:59:55.471	0.87574				2
2025.11.27	00:59:57.076	0.87575				2
2025.11.27	01:00:00.308	0.87566	0.87603			6
2025.11.27	01:00:00.615	0.87567				2
2025.11.27	01:00:00.958	0.87568				2
2025.11.27	01:00:01.259		0.87602			4
2025.11.27	01:00:01.597		0.87603			4
2025.11.27	01:00:01.918	0.87569				2
2025.11.27	01:00:02.326	0.87576	0.87606			6
2025.11.27	01:00:02.631	0.87577	0.87608			6
2025.11.27	01:00:02.952	0.87576	0.87606			6
2025.11.27	01:00:03.676	0.87572	0.87611			6
2025.11.27	01:00:04.002	0.87570	0.87612			6
2025.11.27	01:00:04.315		0.87604			4
2025.11.27	01:00:05.260	0.87569	0.87605			6
2025.11.27	01:00:05.579	0.87570				2
2025.11.27	01:00:05.881	0.87583	0.87592			6
2025.11.27	01:00:06.483	0.87572	0.87604			6
2025.11.27	01:00:07.117	0.87575	0.87600			6
2025.11.27	01:00:07.690	0.87574	0.87601			6
2025.11.27	01:00:08.603	0.87557	0.87600			6
2025.11.27	01:00:09.436		0.87599			4
2025.11.27	01:00:11.250	0.87560				2
2025.11.27	01:00:16.840	0.87570				2
2025.11.27	01:00:18.238	0.87571				2
2025.11.27	01:00:20.174	0.87572	0.87598			6
2025.11.27	01:00:21.070	0.87571	0.87599			6
2025.11.27	01:00:23.880	0.87572				2
2025.11.27	01:00:24.266	0.87570	0.87598			6
2025.11.27	01:00:25.783		0.87597			4
2025.11.27	01:00:27.067	0.87571	0.87598			6
2025.11.27	01:00:28.340	0.87572				2
2025.11.27	01:00:30.782	0.87573	0.87599			6
2025.11.27	01:00:31.878	0.87574	0.87600			6
2025.11.27	01:00:33.179	0.87563	0.87592			6
2025.11.27	01:00:33.890	0.87565	0.87591			6
2025.11.27	01:00:34.887	0.87564				2
2025.11.27	01:00:37.317	0.87563				2
2025.11.27	01:00:37.784	0.87566				2
2025.11.27	01:00:39.076	0.87564				2
2025.11.27	01:00:39.651	0.87565				2
2025.11.27	01:00:42.076	0.87566	0.87592			6
2025.11.27	01:00:45.375		0.87591			4
2025.11.27	01:00:46.827	0.87567				2
2025.11.27	01:00:47.962	0.87566				2
2025.11.27	01:00:48.280	0.87567				2
2025.11.27	01:00:48.987	0.87566				2
2025.11.27	01:00:51.286		0.87590			4
2025.11.27	01:00:52.848	0.87567	0.87588			6
2025.11.27	01:00:53.221	0.87566	0.87589			6
2025.11.27	01:00:55.575	0.87568	0.87590			6
2025.11.27	01:00:55.880	0.87566	0.87588			6
2025.11.27	01:00:56.187	0.87565				2
2025.11.27	01:00:59.476	0.87566				2
2025.11.27	01:01:00.074	0.87566	0.87582			6
2025.11.27	01:01:00.377	0.87562	0.87578			6
2025.11.27	01:01:00.823	0.87560				2
2025.11.27	01:01:02.372	0.87564	0.87585			6
2025.11.27	01:01:02.817		0.87586			4
2025.11.27	01:01:03.213	0.87562	0.87581			6
2025.11.27	01:01:03.532		0.87582			4
2025.11.27	01:01:04.144	0.87560	0.87578			6
2025.11.27	01:01:04.774	0.87559	0.87577			6
2025.11.27	01:01:05.142	0.87558				2
2025.11.27	01:01:06.306	0.87561	0.87579			6
2025.11.27	01:01:06.676	0.87562	0.87581			6
2025.11.27	01:01:07.560	0.87560	0.87579			6
2025.11.27	01:01:20.274	0.87561				2
2025.11.27	01:01:21.625		0.87582			4
2025.11.27	01:01:23.776	0.87562				2
2025.11.27	01:01:26.702	0.87561				2
2025.11.27	01:01:28.276		0.87584			4
2025.11.27	01:01:30.467		0.87583			4
2025.11.27	01:01:31.850	0.87562				2
2025.11.27	01:01:33.242		0.87581			4
2025.11.27	01:01:36.246	0.87564	0.87583			6
2025.11.27	01:01:43.194	0.87563				2
2025.11.27	01:01:44.990	0.87564				2
2025.11.27	01:01:50.776	0.87563				2
2025.11.27	01:01:51.449	0.87564				2
2025.11.27	01:01:55.404	0.87563				2
2025.11.27	01:01:58.914	0.87564				2
2025.11.27	01:01:59.597		0.87585			4
2025.11.27	01:02:00.317	0.87564				2
2025.11.27	01:02:00.744		0.87583			4
2025.11.27	01:02:01.715	0.87563	0.87585			6
2025.11.27	01:02:07.284		0.87583			4
2025.11.27	01:02:11.176		0.87585			4
2025.11.27	01:02:12.371		0.87584			4
2025.11.27	01:02:12.746		0.87585			4
2025.11.27	01:02:13.913	0.87565	0.87588			6
2025.11.27	01:02:16.575		0.87583			4
2025.11.27	01:02:16.936	0.87564				2
2025.11.27	01:02:24.112	0.87565				2
2025.11.27	01:02:30.423		0.87587			4
2025.11.27	01:02:30.948		0.87585			4
2025.11.27	01:02:32.604	0.87566				2
2025.11.27	01:02:35.861	0.87565	0.87583			6
2025.11.27	01:02:41.328	0.87569	0.87588			6
2025.11.27	01:02:42.283	0.87568	0.87605			6
2025.11.27	01:02:42.971		0.87606			4
2025.11.27	01:02:45.184		0.87607			4
2025.11.27	01:02:45.834	0.87569	0.87588			6
2025.11.27	01:02:46.135		0.87589			4
2025.11.27	01:02:49.484		0.87590			4
2025.11.27	01:02:50.104		0.87589			4
2025.11.27	01:02:51.388		0.87590			4
2025.11.27	01:02:54.075	0.87570				2
2025.11.27	01:02:55.643	0.87571	0.87592			6
2025.11.27	01:03:00.316	0.87573	0.87591			6
2025.11.27	01:03:01.379		0.87590			4
2025.11.27	01:03:04.576		0.87591			4
2025.11.27	01:03:06.075	0.87574				2
2025.11.27	01:03:10.575	0.87573				2
2025.11.27	01:03:15.074	0.87574				2
2025.11.27	01:03:17.541	0.87577	0.87596			6
2025.11.27	01:03:20.576	0.87578				2
2025.11.27	01:03:25.780	0.87583	0.87599			6
2025.11.27	01:03:26.137	0.87584				2
2025.11.27	01:03:27.107	0.87583				2
2025.11.27	01:03:28.434		0.87602			4
2025.11.27	01:03:29.775		0.87601			4
2025.11.27	01:03:31.692		0.87597			4
2025.11.27	01:03:33.853		0.87598			4
2025.11.27	01:03:34.574	0.87582				2
2025.11.27	01:03:37.383	0.87583	0.87599			6
2025.11.27	01:03:40.732		0.87600			4
2025.11.27	01:03:46.075	0.87582	0.87599			6
2025.11.27	01:03:48.999	0.87580	0.87597			6
2025.11.27	01:03:49.637	0.87578	0.87595			6
2025.11.27	01:03:49.951	0.87579	0.87596			6
2025.11.27	01:03:51.143	0.87578	0.87594			6
2025.11.27	01:03:51.605		0.87593			4
2025.11.27	01:03:52.998	0.87577				2
2025.11.27	01:04:00.376	0.87577				2
2025.11.27	01:04:03.288		0.87590			4
2025.11.27	01:04:04.716		0.87593			4
2025.11.27	01:04:08.474		0.87594			4
2025.11.27	01:04:09.962		0.87593			4
2025.11.27	01:04:18.158		0.87594			4
2025.11.27	01:04:20.640	0.87578				2
2025.11.27	01:04:22.274	0.87577				2
2025.11.27	01:04:27.802	0.87576	0.87593			6
2025.11.27	01:04:28.988	0.87577				2
2025.11.27	01:04:36.854	0.87575	0.87591			6
2025.11.27	01:04:39.742		0.87592			4
2025.11.27	01:04:44.819		0.87591			4
2025.11.27	01:04:49.828	0.87573	0.87602			6
2025.11.27	01:04:53.648	0.87575	0.87590			6
2025.11.27	01:04:55.153	0.87576	0.87595			6
2025.11.27	01:04:55.460		0.87592			4
2025.11.27	01:05:00.546	0.87576				2
2025.11.27	01:05:15.603	0.87575				2
2025.11.27	01:05:16.372	0.87577				2
2025.11.27	01:05:17.712	0.87578				2
2025.11.27	01:05:18.442	0.87577				2
2025.11.27	01:05:18.744	0.87578				2
2025.11.27	01:05:19.080	0.87577				2
2025.11.27	01:05:19.450	0.87576				2
2025.11.27	01:05:19.785		0.87593			4
2025.11.27	01:05:27.239		0.87592			4
2025.11.27	01:05:34.825		0.87590			4
2025.11.27	01:05:39.912	0.87577				2
2025.11.27	01:05:41.175	0.87576				2
2025.11.27	01:05:46.299	0.87577				2
2025.11.27	01:05:49.740	0.87578	0.87594			6
2025.11.27	01:05:50.699		0.87595			4
2025.11.27	01:05:53.302	0.87579				2
2025.11.27	01:05:54.275	0.87578				2
2025.11.27	01:06:00.374	0.87578				2
2025.11.27	01:06:04.648		0.87594			4
2025.11.27	01:06:05.032		0.87591			4
2025.11.27	01:06:09.656	0.87579				2
2025.11.27	01:06:15.376		0.87592			4
2025.11.27	01:06:31.275	0.87578				2
2025.11.27	01:06:32.780		0.87591			4
2025.11.27	01:06:33.460	0.87575	0.87589			6
2025.11.27	01:06:34.346	0.87574				2
2025.11.27	01:06:35.375	0.87573				2
2025.11.27	01:06:38.776	0.87572				2
2025.11.27	01:06:44.174	0.87573				2
2025.11.27	01:07:00.589	0.87575				2
2025.11.27	01:07:09.742	0.87577	0.87590			6
2025.11.27	01:07:10.074	0.87575	0.87589			6
2025.11.27	01:07:15.519	0.87573	0.87587			6
2025.11.27	01:07:20.175	0.87571				2
2025.11.27	01:07:21.215	0.87573				2
2025.11.27	01:07:22.870		0.87586			4
2025.11.27	01:07:24.285	0.87572	0.87584			6
2025.11.27	01:07:28.574		0.87583			4
2025.11.27	01:07:31.454		0.87582			4
2025.11.27	01:07:32.038	0.87571	0.87580			6
2025.11.27	01:07:32.711	0.87570				2
2025.11.27	01:07:37.984	0.87571				2
2025.11.27	01:07:39.582	0.87566	0.87577			6
2025.11.27	01:07:40.641		0.87576			4
2025.11.27	01:07:41.033	0.87572	0.87582			6
2025.11.27	01:07:50.786	0.87571				2
2025.11.27	01:08:00.671	0.87571				2
2025.11.27	01:08:02.148	0.87572				2
2025.11.27	01:08:10.216	0.87573				2
2025.11.27	01:08:19.810	0.87576	0.87583			6
2025.11.27	01:08:20.140	0.87577	0.87587			6
2025.11.27	01:08:20.442		0.87586			4
2025.11.27	01:08:21.264	0.87576	0.87587			6
2025.11.27	01:08:26.257	0.87577	0.87586			6
2025.11.27	01:08:29.262		0.87585			4
2025.11.27	01:08:30.411	0.87573	0.87580			6
2025.11.27	01:08:30.758	0.87572				2
2025.11.27	01:08:38.040	0.87573				2
2025.11.27	01:08:39.571		0.87581			4
2025.11.27	01:08:49.741		0.87580			4
2025.11.27	01:08:52.575	0.87572				2
2025.11.27	01:08:55.875	0.87573				2
2025.11.27	01:09:00.315	0.87573				2
2025.11.27	01:09:06.305		0.87581			4
2025.11.27	01:09:06.676	0.87572	0.87580			6
2025.11.27	01:09:08.392	0.87573	0.87581			6
2025.11.27	01:09:10.294		0.87582			4
2025.11.27	01:09:10.777		0.87580			4
2025.11.27	01:09:11.124		0.87579			4
2025.11.27	01:09:17.306		0.87581			4
2025.11.27	01:09:21.577		0.87579			4
2025.11.27	01:09:29.307	0.87572				2
2025.11.27	01:09:38.775		0.87577			4
2025.11.27	01:09:39.082	0.87570				2
2025.11.27	01:09:42.917	0.87569	0.87576			6
2025.11.27	01:09:55.365	0.87571	0.87577			6
2025.11.27	01:10:00.314	0.87571				2
2025.11.27	01:10:02.171	0.87568	0.87575			6
2025.11.27	01:10:03.674		0.87574			4
2025.11.27	01:10:04.596		0.87575			4
2025.11.27	01:10:10.529	0.87569	0.87576			6
2025.11.27	01:10:12.254		0.87575			4
2025.11.27	01:10:16.403	0.87568				2
2025.11.27	01:10:22.276	0.87569				2
2025.11.27	01:10:45.676	0.87570	0.87576			6
2025.11.27	01:10:45.979	0.87569				2
2025.11.27	01:10:49.836	0.87570				2
2025.11.27	01:10:56.027	0.87568	0.87575			6
2025.11.27	01:10:58.575	0.87569				2
2025.11.27	01:10:59.190	0.87570	0.87577			6
2025.11.27	01:10:59.632	0.87571	0.87576			6
2025.11.27	01:11:00.317	0.87571				2
2025.11.27	01:11:03.549		0.87575			4
2025.11.27	01:11:09.366		0.87576			4
2025.11.27	01:11:14.475	0.87572				2
2025.11.27	01:11:23.260	0.87571	0.87578			6
2025.11.27	01:11:23.653		0.87579			4
2025.11.27	01:11:24.170		0.87578			4
2025.11.27	01:11:24.675	0.87572				2
2025.11.27	01:11:25.175	0.87571	0.87580			6
2025.11.27	01:11:26.290	0.87572	0.87576			6
2025.11.27	01:11:26.598		0.87575			4
2025.11.27	01:11:34.305		0.87576			4
2025.11.27	01:11:48.155	0.87570	0.87579			6
2025.11.27	01:11:49.743	0.87569	0.87580			6
2025.11.27	01:11:54.116	0.87570				2
2025.11.27	01:12:00.588	0.87569				2
2025.11.27	01:12:01.085	0.87571				2
2025.11.27	01:12:01.437	0.87570	0.87581			6
2025.11.27	01:12:04.667	0.87571	0.87580			6
2025.11.27	01:12:05.760	0.87570				2
2025.11.27	01:12:28.394	0.87571				2
2025.11.27	01:13:00.074	0.87571				2
2025.11.27	01:13:04.876		0.87580			4
2025.11.27	01:13:28.428	0.87570				2
2025.11.27	01:13:33.076	0.87571				2
2025.11.27	01:13:36.674	0.87570				2
2025.11.27	01:13:40.171	0.87571				2
2025.11.27	01:13:45.446		0.87579			4
2025.11.27	01:13:49.023	0.87573	0.87580			6
2025.11.27	01:13:51.674	0.87571				2
2025.11.27	01:13:57.276	0.87574				2
2025.11.27	01:14:00.739	0.87574				2
2025.11.27	01:14:01.155	0.87571				2
2025.11.27	01:14:35.191	0.87581	0.87586			6
2025.11.27	01:14:35.966	0.87582				2
2025.11.27	01:14:36.349		0.87588			4
2025.11.27	01:14:43.271	0.87583				2
2025.11.27	01:14:45.444	0.87581				2
2025.11.27	01:14:50.474	0.87582				2
2025.11.27	01:14:51.975		0.87587			4
2025.11.27	01:15:00.412	0.87582				2
2025.11.27	01:15:02.149		0.87588			4
2025.11.27	01:15:15.582		0.87587			4
2025.11.27	01:15:35.554		0.87588			4
2025.11.27	01:15:51.375	0.87583				2
2025.11.27	01:16:00.608	0.87583				2
2025.11.27	01:16:03.368	0.87584	0.87589			6
2025.11.27	01:16:06.676	0.87583				2
2025.11.27	01:16:20.474		0.87588			4
2025.11.27	01:16:23.837		0.87589			4
2025.11.27	01:16:24.938	0.87581				2
2025.11.27	01:16:25.418	0.87583				2
2025.11.27	01:16:30.994	0.87581				2
2025.11.27	01:16:33.013	0.87583				2
2025.11.27	01:16:34.022	0.87581				2
2025.11.27	01:16:36.676		0.87588			4
2025.11.27	01:16:37.574	0.87580	0.87589			6
2025.11.27	01:16:38.312	0.87583	0.87587			6
2025.11.27	01:16:38.760	0.87582	0.87586			6
2025.11.27	01:16:42.017	0.87583	0.87588			6
2025.11.27	01:16:43.917	0.87580				2
2025.11.27	01:16:47.982		0.87587			4
2025.11.27	01:16:48.770	0.87582	0.87588			6
2025.11.27	01:16:50.775	0.87583	0.87587			6
2025.11.27	01:16:54.074	0.87582	0.87586			6
2025.11.27	01:16:59.751	0.87583				2
2025.11.27	01:17:01.774	0.87583				2
2025.11.27	01:17:04.876	0.87582				2
2025.11.27	01:17:11.567	0.87583				2
2025.11.27	01:17:12.154	0.87580				2
2025.11.27	01:17:14.775	0.87581				2
2025.11.27	01:17:23.172	0.87580				2
2025.11.27	01:17:28.031	0.87582				2
2025.11.27	01:17:29.397	0.87580				2
2025.11.27	01:17:31.875	0.87579				2
2025.11.27	01:17:32.358	0.87582				2
2025.11.27	01:17:32.679	0.87580				2
2025.11.27	01:17:34.776	0.87582				2
2025.11.27	01:17:39.184	0.87580				2
2025.11.27	01:17:40.075	0.87582				2
2025.11.27	01:17:42.032	0.87583				2
2025.11.27	01:17:48.927	0.87582				2
2025.11.27	01:17:50.949	0.87580				2
2025.11.27	01:17:54.375		0.87586			4
2025.11.27	01:18:00.342	0.87582				2
2025.11.27	01:18:01.075	0.87584				2
2025.11.27	01:18:01.381	0.87580				2
2025.11.27	01:18:01.803	0.87581				2
2025.11.27	01:18:03.462	0.87583				2
2025.11.27	01:18:05.746	0.87582				2
2025.11.27	01:18:11.496	0.87590	0.87593			6
2025.11.27	01:18:12.346	0.87589				2
2025.11.27	01:18:13.125	0.87588				2
2025.11.27	01:19:00.373	0.87589				2
2025.11.27	01:19:12.076		0.87593			4
2025.11.27	01:19:23.372	0.87588				2
2025.11.27	01:19:51.940	0.87589				2
2025.11.27	01:20:00.372	0.87587	0.87590			6
2025.11.27	01:20:00.685	0.87588	0.87592			6
2025.11.27	01:20:01.451		0.87593			4
2025.11.27	01:20:01.840		0.87592			4
2025.11.27	01:20:02.576		0.87593			4
2025.11.27	01:20:04.379		0.87592			4
2025.11.27	01:20:05.964		0.87593			4
2025.11.27	01:20:25.831	0.87587	0.87591			6
2025.11.27	01:20:28.671		0.87592			4
2025.11.27	01:20:32.475		0.87591			4
2025.11.27	01:20:40.201	0.87588	0.87592			6
2025.11.27	01:20:41.490	0.87587				2
2025.11.27	01:20:44.775	0.87588				2
2025.11.27	01:20:51.552	0.87586				2
2025.11.27	01:21:00.372	0.87586	0.87591			6
2025.11.27	01:21:03.167	0.87583	0.87587			6
2025.11.27	01:21:03.919	0.87580				2
2025.11.27	01:21:07.851	0.87582	0.87586			6
2025.11.27	01:21:12.082	0.87580				2
2025.11.27	01:21:12.669	0.87584	0.87590			6
2025.11.27	01:21:18.957		0.87588			4
2025.11.27	01:21:23.865	0.87583				2
2025.11.27	01:21:24.855		0.87587			4
2025.11.27	01:22:00.776	0.87581				2
2025.11.27	01:22:14.026	0.87583				2
2025.11.27	01:22:16.574	0.87584				2
2025.11.27	01:22:25.314		0.87587			4
2025.11.27	01:22:54.676	0.87582				2
2025.11.27	01:22:55.517	0.87584				2
2025.11.27	01:23:02.476	0.87584				2
2025.11.27	01:23:24.653	0.87582				2
2025.11.27	01:23:25.107	0.87584				2
2025.11.27	01:23:26.366	0.87583	0.87587			6
2025.11.27	01:23:32.631		0.87590			4
2025.11.27	01:23:34.346	0.87585				2
2025.11.27	01:23:38.438		0.87591			4
2025.11.27	01:23:46.894	0.87586	0.87592			6
2025.11.27	01:23:47.267	0.87585				2
2025.11.27	01:23:51.375		0.87591			4
2025.11.27	01:24:01.214	0.87585				2
2025.11.27	01:24:04.207	0.87584				2
2025.11.27	01:24:29.508	0.87585	0.87592			6
2025.11.27	01:24:31.757		0.87591			4
2025.11.27	01:24:32.723	0.87584				2
2025.11.27	01:24:36.330		0.87590			4
2025.11.27	01:24:38.177	0.87583				2
2025.11.27	01:24:44.230	0.87584	0.87591			6
2025.11.27	01:24:45.261	0.87583	0.87590			6
2025.11.27	01:25:00.633	0.87583				2
2025.11.27	01:25:01.605	0.87584				2
2025.11.27	01:25:02.386	0.87586				2
2025.11.27	01:25:05.283		0.87592			4
2025.11.27	01:25:07.985	0.87588	0.87593			6
2025.11.27	01:25:17.337	0.87589				2
2025.11.27	01:25:18.788	0.87588				2
2025.11.27	01:25:19.258	0.87584	0.87590			6
2025.11.27	01:25:20.459	0.87582	0.87588			6
2025.11.27	01:25:23.775	0.87583				2
2025.11.27	01:25:25.152	0.87579	0.87586			6
2025.11.27	01:25:26.910	0.87580	0.87588			6
2025.11.27	01:25:27.222	0.87582				2
2025.11.27	01:25:31.832		0.87589			4
2025.11.27	01:25:33.857	0.87583	0.87590			6
2025.11.27	01:25:35.753	0.87584				2
2025.11.27	01:25:39.376	0.87583				2
2025.11.27	01:25:44.708		0.87589			4
2025.11.27	01:25:48.074	0.87582				2
2025.11.27	01:25:56.475	0.87584				2
2025.11.27	01:25:56.776	0.87582				2
2025.11.27	01:26:00.636	0.87582				2
2025.11.27	01:26:01.522		0.87588			4
2025.11.27	01:26:02.331	0.87581				2
2025.11.27	01:26:03.943	0.87583				2
2025.11.27	01:26:04.706	0.87581				2
2025.11.27	01:26:05.187	0.87582				2
2025.11.27	01:26:05.977	0.87581	0.87589			6
2025.11.27	01:26:09.957		0.87588			4
2025.11.27	01:26:11.698	0.87579	0.87586			6
2025.11.27	01:26:12.729	0.87578	0.87585			6
2025.11.27	01:26:28.226	0.87577				2
2025.11.27	01:26:36.267	0.87578				2
2025.11.27	01:26:39.676	0.87576				2
2025.11.27	01:26:41.187	0.87577	0.87584			6
2025.11.27	01:27:00.201	0.87577				2
2025.11.27	01:27:04.596	0.87578	0.87583			6
2025.11.27	01:27:06.907	0.87577				2
2025.11.27	01:27:15.402	0.87578				2
2025.11.27	01:27:18.909	0.87583	0.87589			6
2025.11.27	01:27:19.443	0.87582				2
2025.11.27	01:27:33.716	0.87580				2
2025.11.27	01:27:39.765	0.87581				2
2025.11.27	01:27:45.380		0.87588			4
2025.11.27	01:27:52.267	0.87582				2
2025.11.27	01:27:52.937		0.87591			4
2025.11.27	01:27:55.876	0.87583	0.87590			6
2025.11.27	01:28:01.946	0.87583				2
2025.11.27	01:28:02.260	0.87582	0.87591			6
2025.11.27	01:28:14.754	0.87583	0.87590			6
2025.11.27	01:28:19.275	0.87582				2
2025.11.27	01:28:52.907	0.87581	0.87587			6
2025.11.27	01:28:54.829	0.87580	0.87586			6
2025.11.27	01:28:55.846		0.87588			4
2025.11.27	01:28:56.770	0.87581				2
2025.11.27	01:28:58.759	0.87579				2
2025.11.27	01:28:59.493	0.87581				2
2025.11.27	01:28:59.806	0.87579				2
2025.11.27	01:29:00.612	0.87580	0.87586			6
2025.11.27	01:29:04.842	0.87581				2
2025.11.27	01:29:14.476	0.87580				2
2025.11.27	01:29:20.301	0.87581				2
2025.11.27	01:29:22.375	0.87580				2
2025.11.27	01:29:39.366		0.87587			4
2025.11.27	01:29:53.223		0.87588			4
2025.11.27	01:29:57.676		0.87587			4
2025.11.27	01:29:59.970	0.87581	0.87588			6
2025.11.27	01:30:00.291	0.87580				2
2025.11.27	01:30:00.657	0.87581				2
2025.11.27	01:30:02.776	0.87580				2
2025.11.27	01:30:03.116	0.87585	0.87586			6
2025.11.27	01:30:05.286	0.87590	0.87591			6
2025.11.27	01:30:06.840	0.87585				2
2025.11.27	01:30:09.974	0.87584				2
2025.11.27	01:30:15.357	0.87586	0.87592			6
2025.11.27	01:30:23.963		0.87591			4
2025.11.27	01:30:24.728	0.87585				2
2025.11.27	01:30:27.356	0.87586				2
2025.11.27	01:30:28.034	0.87585	0.87589			6
2025.11.27	01:30:28.821	0.87583	0.87588			6
2025.11.27	01:30:36.050	0.87587				2
2025.11.27	01:30:37.611	0.87586				2
2025.11.27	01:30:37.971	0.87587				2
2025.11.27	01:30:40.168	0.87586	0.87589			6
2025.11.27	01:30:43.245	0.87587	0.87591			6
2025.11.27	01:30:43.610	0.87586	0.87590			6
2025.11.27	01:30:50.314	0.87585				2
2025.11.27	01:30:50.621	0.87586				2
2025.11.27	01:31:00.076	0.87586				2
2025.11.27	01:31:01.185	0.87585				2
2025.11.27	01:31:05.721	0.87586				2
2025.11.27	01:31:15.957	0.87585				2
2025.11.27	01:31:19.756	0.87586				2
2025.11.27	01:31:21.977	0.87585				2
2025.11.27	01:31:22.298	0.87584	0.87589			6
2025.11.27	01:31:22.669	0.87585				2
2025.11.27	01:31:23.101	0.87586	0.87588			6
2025.11.27	01:31:34.771	0.87584				2
2025.11.27	01:31:35.269	0.87585				2
2025.11.27	01:31:36.019	0.87584				2
2025.11.27	01:31:37.712	0.87585				2
2025.11.27	01:31:41.707	0.87584				2
2025.11.27	01:31:42.256	0.87583	0.87587			6
2025.11.27	01:31:49.174	0.87582				2
2025.11.27	01:31:51.373	0.87583				2
2025.11.27	01:31:52.591		0.87588			4
2025.11.27	01:31:54.873		0.87587			4
2025.11.27	01:31:57.975	0.87584	0.87588			6
2025.11.27	01:32:00.524	0.87584				2
2025.11.27	01:32:02.239	0.87585	0.87589			6
2025.11.27	01:32:13.234	0.87584				2
2025.11.27	01:32:15.467	0.87585				2
2025.11.27	01:32:24.879	0.87583	0.87587			6
2025.11.27	01:32:27.074	0.87584				2
2025.11.27	01:32:33.784	0.87583				2
2025.11.27	01:32:34.874	0.87582				2
2025.11.27	01:32:35.260	0.87586	0.87590			6
2025.11.27	01:32:39.225		0.87591			4
2025.11.27	01:32:54.054	0.87585				2
2025.11.27	01:32:57.667	0.87586				2
2025.11.27	01:33:00.565	0.87586				2
2025.11.27	01:33:00.887		0.87592			4
2025.11.27	01:33:01.910	0.87587				2
2025.11.27	01:33:05.743	0.87583	0.87588			6
2025.11.27	01:33:12.040	0.87584				2
2025.11.27	01:33:13.411	0.87583				2
2025.11.27	01:33:21.881	0.87582				2
2025.11.27	01:33:22.459	0.87581				2
2025.11.27	01:33:23.477	0.87582				2
2025.11.27	01:33:24.765	0.87583				2
2025.11.27	01:33:31.028	0.87582				2
2025.11.27	01:33:31.472	0.87583				2
2025.11.27	01:33:37.603	0.87581	0.87585			6
2025.11.27	01:33:42.117	0.87582	0.87586			6
2025.11.27	01:33:55.055	0.87581				2
2025.11.27	01:33:55.576		0.87585			4
2025.11.27	01:34:04.351	0.87581				2
2025.11.27	01:34:15.384	0.87580				2
2025.11.27	01:34:15.707	0.87581				2
2025.11.27	01:34:16.071	0.87580				2
2025.11.27	01:34:16.378	0.87579				2
2025.11.27	01:34:16.680	0.87580				2
2025.11.27	01:34:20.101	0.87581				2
2025.11.27	01:34:25.526	0.87580				2
2025.11.27	01:34:28.734	0.87581				2
2025.11.27	01:34:29.972	0.87580				2
2025.11.27	01:34:31.583	0.87582	0.87583			6
2025.11.27	01:34:31.979	0.87580				2
2025.11.27	01:34:36.133	0.87581				2
2025.11.27	01:34:48.239	0.87580				2
2025.11.27	01:34:48.598	0.87581				2
2025.11.27	01:34:54.156	0.87580				2
2025.11.27	01:34:54.961	0.87581				2
2025.11.27	01:34:55.777	0.87580				2
2025.11.27	01:35:00.316	0.87580				2
2025.11.27	01:35:00.965		0.87584			4
2025.11.27	01:35:04.561	0.87578	0.87583			6
2025.11.27	01:35:04.897	0.87579	0.87582			6
2025.11.27	01:35:05.283	0.87578				2
2025.11.27	01:35:07.445	0.87580	0.87583			6
2025.11.27	01:35:08.438		0.87584			4
2025.11.27	01:35:08.743		0.87585			4
2025.11.27	01:35:10.083	0.87579				2
2025.11.27	01:35:11.307	0.87580				2
2025.11.27	01:35:12.097	0.87579				2
2025.11.27	01:35:13.949	0.87580	0.87584			6
2025.11.27	01:35:16.502	0.87579				2
2025.11.27	01:35:17.244	0.87580	0.87586			6
2025.11.27	01:35:19.546	0.87581				2
2025.11.27	01:35:24.675		0.87588			4
2025.11.27	01:35:28.717	0.87587	0.87589			6
2025.11.27	01:35:29.217	0.87586				2
2025.11.27	01:35:33.805	0.87585				2
2025.11.27	01:35:36.676	0.87586				2
2025.11.27	01:35:37.473	0.87585				2
2025.11.27	01:35:41.790	0.87583				2
2025.11.27	01:35:43.122	0.87582				2
2025.11.27	01:35:50.855	0.87583	0.87590			6
2025.11.27	01:35:51.161		0.87588			4
2025.11.27	01:35:53.000	0.87582	0.87587			6
2025.11.27	01:35:54.644		0.87588			4
2025.11.27	01:35:58.179	0.87581	0.87587			6
2025.11.27	01:35:58.637	0.87582				2
2025.11.27	01:35:59.736		0.87588			4
2025.11.27	01:36:00.315	0.87582	0.87587			6
2025.11.27	01:36:01.023		0.87588			4
2025.11.27	01:36:03.152	0.87587	0.87593			6
2025.11.27	01:36:09.420	0.87588				2
2025.11.27	01:36:18.681		0.87594			4
2025.11.27	01:36:22.275	0.87587				2
2025.11.27	01:36:22.661	0.87588				2
2025.11.27	01:36:23.132		0.87593			4
2025.11.27	01:36:23.440		0.87594			4
2025.11.27	01:36:27.365	0.87587	0.87593			6
2025.11.27	01:36:38.321	0.87588	0.87594			6
2025.11.27	01:36:39.391	0.87587				2
2025.11.27	01:36:43.931	0.87588				2
2025.11.27	01:37:00.425	0.87588				2
2025.11.27	01:37:23.499		0.87593			4
2025.11.27	01:37:24.423	0.87587				2
2025.11.27	01:37:24.739	0.87588				2
2025.11.27	01:37:31.766	0.87587				2
2025.11.27	01:37:32.972	0.87588				2
2025.11.27	01:37:34.340	0.87587				2
2025.11.27	01:37:35.741	0.87588				2
2025.11.27	01:37:37.060	0.87587				2
2025.11.27	01:37:38.282	0.87588				2
2025.11.27	01:37:38.601	0.87587				2
2025.11.27	01:37:38.906	0.87588				2
2025.11.27	01:37:39.711	0.87587				2
2025.11.27	01:37:40.347	0.87588	0.87592			6
2025.11.27	01:37:40.756	0.87587				2
2025.11.27	01:37:48.307		0.87591			4
2025.11.27	01:38:00.102	0.87587				2
2025.11.27	01:38:00.738	0.87585	0.87590			6
2025.11.27	01:38:01.291	0.87586				2
2025.11.27	01:38:03.176	0.87585				2
2025.11.27	01:38:03.560	0.87586				2
2025.11.27	01:38:05.034	0.87585				2
2025.11.27	01:38:05.347	0.87586				2
2025.11.27	01:38:05.773	0.87588	0.87591			6
2025.11.27	01:38:06.086	0.87586				2
2025.11.27	01:38:07.680	0.87587				2
2025.11.27	01:38:10.416		0.87592			4
2025.11.27	01:38:21.483	0.87588				2
2025.11.27	01:38:21.787	0.87587				2
2025.11.27	01:38:31.556	0.87588				2
2025.11.27	01:38:39.370	0.87587				2
2025.11.27	01:39:01.646	0.87588	0.87593			6
2025.11.27	01:39:12.069		0.87594			4
2025.11.27	01:39:15.976	0.87589				2
2025.11.27	01:39:40.327	0.87590				2
2025.11.27	01:39:52.901	0.87589				2
2025.11.27	01:39:56.096	0.87588	0.87593			6
2025.11.27	01:40:00.074	0.87588				2
2025.11.27	01:40:04.116		0.87594			4
2025.11.27	01:40:14.743	0.87587	0.87593			6
2025.11.27	01:40:15.232	0.87588				2
2025.11.27	01:40:22.768	0.87587				2
2025.11.27	01:40:23.136	0.87588				2
2025.11.27	01:40:31.918	0.87587				2
2025.11.27	01:40:37.413	0.87588				2
2025.11.27	01:40:38.351	0.87587				2
2025.11.27	01:40:42.796		0.87594			4
2025.11.27	01:41:04.478	0.87588				2
2025.11.27	01:41:04.790	0.87587				2
2025.11.27	01:41:44.475		0.87594			4
2025.11.27	01:42:01.801	0.87587	0.87593			6
2025.11.27	01:42:07.076	0.87590	0.87594			6
2025.11.27	01:42:08.723		0.87595			4
2025.11.27	01:42:09.046		0.87594			4
2025.11.27	01:42:11.451	0.87589				2
2025.11.27	01:42:14.540	0.87590				2
2025.11.27	01:42:15.256	0.87588				2
2025.11.27	01:42:15.890	0.87587				2
2025.11.27	01:42:18.407	0.87588				2
2025.11.27	01:42:18.975	0.87589				2
2025.11.27	01:42:21.825	0.87590				2
2025.11.27	01:42:26.831	0.87589				2
2025.11.27	01:42:28.719	0.87585	0.87591			6
2025.11.27	01:42:33.741		0.87590			4
2025.11.27	01:42:36.892	0.87584	0.87591			6
2025.11.27	01:42:37.208	0.87585	0.87590			6
2025.11.27	01:42:43.275	0.87584				2
2025.11.27	01:42:44.776		0.87591			4
2025.11.27	01:42:54.758	0.87586	0.87592			6
2025.11.27	01:42:58.275	0.87585				2
2025.11.27	01:43:00.351	0.87585				2
2025.11.27	01:43:02.256		0.87591			4
2025.11.27	01:43:02.595	0.87586				2
2025.11.27	01:43:05.775	0.87585				2
2025.11.27	01:43:10.775	0.87586				2
2025.11.27	01:43:11.322		0.87592			4
2025.11.27	01:43:35.516		0.87591			4
2025.11.27	01:43:51.376	0.87585	0.87592			6
2025.11.27	01:44:00.611	0.87585				2
2025.11.27	01:44:03.376	0.87586				2
2025.11.27	01:44:06.047		0.87593			4
2025.11.27	01:44:09.749	0.87587	0.87592			6
2025.11.27	01:44:12.226	0.87586				2
2025.11.27	01:44:16.480	0.87587	0.87593			6
2025.11.27	01:44:20.749	0.87586				2
2025.11.27	01:44:23.232	0.87587				2
2025.11.27	01:44:27.246	0.87589				2
2025.11.27	01:44:27.638	0.87587				2
2025.11.27	01:44:29.888	0.87586	0.87592			6
2025.11.27	01:44:32.983	0.87585				2
2025.11.27	01:44:38.108	0.87586				2
2025.11.27	01:44:42.625	0.87584	0.87590			6
2025.11.27	01:44:43.692	0.87583				2
2025.11.27	01:44:45.361	0.87585				2
2025.11.27	01:44:50.316		0.87589			4
2025.11.27	01:44:57.475		0.87590			4
2025.11.27	01:45:00.217	0.87589	0.87592			6
2025.11.27	01:45:00.707		0.87593			4
2025.11.27	01:45:01.688		0.87592			4
2025.11.27	01:45:02.277	0.87585	0.87590			6
2025.11.27	01:45:06.057	0.87584				2
2025.11.27	01:45:07.338	0.87581	0.87585			6
2025.11.27	01:45:08.774	0.87580				2
2025.11.27	01:45:09.521	0.87582				2
2025.11.27	01:45:13.965	0.87580				2
2025.11.27	01:45:15.349	0.87581				2
2025.11.27	01:45:15.775	0.87580	0.87584			6
2025.11.27	01:45:16.078	0.87582	0.87585			6
2025.11.27	01:45:17.217	0.87569	0.87573			6
2025.11.27	01:45:17.882	0.87570	0.87572			6
2025.11.27	01:45:18.212	0.87575	0.87578			6
2025.11.27	01:45:18.527	0.87574				2
2025.11.27	01:45:18.986	0.87573				2
2025.11.27	01:45:19.724	0.87574				2
2025.11.27	01:45:27.835	0.87575	0.87579			6
2025.11.27	01:45:28.139	0.87574	0.87578			6
2025.11.27	01:45:28.596	0.87579	0.87583			6
2025.11.27	01:45:29.043		0.87584			4
2025.11.27	01:45:32.703	0.87578	0.87583			6
2025.11.27	01:45:33.828	0.87579				2
2025.11.27	01:45:34.458		0.87584			4
2025.11.27	01:45:39.967		0.87583			4
2025.11.27	01:45:42.199	0.87580				2
2025.11.27	01:45:45.611		0.87584			4
2025.11.27	01:45:52.329	0.87581				2
2025.11.27	01:45:56.234	0.87584	0.87587			6
2025.11.27	01:45:56.622	0.87583				2
2025.11.27	01:45:57.821		0.87588			4
2025.11.27	01:45:58.332	0.87584	0.87587			6
2025.11.27	01:46:00.313	0.87584				2
2025.11.27	01:46:01.301	0.87582				2
2025.11.27	01:46:03.082	0.87583				2
2025.11.27	01:46:03.615	0.87581	0.87585			6
2025.11.27	01:46:04.268	0.87582	0.87586			6
2025.11.27	01:46:04.582	0.87586	0.87590			6
2025.11.27	01:46:06.124		0.87589			4
2025.11.27	01:46:08.899		0.87590			4
2025.11.27	01:46:19.570		0.87589			4
2025.11.27	01:46:19.872	0.87584	0.87588			6
2025.11.27	01:46:20.854	0.87585	0.87590			6
2025.11.27	01:46:22.696	0.87586	0.87591			6
2025.11.27	01:46:24.951		0.87590			4
2025.11.27	01:46:26.009		0.87591			4
2025.11.27	01:46:26.463	0.87587	0.87590			6
2025.11.27	01:46:26.782	0.87586				2
2025.11.27	01:46:27.945		0.87591			4
2025.11.27	01:46:28.732		0.87590			4
2025.11.27	01:46:29.631		0.87591			4
2025.11.27	01:46:29.939		0.87590			4
2025.11.27	01:46:30.538		0.87591			4
2025.11.27	01:46:42.452		0.87590			4
2025.11.27	01:46:47.271		0.87591			4
2025.11.27	01:46:52.876		0.87590			4
2025.11.27	01:47:00.572	0.87586				2
2025.11.27	01:47:29.456	0.87587				2
2025.11.27	01:47:29.759	0.87586				2
2025.11.27	01:47:30.642	0.87592	0.87596			6
2025.11.27	01:47:33.832		0.87597			4
2025.11.27	01:47:36.348	0.87593				2
2025.11.27	01:48:00.139	0.87593				2
2025.11.27	01:48:34.276		0.87597			4
2025.11.27	01:48:35.938	0.87592				2
2025.11.27	01:49:00.076	0.87592				2
2025.11.27	01:49:01.182	0.87593	0.87596			6
2025.11.27	01:49:05.654	0.87592				2
2025.11.27	01:49:07.837	0.87591				2
2025.11.27	01:49:23.071	0.87592				2
2025.11.27	01:49:52.151	0.87591				2
2025.11.27	01:50:02.175	0.87591	0.87596			6
2025.11.27	01:50:10.590	0.87592				2
2025.11.27	01:50:12.325	0.87591				2
2025.11.27	01:50:16.803		0.87595			4
2025.11.27	01:50:22.199		0.87596			4
2025.11.27	01:50:30.255	0.87592				2
2025.11.27	01:50:30.697	0.87590	0.87595			6
2025.11.27	01:50:45.374	0.87591				2
2025.11.27	01:50:48.854	0.87590				2
2025.11.27	01:50:55.275	0.87591				2
2025.11.27	01:51:03.375	0.87591				2
2025.11.27	01:51:32.616		0.87595			4
2025.11.27	01:51:44.052		0.87596			4
2025.11.27	01:51:44.954	0.87589	0.87594			6
2025.11.27	01:51:47.140	0.87590	0.87593			6
2025.11.27	01:51:55.263	0.87589	0.87594			6
2025.11.27	01:51:55.667	0.87590	0.87593			6
2025.11.27	01:52:03.456	0.87590				2
2025.11.27	01:52:05.873	0.87591				2
2025.11.27	01:52:09.919	0.87590	0.87594			6
2025.11.27	01:52:12.946	0.87589	0.87595			6
2025.11.27	01:52:28.175	0.87590				2
2025.11.27	01:52:30.929	0.87592	0.87596			6
2025.11.27	01:52:36.384	0.87591	0.87595			6
2025.11.27	01:53:00.736	0.87591	0.87596			6
2025.11.27	01:53:20.775	0.87592				2
2025.11.27	01:53:42.974	0.87593				2
2025.11.27	01:54:00.410	0.87593				2
2025.11.27	01:54:05.767	0.87592	0.87596			6
2025.11.27	01:54:08.047	0.87593	0.87597			6
2025.11.27	01:54:08.712	0.87592	0.87596			6
2025.11.27	01:54:26.774	0.87593				2
2025.11.27	01:54:41.174		0.87598			4
2025.11.27	01:54:44.758	0.87592	0.87597			6
2025.11.27	01:54:49.432	0.87593				2
2025.11.27	01:54:55.260	0.87592				2
2025.11.27	01:55:00.671	0.87592				2
2025.11.27	01:55:12.076		0.87596			4
2025.11.27	01:55:18.265		0.87597			4
2025.11.27	01:55:21.231		0.87596			4
2025.11.27	01:55:23.965	0.87591				2
2025.11.27	01:55:29.373	0.87592	0.87597			6
2025.11.27	01:55:46.899		0.87596			4
2025.11.27	01:55:51.997		0.87597			4
2025.11.27	01:55:54.824	0.87593				2
2025.11.27	01:55:56.003	0.87592				2
2025.11.27	01:55:56.327	0.87593				2
2025.11.27	01:56:00.153	0.87593				2
2025.11.27	01:56:01.829		0.87596			4
2025.11.27	01:56:02.271	0.87592				2
2025.11.27	01:56:08.250	0.87593				2
2025.11.27	01:56:10.141		0.87597			4
2025.11.27	01:56:17.367		0.87596			4
2025.11.27	01:56:29.541		0.87597			4
2025.11.27	01:56:30.173		0.87596			4
2025.11.27	01:56:31.401	0.87594	0.87597			6
2025.11.27	01:56:31.921	0.87593				2
2025.11.27	01:56:32.517	0.87594				2
2025.11.27	01:56:40.838		0.87596			4
2025.11.27	01:56:47.785	0.87593				2
2025.11.27	01:56:48.676		0.87597			4
2025.11.27	01:57:00.394	0.87593	0.87596			6
2025.11.27	01:57:12.005	0.87594	0.87597			6
2025.11.27	01:57:22.413	0.87595				2
2025.11.27	01:57:22.714	0.87593	0.87596			6
2025.11.27	01:57:31.752		0.87597			4
2025.11.27	01:58:00.087	0.87593				2
2025.11.27	01:58:26.346	0.87594				2
2025.11.27	01:58:26.888		0.87598			4
2025.11.27	01:58:27.667	0.87593				2
2025.11.27	01:58:32.320	0.87594				2
2025.11.27	01:58:33.656	0.87593	0.87597			6
2025.11.27	01:58:39.165		0.87598			4
2025.11.27	01:58:43.016	0.87594	0.87597			6
2025.11.27	01:58:49.781	0.87593				2
2025.11.27	01:59:00.383	0.87593				2
2025.11.27	01:59:02.671	0.87594				2
2025.11.27	01:59:04.289		0.87598			4
2025.11.27	01:59:25.926	0.87593	0.87597			6
2025.11.27	01:59:29.642	0.87594	0.87598			6
2025.11.27	01:59:36.336		0.87597			4
2025.11.27	01:59:40.205		0.87598			4
2025.11.27	01:59:48.201		0.87597			4
2025.11.27	02:00:00.312	0.87594	0.87598			6
2025.11.27	02:00:01.117	0.87596				2
2025.11.27	02:00:01.418	0.87595	0.87599			6
2025.11.27	02:00:02.455	0.87596	0.87598			6
2025.11.27	02:00:04.962	0.87595				2
2025.11.27	02:00:06.819	0.87597				2
2025.11.27	02:00:08.549	0.87596				2
2025.11.27	02:00:08.859	0.87595				2
2025.11.27	02:00:09.980	0.87596				2
2025.11.27	02:00:13.659		0.87597			4
2025.11.27	02:00:21.832	0.87594	0.87596			6
2025.11.27	02:00:22.285		0.87597			4
2025.11.27	02:00:37.389	0.87595				2
2025.11.27	02:00:40.550	0.87593	0.87595			6
2025.11.27	02:00:40.871	0.87594				2
2025.11.27	02:00:42.086	0.87593				2
2025.11.27	02:00:42.700		0.87594			4
2025.11.27	02:00:43.003		0.87595			4
2025.11.27	02:00:43.820		0.87597			4
2025.11.27	02:00:44.139		0.87595			4
2025.11.27	02:00:44.456	0.87590	0.87594			6
2025.11.27	02:00:45.070	0.87591				2
2025.11.27	02:00:45.376	0.87592				2
2025.11.27	02:00:46.227	0.87591				2
2025.11.27	02:00:47.296	0.87590				2
2025.11.27	02:00:47.749		0.87592			4
2025.11.27	02:00:48.176	0.87591	0.87593			6
2025.11.27	02:00:48.482	0.87592				2
2025.11.27	02:00:49.938	0.87591				2
2025.11.27	02:00:50.387	0.87592				2
2025.11.27	02:00:50.776	0.87593	0.87594			6
2025.11.27	02:00:51.883	0.87592	0.87593			6
2025.11.27	02:00:52.206	0.87591	0.87592			6
2025.11.27	02:00:55.974	0.87592	0.87593			6
2025.11.27	02:00:57.665	0.87593	0.87594			6
2025.11.27	02:01:00.912	0.87592	0.87593			6
2025.11.27	02:01:03.612	0.87591	0.87592			6
2025.11.27	02:01:04.619	0.87592	0.87593			6
2025.11.27	02:01:05.480	0.87591	0.87592			6
2025.11.27	02:01:06.989	0.87592	0.87593			6
2025.11.27	02:01:09.171	0.87591	0.87592			6
2025.11.27	02:01:10.730	0.87592	0.87593			6
2025.11.27	02:01:17.440	0.87591	0.87592			6
2025.11.27	02:01:20.818	0.87592	0.87593			6
2025.11.27	02:01:41.456	0.87591	0.87592			6
2025.11.27	02:01:44.003	0.87589	0.87591			6
2025.11.27	02:01:45.538		0.87590			4
2025.11.27	02:01:49.046		0.87591			4
2025.11.27	02:01:50.340	0.87590				2
2025.11.27	02:01:51.201	0.87589				2
2025.11.27	02:01:54.843	0.87590	0.87592			6
2025.11.27	02:02:00.116	0.87590				2
2025.11.27	02:02:00.764	0.87597	0.87598			6
2025.11.27	02:02:01.083		0.87599			4
2025.11.27	02:02:01.670	0.87598				2
2025.11.27	02:02:02.188	0.87597				2
2025.11.27	02:02:03.272	0.87598	0.87600			6
2025.11.27	02:02:03.977		0.87599			4
2025.11.27	02:02:04.613	0.87597	0.87598			6
2025.11.27	02:02:05.302	0.87594	0.87596			6
2025.11.27	02:02:06.635	0.87592	0.87594			6
2025.11.27	02:02:06.938	0.87590	0.87592			6
2025.11.27	02:02:07.256	0.87591				2
2025.11.27	02:02:07.906		0.87594			4
2025.11.27	02:02:08.208		0.87593			4
2025.11.27	02:02:08.519	0.87590	0.87591			6
2025.11.27	02:02:09.258	0.87591	0.87592			6
2025.11.27	02:02:11.190	0.87590	0.87591			6
2025.11.27	02:02:13.090	0.87591	0.87595			6
2025.11.27	02:02:13.937		0.87594			4
2025.11.27	02:02:14.351		0.87593			4
2025.11.27	02:02:16.860	0.87592				2
2025.11.27	02:02:18.688	0.87591	0.87592			6
2025.11.27	02:02:20.540		0.87593			4
2025.11.27	02:02:20.849	0.87592	0.87594			6
2025.11.27	02:02:21.316		0.87595			4
2025.11.27	02:02:22.418	0.87593				2
2025.11.27	02:02:28.403	0.87594				2
2025.11.27	02:02:32.024	0.87592				2
2025.11.27	02:02:32.822	0.87593				2
2025.11.27	02:02:36.101	0.87594				2
2025.11.27	02:02:42.323		0.87597			4
2025.11.27	02:02:42.667		0.87596			4
2025.11.27	02:02:43.386		0.87597			4
2025.11.27	02:02:48.009	0.87592	0.87595			6
2025.11.27	02:02:49.141	0.87591				2
2025.11.27	02:02:49.444	0.87592				2
2025.11.27	02:02:52.254	0.87593	0.87596			6
2025.11.27	02:02:52.559	0.87592	0.87595			6
2025.11.27	02:02:55.869	0.87593				2
2025.11.27	02:02:57.998		0.87596			4
2025.11.27	02:02:58.371		0.87595			4
2025.11.27	02:02:59.120	0.87590	0.87594			6
2025.11.27	02:03:00.076	0.87592				2
2025.11.27	02:03:01.734	0.87596	0.87598			6
2025.11.27	02:03:04.471		0.87597			4
2025.11.27	02:03:07.121		0.87598			4
2025.11.27	02:03:08.342	0.87594	0.87597			6
2025.11.27	02:03:11.812	0.87596	0.87598			6
2025.11.27	02:03:12.293		0.87597			4
2025.11.27	02:03:13.387	0.87594	0.87596			6
2025.11.27	02:03:14.351	0.87595	0.87598			6
2025.11.27	02:03:14.662		0.87596			4
2025.11.27	02:03:15.388		0.87597			4
2025.11.27	02:03:15.797	0.87593	0.87596			6
2025.11.27	02:03:18.346	0.87594	0.87597			6
2025.11.27	02:03:18.659		0.87596			4
2025.11.27	02:03:19.820	0.87596	0.87598			6
2025.11.27	02:03:20.132		0.87597			4
2025.11.27	02:03:21.923	0.87592	0.87594			6
2025.11.27	02:03:24.117	0.87595	0.87596			6
2025.11.27	02:03:24.794	0.87592	0.87594			6
2025.11.27	02:03:25.751	0.87591				2
2025.11.27	02:03:26.065	0.87590				2
2025.11.27	02:03:29.792	0.87595	0.87597			6
2025.11.27	02:03:30.100	0.87596				2
2025.11.27	02:03:37.363	0.87595				2
2025.11.27	02:03:38.767		0.87596			4
2025.11.27	02:03:39.076		0.87597			4
2025.11.27	02:03:42.095		0.87596			4
2025.11.27	02:03:42.884	0.87594				2
2025.11.27	02:03:43.796		0.87595			4
2025.11.27	02:03:44.163	0.87593				2
2025.11.27	02:03:47.210	0.87595	0.87596			6
2025.11.27	02:04:00.354	0.87595				2
2025.11.27	02:04:03.492	0.87596	0.87597			6
2025.11.27	02:04:04.577	0.87597	0.87598			6
2025.11.27	02:04:22.733	0.87599	0.87600			6
2025.11.27	02:04:27.054	0.87600	0.87601			6
2025.11.27	02:04:29.102	0.87596	0.87600			6
2025.11.27	02:04:30.860	0.87601	0.87602			6
2025.11.27	02:04:40.069	0.87598				2
2025.11.27	02:04:42.319	0.87597				2
2025.11.27	02:04:45.472	0.87599				2
2025.11.27	02:04:48.108	0.87597				2
2025.11.27	02:04:59.988	0.87598	0.87601			6
2025.11.27	02:05:00.303	0.87598				2
2025.11.27	02:05:00.646	0.87597				2
2025.11.27	02:05:01.302	0.87599	0.87602			6
2025.11.27	02:05:02.822		0.87601			4
2025.11.27	02:05:03.871	0.87597				2
2025.11.27	02:05:05.193	0.87598				2
2025.11.27	02:05:06.120	0.87597				2
2025.11.27	02:05:07.877	0.87598				2
2025.11.27	02:05:09.148		0.87600			4
2025.11.27	02:05:10.020	0.87597				2
2025.11.27	02:05:12.006	0.87598	0.87601			6
2025.11.27	02:05:12.817	0.87597	0.87600			6
2025.11.27	02:05:16.829		0.87599			4
2025.11.27	02:05:22.478	0.87596	0.87598			6
2025.11.27	02:05:23.377	0.87595	0.87597			6
2025.11.27	02:05:25.932	0.87596				2
2025.11.27	02:05:34.390	0.87595	0.87596			6
2025.11.27	02:05:41.797	0.87596	0.87597			6
2025.11.27	02:05:42.493	0.87595	0.87596			6
2025.11.27	02:05:52.837	0.87594	0.87597			6
2025.11.27	02:05:53.180	0.87595				2
2025.11.27	02:05:53.499	0.87594	0.87596			6
2025.11.27	02:05:54.575		0.87595			4
2025.11.27	02:05:55.328		0.87597			4
2025.11.27	02:06:00.738	0.87594	0.87596			6
2025.11.27	02:06:06.968		0.87597			4
2025.11.27	02:06:09.838		0.87595			4
2025.11.27	02:06:11.627	0.87595	0.87596			6
2025.11.27	02:06:15.400		0.87597			4
2025.11.27	02:06:17.620	0.87594				2
2025.11.27	02:06:25.247		0.87596			4
2025.11.27	02:06:38.520		0.87597			4
2025.11.27	02:06:41.776		0.87596			4
2025.11.27	02:06:43.548	0.87593				2
2025.11.27	02:06:48.633	0.87594				2
2025.11.27	02:07:00.372	0.87594				2
2025.11.27	02:07:02.011	0.87595				2
2025.11.27	02:07:03.586	0.87594				2
2025.11.27	02:07:08.922		0.87597			4
2025.11.27	02:07:09.325	0.87595				2
2025.11.27	02:07:10.731	0.87594	0.87596			6
2025.11.27	02:07:12.978		0.87597			4
2025.11.27	02:07:19.169	0.87598	0.87599			6
2025.11.27	02:07:19.912		0.87600			4
2025.11.27	02:07:23.577	0.87593	0.87596			6
2025.11.27	02:07:26.106	0.87592				2
2025.11.27	02:07:32.791	0.87593				2
2025.11.27	02:07:39.311	0.87594	0.87597			6
2025.11.27	02:07:39.620	0.87593	0.87596			6
2025.11.27	02:07:41.325		0.87595			4
2025.11.27	02:07:44.808	0.87592	0.87596			6
2025.11.27	02:07:45.126	0.87593				2
2025.11.27	02:07:47.684	0.87592				2
2025.11.27	02:07:48.506	0.87591				2
2025.11.27	02:07:50.140	0.87593				2
2025.11.27	02:07:50.551	0.87591				2
2025.11.27	02:07:52.106	0.87593				2
2025.11.27	02:08:00.415	0.87593				2
2025.11.27	02:08:00.755		0.87595			4
2025.11.27	02:08:01.084	0.87592				2
2025.11.27	02:08:02.205	0.87593	0.87596			6
2025.11.27	02:08:03.776	0.87591	0.87595			6
2025.11.27	02:08:04.078	0.87593				2
2025.11.27	02:08:04.382		0.87596			4
2025.11.27	02:08:05.841		0.87595			4
2025.11.27	02:08:12.823	0.87597	0.87598			6
2025.11.27	02:08:20.296		0.87599			4
2025.11.27	02:08:21.541	0.87596	0.87597			6
2025.11.27	02:08:23.127	0.87595	0.87598			6
2025.11.27	02:08:28.546		0.87597			4
2025.11.27	02:08:38.488		0.87598			4
2025.11.27	02:08:38.971		0.87597			4
2025.11.27	02:08:39.641		0.87598			4
2025.11.27	02:08:40.113	0.87596	0.87597			6
2025.11.27	02:08:54.034	0.87597	0.87598			6
2025.11.27	02:08:56.462	0.87594	0.87597			6
2025.11.27	02:08:56.779	0.87593	0.87596			6
2025.11.27	02:09:00.211	0.87593				2
2025.11.27	02:09:02.479	0.87594				2
2025.11.27	02:09:03.227	0.87595	0.87597			6
2025.11.27	02:09:03.538		0.87598			4
2025.11.27	02:09:04.396		0.87597			4
2025.11.27	02:09:05.710	0.87594				2
2025.11.27	02:09:07.070	0.87595				2
2025.11.27	02:09:15.802	0.87594	0.87596			6
2025.11.27	02:09:19.081		0.87597			4
2025.11.27	02:09:19.657		0.87596			4
2025.11.27	02:09:21.011	0.87593				2
2025.11.27	02:09:24.508	0.87595	0.87597			6
2025.11.27	02:09:25.287		0.87596			4
2025.11.27	02:09:31.181		0.87597			4
2025.11.27	02:09:37.096	0.87596				2
2025.11.27	02:09:39.802	0.87595	0.87596			6
2025.11.27	02:09:40.107	0.87596	0.87597			6
2025.11.27	02:09:41.481	0.87597	0.87598			6
2025.11.27	02:09:41.807	0.87596	0.87597			6
2025.11.27	02:09:42.137		0.87598			4
2025.11.27	02:09:48.138	0.87595	0.87597			6
2025.11.27	02:09:52.431	0.87592	0.87596			6
2025.11.27	02:09:53.281	0.87591				2
2025.11.27	02:09:53.681	0.87593				2
2025.11.27	02:09:59.330	0.87592				2
2025.11.27	02:10:00.399	0.87592				2
2025.11.27	02:10:00.905	0.87594	0.87597			6
2025.11.27	02:10:02.207	0.87595				2
2025.11.27	02:10:02.929	0.87596				2
2025.11.27	02:10:04.707	0.87595				2
2025.11.27	02:10:07.350	0.87594	0.87595			6
2025.11.27	02:10:11.061		0.87596			4
2025.11.27	02:10:12.329		0.87597			4
2025.11.27	02:10:15.340	0.87596	0.87598			6
2025.11.27	02:10:27.256		0.87599			4
2025.11.27	02:10:27.562		0.87598			4
2025.11.27	02:10:27.923		0.87599			4
2025.11.27	02:10:28.267		0.87598			4
2025.11.27	02:10:29.734	0.87595	0.87597			6
2025.11.27	02:10:36.249		0.87598			4
2025.11.27	02:10:36.552		0.87597			4
2025.11.27	02:10:39.267		0.87598			4
2025.11.27	02:10:39.741		0.87597			4
2025.11.27	02:10:41.512	0.87593				2
2025.11.27	02:10:43.266	0.87594				2
2025.11.27	02:10:43.902	0.87593				2
2025.11.27	02:10:46.433		0.87596			4
2025.11.27	02:10:47.867	0.87594				2
2025.11.27	02:10:50.005	0.87593				2
2025.11.27	02:10:54.846	0.87594				2
2025.11.27	02:11:00.019	0.87594				2
2025.11.27	02:11:05.288		0.87597			4
2025.11.27	02:11:07.161		0.87596			4
2025.11.27	02:11:12.496	0.87595	0.87597			6
2025.11.27	02:11:12.877	0.87594				2
2025.11.27	02:11:13.266	0.87595				2
2025.11.27	02:11:15.389	0.87594				2
2025.11.27	02:11:23.875	0.87595				2
2025.11.27	02:11:26.344	0.87594				2
2025.11.27	02:11:28.126	0.87595				2
2025.11.27	02:11:39.386	0.87593				2
2025.11.27	02:11:39.706	0.87594				2
2025.11.27	02:11:41.346		0.87596			4
2025.11.27	02:11:58.623	0.87593	0.87597			6
2025.11.27	02:12:00.634	0.87593				2
2025.11.27	02:12:00.950		0.87596			4
2025.11.27	02:12:01.813	0.87595	0.87597			6
2025.11.27	02:12:02.136		0.87596			4
2025.11.27	02:12:04.659	0.87594				2
2025.11.27	02:12:09.442	0.87593				2
2025.11.27	02:12:14.898	0.87599	0.87602			6
2025.11.27	02:12:15.266	0.87600				2
2025.11.27	02:12:15.570		0.87601			4
2025.11.27	02:12:23.430	0.87599				2
2025.11.27	02:12:26.768	0.87601	0.87603			6
2025.11.27	02:12:28.098	0.87600	0.87601			6
2025.11.27	02:12:28.459		0.87602			4
2025.11.27	02:12:31.321	0.87604	0.87605			6
2025.11.27	02:12:31.636	0.87602	0.87603			6
2025.11.27	02:12:31.939	0.87600	0.87602			6
2025.11.27	02:12:32.292	0.87599				2
2025.11.27	02:12:34.167	0.87602	0.87604			6
2025.11.27	02:12:38.155	0.87598	0.87600			6
2025.11.27	02:12:42.041	0.87600	0.87602			6
2025.11.27	02:12:49.749		0.87601			4
2025.11.27	02:12:52.207	0.87599				2
2025.11.27	02:12:58.655	0.87595	0.87598			6
2025.11.27	02:12:59.471		0.87597			4
2025.11.27	02:13:00.654	0.87596				2
2025.11.27	02:13:10.223	0.87594	0.87596			6
2025.11.27	02:13:10.528	0.87592				2
2025.11.27	02:13:11.315	0.87593	0.87595			6
2025.11.27	02:13:33.237	0.87594	0.87596			6
2025.11.27	02:13:36.226	0.87593	0.87595			6
2025.11.27	02:13:45.393	0.87594				2
2025.11.27	02:13:46.967	0.87591	0.87592			6
2025.11.27	02:13:48.097		0.87594			4
2025.11.27	02:13:49.586		0.87593			4
2025.11.27	02:13:50.128		0.87594			4
2025.11.27	02:13:55.266		0.87593			4
2025.11.27	02:13:55.967		0.87594			4
2025.11.27	02:13:58.454	0.87592				2
2025.11.27	02:14:00.700	0.87592				2
2025.11.27	02:14:01.116		0.87593			4
2025.11.27	02:14:02.650		0.87594			4
2025.11.27	02:14:05.938		0.87593			4
2025.11.27	02:14:07.472		0.87594			4
2025.11.27	02:14:08.897	0.87593	0.87595			6
2025.11.27	02:14:10.078	0.87592				2
2025.11.27	02:14:11.911	0.87593				2
2025.11.27	02:14:14.251		0.87594			4
2025.11.27	02:14:16.142	0.87592	0.87595			6
2025.11.27	02:14:19.411		0.87594			4
2025.11.27	02:14:26.889		0.87593			4
2025.11.27	02:14:32.599	0.87593	0.87595			6
2025.11.27	02:14:49.060	0.87592	0.87594			6
2025.11.27	02:14:53.437		0.87593			4
2025.11.27	02:15:00.305	0.87592				2
2025.11.27	02:15:02.687		0.87594			4
2025.11.27	02:15:03.617		0.87593			4
2025.11.27	02:15:12.198		0.87594			4
2025.11.27	02:15:17.967	0.87593				2
2025.11.27	02:15:26.252		0.87595			4
2025.11.27	02:15:30.880		0.87596			4
2025.11.27	02:15:31.712	0.87592	0.87594			6
2025.11.27	02:15:35.936	0.87594	0.87596			6
2025.11.27	02:15:39.635	0.87593	0.87595			6
2025.11.27	02:16:01.209	0.87593				2
2025.11.27	02:16:05.421		0.87594			4
2025.11.27	02:16:14.028	0.87592				2
2025.11.27	02:16:15.795	0.87596	0.87598			6
2025.11.27	02:16:16.098		0.87597			4
2025.11.27	02:16:16.914		0.87598			4
2025.11.27	02:16:18.449	0.87594	0.87597			6
2025.11.27	02:16:18.760	0.87593	0.87595			6
2025.11.27	02:16:20.082	0.87594				2
2025.11.27	02:16:21.039	0.87595	0.87598			6
2025.11.27	02:16:21.388		0.87597			4
2025.11.27	02:16:21.697		0.87598			4
2025.11.27	02:16:22.651		0.87597			4
2025.11.27	02:16:23.329	0.87590	0.87593			6
2025.11.27	02:16:24.382	0.87591				2
2025.11.27	02:16:28.363	0.87590				2
2025.11.27	02:16:28.894	0.87591				2
2025.11.27	02:16:38.240	0.87590	0.87592			6
2025.11.27	02:16:38.551	0.87591				2
2025.11.27	02:16:39.554	0.87590				2
2025.11.27	02:16:41.441	0.87591				2
2025.11.27	02:16:45.363	0.87589				2
2025.11.27	02:16:45.779	0.87590				2
2025.11.27	02:16:46.677	0.87589	0.87591			6
2025.11.27	02:16:56.848	0.87586	0.87588			6
2025.11.27	02:16:57.919		0.87587			4
2025.11.27	02:16:58.346		0.87588			4
2025.11.27	02:17:00.240	0.87586				2
2025.11.27	02:17:09.900	0.87585				2
2025.11.27	02:17:14.209	0.87586				2
2025.11.27	02:17:16.106	0.87585				2
2025.11.27	02:17:25.997		0.87587			4
2025.11.27	02:17:30.482		0.87588			4
2025.11.27	02:17:31.071	0.87586				2
2025.11.27	02:17:34.274		0.87587			4
2025.11.27	02:17:36.344	0.87585				2
2025.11.27	02:17:44.346	0.87586				2
2025.11.27	02:17:45.481	0.87585				2
2025.11.27	02:17:54.863	0.87586				2
2025.11.27	02:17:56.989	0.87585				2
2025.11.27	02:18:00.627	0.87585	0.87586			6
2025.11.27	02:18:01.001		0.87587			4
2025.11.27	02:18:02.451		0.87586			4
2025.11.27	02:18:12.326	0.87586	0.87587			6
2025.11.27	02:18:12.664		0.87588			4
2025.11.27	02:18:19.525		0.87589			4
2025.11.27	02:18:20.601	0.87587				2
2025.11.27	02:18:21.613	0.87586				2
2025.11.27	02:18:22.644	0.87587				2
2025.11.27	02:18:24.007	0.87586				2
2025.11.27	02:18:25.166	0.87587				2
2025.11.27	02:18:25.849	0.87586				2
2025.11.27	02:18:27.718	0.87587				2
2025.11.27	02:18:28.082	0.87588				2
2025.11.27	02:18:28.567	0.87587				2
2025.11.27	02:18:28.883	0.87588				2
2025.11.27	02:18:30.271	0.87587	0.87590			6
2025.11.27	02:18:30.576	0.87588	0.87589			6
2025.11.27	02:18:30.944	0.87587	0.87588			6
2025.11.27	02:18:33.628	0.87588	0.87589			6
2025.11.27	02:18:36.899	0.87587				2
2025.11.27	02:18:38.200	0.87588				2
2025.11.27	02:18:38.981	0.87587	0.87588			6
2025.11.27	02:18:40.172	0.87588	0.87590			6
2025.11.27	02:18:40.493	0.87587	0.87589			6
2025.11.27	02:18:40.831		0.87590			4
2025.11.27	02:18:43.903	0.87588	0.87592			6
2025.11.27	02:18:44.218	0.87587	0.87590			6
2025.11.27	02:18:49.674	0.87588				2
2025.11.27	02:18:50.013	0.87587				2
2025.11.27	02:18:51.099	0.87589	0.87591			6
2025.11.27	02:18:56.111	0.87588				2
2025.11.27	02:18:56.423	0.87587	0.87590			6
2025.11.27	02:18:56.753	0.87588	0.87591			6
2025.11.27	02:18:58.266		0.87590			4
2025.11.27	02:18:58.762		0.87591			4
2025.11.27	02:18:59.232	0.87587	0.87590			6
2025.11.27	02:19:00.668	0.87588	0.87591			6
2025.11.27	02:19:01.420	0.87590	0.87592			6
2025.11.27	02:19:01.796	0.87588	0.87590			6
2025.11.27	02:19:11.674	0.87589				2
2025.11.27	02:19:14.918	0.87588				2
2025.11.27	02:19:28.846	0.87589				2
2025.11.27	02:19:30.349	0.87588				2
2025.11.27	02:19:30.782		0.87589			4
2025.11.27	02:19:34.258		0.87590			4
2025.11.27	02:19:37.602		0.87589			4
2025.11.27	02:19:59.350	0.87587	0.87588			6
2025.11.27	02:19:59.788	0.87586	0.87587			6
2025.11.27	02:20:00.157	0.87587	0.87588			6
2025.11.27	02:20:00.480	0.87588	0.87589			6
2025.11.27	02:20:05.035	0.87589	0.87590			6
2025.11.27	02:20:05.458	0.87588	0.87589			6
2025.11.27	02:20:11.695		0.87590			4
2025.11.27	02:20:15.422	0.87589				2
2025.11.27	02:20:16.133	0.87588	0.87591			6
2025.11.27	02:20:18.102		0.87590			4
2025.11.27	02:20:18.432		0.87591			4
2025.11.27	02:20:45.277	0.87589	0.87592			6
2025.11.27	02:20:49.275		0.87591			4
2025.11.27	02:20:52.180	0.87588	0.87590			6
2025.11.27	02:21:00.040	0.87588				2
2025.11.27	02:21:02.633	0.87589	0.87591			6
2025.11.27	02:21:07.426	0.87588	0.87590			6
2025.11.27	02:21:18.471		0.87589			4
2025.11.27	02:21:24.751	0.87589	0.87590			6
2025.11.27	02:21:25.776	0.87587	0.87588			6
2025.11.27	02:21:32.030	0.87588	0.87590			6
2025.11.27	02:21:40.929		0.87589			4
2025.11.27	02:21:50.669	0.87586	0.87588			6
2025.11.27	02:21:51.016		0.87587			4
2025.11.27	02:21:54.597	0.87584				2
2025.11.27	02:21:54.901	0.87585				2
2025.11.27	02:21:55.228		0.87586			4
2025.11.27	02:21:55.728		0.87587			4
2025.11.27	02:21:56.561		0.87586			4
2025.11.27	02:22:00.826	0.87586	0.87587			6
2025.11.27	02:22:05.745	0.87589	0.87590			6
2025.11.27	02:22:06.244	0.87588	0.87591			6
2025.11.27	02:22:16.276	0.87589	0.87590			6
2025.11.27	02:22:16.664	0.87588	0.87591			6
2025.11.27	02:22:20.229		0.87592			4
2025.11.27	02:22:24.288	0.87589	0.87591			6
2025.11.27	02:22:24.656	0.87588				2
2025.11.27	02:22:29.933	0.87589				2
2025.11.27	02:22:43.237	0.87587	0.87590			6
2025.11.27	02:22:43.627		0.87588			4
2025.11.27	02:23:00.589	0.87587				2
2025.11.27	02:23:13.576	0.87586	0.87589			6
2025.11.27	02:23:14.327		0.87588			4
2025.11.27	02:23:15.155		0.87589			4
2025.11.27	02:23:15.762	0.87587				2
2025.11.27	02:23:17.398	0.87588	0.87590			6
2025.11.27	02:23:20.367	0.87589				2
2025.11.27	02:23:20.671	0.87588				2
2025.11.27	02:23:27.754	0.87590	0.87591			6
2025.11.27	02:23:29.853	0.87591	0.87592			6
2025.11.27	02:23:35.882	0.87589	0.87590			6
2025.11.27	02:23:36.705	0.87591	0.87592			6
2025.11.27	02:23:48.838	0.87595	0.87596			6
2025.11.27	02:23:50.023	0.87593	0.87595			6
2025.11.27	02:23:50.940	0.87594				2
2025.11.27	02:23:57.540	0.87591	0.87593			6
2025.11.27	02:23:59.468	0.87593	0.87594			6
2025.11.27	02:24:00.215	0.87593				2
2025.11.27	02:24:10.276	0.87592	0.87593			6
2025.11.27	02:24:12.697	0.87593	0.87594			6
2025.11.27	02:24:15.221	0.87590	0.87591			6
2025.11.27	02:24:16.476	0.87591	0.87592			6
2025.11.27	02:24:20.416	0.87590	0.87591			6
2025.11.27	02:24:24.436	0.87589	0.87590			6
2025.11.27	02:24:30.276	0.87588				2
2025.11.27	02:24:30.799	0.87589				2
2025.11.27	02:24:35.661	0.87590	0.87591			6
2025.11.27	02:24:48.752	0.87591	0.87592			6
2025.11.27	02:24:49.065	0.87590	0.87591			6
2025.11.27	02:24:49.402	0.87589				2
2025.11.27	02:24:51.111	0.87590				2
2025.11.27	02:25:00.307	0.87590				2
2025.11.27	02:25:03.573	0.87591	0.87592			6
2025.11.27	02:25:08.791	0.87590	0.87591			6
2025.11.27	02:25:09.395	0.87591	0.87593			6
2025.11.27	02:25:12.735	0.87589	0.87591			6
2025.11.27	02:25:13.675	0.87590				2
2025.11.27	02:25:13.990	0.87589				2
2025.11.27	02:25:15.384	0.87591	0.87592			6
2025.11.27	02:25:15.732	0.87589				2
2025.11.27	02:25:19.724		0.87591			4
2025.11.27	02:25:30.774	0.87591	0.87592			6
2025.11.27	02:25:36.595	0.87590	0.87591			6
2025.11.27	02:25:48.898	0.87589				2
2025.11.27	02:25:49.868	0.87590				2
2025.11.27	02:25:53.172	0.87592	0.87593			6
2025.11.27	02:25:55.237	0.87589	0.87591			6
2025.11.27	02:25:56.892	0.87590				2
2025.11.27	02:25:57.931	0.87589				2
2025.11.27	02:25:59.698	0.87590				2
2025.11.27	02:26:00.022	0.87591	0.87592			6
2025.11.27	02:26:00.627	0.87592	0.87593			6
2025.11.27	02:26:08.641	0.87591	0.87592			6
2025.11.27	02:26:08.961	0.87592	0.87593			6
2025.11.27	02:26:09.695	0.87591	0.87592			6
2025.11.27	02:26:13.276	0.87590	0.87591			6
2025.11.27	02:26:24.837	0.87592	0.87594			6
2025.11.27	02:26:25.138	0.87590	0.87591			6
2025.11.27	02:26:39.666	0.87591	0.87592			6
2025.11.27	02:27:01.797	0.87591				2
2025.11.27	02:27:02.099	0.87592	0.87593			6
2025.11.27	02:27:02.431	0.87591	0.87592			6
2025.11.27	02:27:11.315	0.87590	0.87591			6
2025.11.27	02:27:17.294	0.87589	0.87590			6
2025.11.27	02:27:17.603	0.87588				2
2025.11.27	02:27:17.923	0.87589				2
2025.11.27	02:27:32.346	0.87590	0.87591			6
2025.11.27	02:27:51.118	0.87591	0.87592			6
2025.11.27	02:27:56.375	0.87590	0.87591			6
2025.11.27	02:28:00.612	0.87590				2
2025.11.27	02:28:11.545	0.87591	0.87592			6
2025.11.27	02:28:15.501	0.87592	0.87593			6
2025.11.27	02:28:15.963	0.87593	0.87594			6
2025.11.27	02:28:17.032	0.87592	0.87593			6
2025.11.27	02:28:21.334	0.87591	0.87592			6
2025.11.27	02:28:26.553	0.87592	0.87593			6
2025.11.27	02:28:27.404	0.87593	0.87594			6
2025.11.27	02:28:29.691	0.87592	0.87593			6
2025.11.27	02:28:55.408	0.87593	0.87594			6
2025.11.27	02:29:00.796	0.87593				2
2025.11.27	02:29:06.106	0.87592	0.87593			6
2025.11.27	02:29:14.186		0.87594			4
2025.11.27	02:29:15.382	0.87593				2
2025.11.27	02:29:20.162	0.87591	0.87593			6
2025.11.27	02:29:22.696	0.87590				2
2025.11.27	02:29:24.583	0.87591	0.87594			6
2025.11.27	02:29:25.206		0.87593			4
2025.11.27	02:29:25.545		0.87594			4
2025.11.27	02:29:28.475		0.87593			4
2025.11.27	02:29:30.899	0.87590				2
2025.11.27	02:29:31.214		0.87592			4
2025.11.27	02:29:35.173	0.87589	0.87591			6
2025.11.27	02:29:49.673		0.87592			4
2025.11.27	02:29:50.978	0.87590				2
2025.11.27	02:29:53.088	0.87589	0.87591			6
2025.11.27	02:29:54.198	0.87590	0.87593			6
2025.11.27	02:29:54.691		0.87591			4
2025.11.27	02:29:57.179		0.87592			4
2025.11.27	02:30:00.555	0.87590	0.87591			6
2025.11.27	02:30:01.274		0.87592			4
2025.11.27	02:30:02.488		0.87591			4
2025.11.27	02:30:07.473	0.87587	0.87590			6
2025.11.27	02:30:08.731	0.87588				2
2025.11.27	02:30:09.081	0.87589				2
2025.11.27	02:30:09.595		0.87591			4
2025.11.27	02:30:10.207	0.87588				2
2025.11.27	02:30:10.511		0.87590			4
2025.11.27	02:30:26.886		0.87589			4
2025.11.27	02:30:27.195	0.87587				2
2025.11.27	02:30:34.501		0.87588			4
2025.11.27	02:31:00.887	0.87587				2
2025.11.27	02:31:07.919	0.87588	0.87589			6
2025.11.27	02:31:15.346	0.87587	0.87591			6
2025.11.27	02:31:15.881	0.87588	0.87590			6
2025.11.27	02:31:16.504	0.87587				2
2025.11.27	02:31:19.144	0.87588	0.87591			6
2025.11.27	02:31:19.827		0.87590			4
2025.11.27	02:31:39.627		0.87591			4
2025.11.27	02:31:48.475	0.87586	0.87589			6
2025.11.27	02:31:48.783	0.87587				2
2025.11.27	02:31:56.441	0.87586	0.87587			6
2025.11.27	02:32:00.612	0.87586				2
2025.11.27	02:32:02.951		0.87588			4
2025.11.27	02:32:03.572		0.87587			4
2025.11.27	02:32:11.973		0.87589			4
2025.11.27	02:32:14.488	0.87587	0.87588			6
2025.11.27	02:32:15.167	0.87586	0.87587			6
2025.11.27	02:32:19.313	0.87584	0.87586			6
2025.11.27	02:32:20.195	0.87585				2
2025.11.27	02:32:20.592	0.87584				2
2025.11.27	02:32:23.040	0.87585				2
2025.11.27	02:32:23.790	0.87584	0.87585			6
2025.11.27	02:32:31.464	0.87585	0.87586			6
2025.11.27	02:32:35.561	0.87584				2
2025.11.27	02:32:40.837		0.87587			4
2025.11.27	02:32:41.477		0.87586			4
2025.11.27	02:32:43.742		0.87585			4
2025.11.27	02:32:51.305		0.87586			4
2025.11.27	02:32:51.718	0.87585				2
2025.11.27	02:32:58.532	0.87584	0.87585			6
2025.11.27	02:33:00.316	0.87584				2
2025.11.27	02:33:00.620	0.87583				2
2025.11.27	02:33:01.373	0.87584				2
2025.11.27	02:33:01.679	0.87583				2
2025.11.27	02:33:01.999	0.87584				2
2025.11.27	02:33:06.602	0.87583				2
2025.11.27	02:33:22.357	0.87584	0.87586			6
2025.11.27	02:33:22.736		0.87585			4
2025.11.27	02:33:24.298	0.87583				2
2025.11.27	02:33:38.847	0.87584				2
2025.11.27	02:33:45.250	0.87583				2
2025.11.27	02:33:48.572	0.87584				2
2025.11.27	02:33:54.773	0.87583				2
2025.11.27	02:33:55.080	0.87584				2
2025.11.27	02:34:00.147	0.87583				2
2025.11.27	02:34:00.610	0.87584				2
2025.11.27	02:34:01.638		0.87586			4
2025.11.27	02:34:01.960		0.87585			4
2025.11.27	02:34:04.506	0.87585	0.87586			6
2025.11.27	02:34:05.487	0.87584				2
2025.11.27	02:34:11.681		0.87585			4
2025.11.27	02:34:15.364	0.87585	0.87586			6
2025.11.27	02:34:21.030	0.87584	0.87585			6
2025.11.27	02:34:29.638		0.87586			4
2025.11.27	02:34:30.375		0.87585			4
2025.11.27	02:34:34.731	0.87583	0.87584			6
2025.11.27	02:34:35.064		0.87585			4
2025.11.27	02:34:36.096		0.87584			4
2025.11.27	02:34:36.443		0.87585			4
2025.11.27	02:34:39.442	0.87584				2
2025.11.27	02:34:39.757	0.87585	0.87586			6
2025.11.27	02:34:40.063	0.87584	0.87585			6
2025.11.27	02:34:41.762	0.87583				2
2025.11.27	02:34:44.261	0.87584				2
2025.11.27	02:34:45.581		0.87587			4
2025.11.27	02:34:46.218	0.87585	0.87588			6
2025.11.27	02:34:46.615	0.87584				2
2025.11.27	02:34:47.772	0.87585	0.87587			6
2025.11.27	02:34:48.465		0.87588			4
2025.11.27	02:34:48.814		0.87587			4
2025.11.27	02:34:49.193		0.87588			4
2025.11.27	02:35:00.313	0.87585				2
2025.11.27	02:35:03.721	0.87586				2
2025.11.27	02:35:04.451	0.87585				2
2025.11.27	02:35:06.136		0.87587			4
2025.11.27	02:35:06.702		0.87588			4
2025.11.27	02:35:07.398	0.87586	0.87587			6
2025.11.27	02:35:08.069	0.87585				2
2025.11.27	02:35:16.657		0.87586			4
2025.11.27	02:35:19.970	0.87584				2
2025.11.27	02:35:27.312	0.87583				2
2025.11.27	02:35:27.847	0.87584				2
2025.11.27	02:35:32.546		0.87587			4
2025.11.27	02:35:33.756		0.87586			4
2025.11.27	02:35:43.092	0.87583	0.87585			6
2025.11.27	02:35:45.368		0.87584			4
2025.11.27	02:35:49.443	0.87582				2
2025.11.27	02:35:55.288		0.87583			4
2025.11.27	02:35:57.561	0.87581				2
2025.11.27	02:35:59.916	0.87582				2
2025.11.27	02:36:00.692	0.87581				2
2025.11.27	02:36:01.490	0.87582				2
2025.11.27	02:36:02.730	0.87581				2
2025.11.27	02:36:03.202	0.87582				2
2025.11.27	02:36:09.657	0.87581				2
2025.11.27	02:36:10.950		0.87582			4
2025.11.27	02:36:11.282		0.87583			4
2025.11.27	02:36:12.585	0.87584	0.87585			6
2025.11.27	02:36:12.986	0.87583	0.87584			6
2025.11.27	02:36:13.301	0.87585	0.87586			6
2025.11.27	02:36:13.602	0.87584	0.87585			6
2025.11.27	02:36:14.701	0.87585	0.87586			6
2025.11.27	02:36:15.024	0.87584	0.87585			6
2025.11.27	02:36:15.404	0.87585	0.87586			6
2025.11.27	02:36:15.732	0.87584	0.87585			6
2025.11.27	02:36:18.462	0.87582	0.87584			6
2025.11.27	02:36:18.830	0.87583				2
2025.11.27	02:36:33.361	0.87584	0.87585			6
2025.11.27	02:36:34.976	0.87583				2
2025.11.27	02:36:36.190	0.87584	0.87586			6
2025.11.27	02:36:49.332		0.87585			4
2025.11.27	02:36:58.703		0.87586			4
2025.11.27	02:37:00.688	0.87584				2
2025.11.27	02:37:15.484	0.87585				2
2025.11.27	02:37:16.857	0.87584				2
2025.11.27	02:37:21.466	0.87585				2
2025.11.27	02:37:25.219	0.87586	0.87587			6
2025.11.27	02:37:25.536	0.87584	0.87586			6
2025.11.27	02:37:29.056	0.87586	0.87589			6
2025.11.27	02:37:29.359	0.87585	0.87588			6
2025.11.27	02:38:03.561	0.87586	0.87589			6
2025.11.27	02:38:05.497		0.87588			4
2025.11.27	02:38:18.250	0.87584				2
2025.11.27	02:38:18.617	0.87586				2
2025.11.27	02:38:22.530	0.87585				2
2025.11.27	02:38:24.107	0.87584				2
2025.11.27	02:38:28.122	0.87585				2
2025.11.27	02:38:45.379	0.87584	0.87586			6
2025.11.27	02:38:46.475	0.87585				2
2025.11.27	02:39:03.616	0.87585				2
2025.11.27	02:39:08.494	0.87587	0.87588			6
2025.11.27	02:39:08.800	0.87588	0.87589			6
2025.11.27	02:39:09.247		0.87590			4
2025.11.27	02:39:09.836		0.87589			4
2025.11.27	02:39:25.751	0.87589	0.87590			6
2025.11.27	02:39:26.076	0.87588	0.87589			6
2025.11.27	02:39:27.054	0.87589	0.87590			6
2025.11.27	02:39:27.361	0.87588	0.87589			6
2025.11.27	02:39:32.438	0.87587				2
2025.11.27	02:39:32.763	0.87588				2
2025.11.27	02:39:33.412	0.87589	0.87590			6
2025.11.27	02:39:39.376	0.87588				2
2025.11.27	02:39:39.688		0.87589			4
2025.11.27	02:39:40.503		0.87590			4
2025.11.27	02:39:41.198		0.87589			4
2025.11.27	02:39:41.864		0.87590			4
2025.11.27	02:39:43.834	0.87589				2
2025.11.27	02:39:45.433	0.87588				2
2025.11.27	02:39:51.402	0.87589				2
2025.11.27	02:40:00.756	0.87589				2
2025.11.27	02:40:03.173	0.87590	0.87591			6
2025.11.27	02:40:03.901	0.87589	0.87590			6
2025.11.27	02:40:14.502	0.87588	0.87589			6
2025.11.27	02:40:14.974	0.87589	0.87590			6
2025.11.27	02:40:15.372	0.87586	0.87587			6
2025.11.27	02:40:16.456	0.87587	0.87588			6
2025.11.27	02:40:16.760	0.87585	0.87589			6
2025.11.27	02:40:17.176		0.87588			4
2025.11.27	02:40:19.093		0.87589			4
2025.11.27	02:40:19.983		0.87588			4
2025.11.27	02:40:20.491	0.87588	0.87589			6
2025.11.27	02:40:21.973	0.87587	0.87588			6
2025.11.27	02:40:22.320	0.87588	0.87589			6
2025.11.27	02:40:23.142	0.87587	0.87588			6
2025.11.27	02:40:25.575	0.87586	0.87587			6
2025.11.27	02:40:28.052	0.87585	0.87586			6
2025.11.27	02:40:28.386	0.87586	0.87587			6
2025.11.27	02:40:28.743	0.87585	0.87586			6
2025.11.27	02:40:29.503	0.87584	0.87585			6
2025.11.27	02:40:31.148	0.87583				2
2025.11.27	02:40:36.217	0.87584				2
2025.11.27	02:40:37.932	0.87583				2
2025.11.27	02:40:38.571	0.87584				2
2025.11.27	02:40:44.446	0.87583				2
2025.11.27	02:40:44.798	0.87584				2
2025.11.27	02:40:48.767	0.87586	0.87587			6
2025.11.27	02:40:49.365	0.87585	0.87586			6
2025.11.27	02:40:50.207	0.87586	0.87587			6
2025.11.27	02:40:50.671	0.87585	0.87586			6
2025.11.27	02:40:52.461	0.87584	0.87585			6
2025.11.27	02:40:52.871	0.87586	0.87587			6
2025.11.27	02:40:53.584	0.87584	0.87585			6
2025.11.27	02:40:55.935	0.87586	0.87587			6
2025.11.27	02:40:56.280	0.87585	0.87586			6
2025.11.27	02:40:59.653	0.87586	0.87587			6
2025.11.27	02:41:00.318	0.87586				2
2025.11.27	02:41:05.340	0.87585	0.87586			6
2025.11.27	02:41:24.931	0.87586	0.87587			6
2025.11.27	02:41:25.258	0.87583	0.87585			6
2025.11.27	02:41:25.631	0.87585	0.87586			6
2025.11.27	02:41:26.350	0.87586	0.87587			6
2025.11.27	02:41:26.976	0.87585	0.87586			6
2025.11.27	02:41:32.501		0.87587			4
2025.11.27	02:41:34.494		0.87586			4
2025.11.27	02:41:34.816	0.87584	0.87587			6
2025.11.27	02:41:35.141	0.87586				2
2025.11.27	02:41:35.455	0.87585	0.87586			6
2025.11.27	02:41:35.771	0.87586	0.87587			6
2025.11.27	02:41:36.928	0.87585	0.87586			6
2025.11.27	02:41:37.230	0.87586	0.87587			6
2025.11.27	02:41:37.861	0.87585				2
2025.11.27	02:41:38.197	0.87586				2
2025.11.27	02:41:42.468	0.87585	0.87586			6
2025.11.27	02:41:42.897	0.87586	0.87587			6
2025.11.27	02:42:00.332	0.87586				2
2025.11.27	02:42:01.108	0.87587	0.87588			6
2025.11.27	02:42:07.275	0.87586	0.87587			6
2025.11.27	02:42:09.182	0.87587	0.87588			6
2025.11.27	02:42:11.878	0.87586	0.87587			6
2025.11.27	02:42:17.972	0.87585				2
2025.11.27	02:42:18.563	0.87587	0.87588			6
2025.11.27	02:42:19.267	0.87586	0.87587			6
2025.11.27	02:42:21.939	0.87587	0.87588			6
2025.11.27	02:42:23.374	0.87586	0.87587			6
2025.11.27	02:42:23.680	0.87587	0.87588			6
2025.11.27	02:42:23.983	0.87586				2
2025.11.27	02:42:25.005	0.87587				2
2025.11.27	02:42:32.961	0.87586	0.87587			6
2025.11.27	02:42:33.796		0.87588			4
2025.11.27	02:42:34.887		0.87587			4
2025.11.27	02:42:38.337	0.87587	0.87588			6
2025.11.27	02:42:39.401	0.87586				2
2025.11.27	02:42:40.003		0.87587			4
2025.11.27	02:42:42.109		0.87588			4
2025.11.27	02:42:42.426	0.87587				2
2025.11.27	02:42:42.747	0.87586	0.87587			6
2025.11.27	02:42:46.221	0.87587	0.87588			6
2025.11.27	02:42:48.076	0.87586	0.87587			6
2025.11.27	02:43:00.314	0.87586				2
2025.11.27	02:43:04.923	0.87587	0.87588			6
2025.11.27	02:43:06.196	0.87586	0.87587			6
2025.11.27	02:43:06.502	0.87587	0.87588			6
2025.11.27	02:43:09.349	0.87586				2
2025.11.27	02:43:11.816	0.87587				2
2025.11.27	02:43:13.105	0.87586				2
2025.11.27	02:43:13.558	0.87587				2
2025.11.27	02:43:22.401	0.87586	0.87587			6
2025.11.27	02:43:24.763	0.87587	0.87588			6
2025.11.27	02:43:33.466	0.87586				2
2025.11.27	02:43:33.915	0.87587				2
2025.11.27	02:43:39.878	0.87586				2
2025.11.27	02:43:40.182	0.87587				2
2025.11.27	02:43:50.695	0.87588	0.87589			6
2025.11.27	02:43:50.999	0.87587				2
2025.11.27	02:43:51.316	0.87588				2
2025.11.27	02:43:51.758		0.87590			4
2025.11.27	02:43:54.412	0.87587	0.87588			6
2025.11.27	02:44:00.172	0.87587				2
2025.11.27	02:44:00.777		0.87589			4
2025.11.27	02:44:02.576		0.87588			4
2025.11.27	02:44:10.834	0.87586				2
2025.11.27	02:44:11.605	0.87587				2
2025.11.27	02:44:11.915		0.87589			4
2025.11.27	02:44:12.219		0.87588			4
2025.11.27	02:44:12.746	0.87588	0.87589			6
2025.11.27	02:44:15.378	0.87587	0.87588			6
2025.11.27	02:44:15.742	0.87588	0.87589			6
2025.11.27	02:44:23.054		0.87590			4
2025.11.27	02:44:23.436		0.87589			4
2025.11.27	02:44:30.088	0.87589	0.87590			6
2025.11.27	02:44:32.537	0.87588				2
2025.11.27	02:44:32.845	0.87590	0.87591			6
2025.11.27	02:44:38.276	0.87588	0.87589			6
2025.11.27	02:44:42.451	0.87589	0.87590			6
2025.11.27	02:44:42.795	0.87588	0.87589			6
2025.11.27	02:44:43.408	0.87589	0.87590			6
2025.11.27	02:44:44.672	0.87588	0.87589			6
2025.11.27	02:44:46.308	0.87589	0.87590			6
2025.11.27	02:44:46.620	0.87587	0.87588			6
2025.11.27	02:44:50.242	0.87588	0.87589			6
2025.11.27	02:44:50.561	0.87587	0.87588			6
2025.11.27	02:44:53.811	0.87588	0.87589			6
2025.11.27	02:44:54.252	0.87587	0.87588			6
2025.11.27	02:44:57.303	0.87588	0.87589			6
2025.11.27	02:45:00.316	0.87588				2
2025.11.27	02:45:00.973	0.87587	0.87588			6
2025.11.27	02:45:01.407	0.87588	0.87589			6
2025.11.27	02:45:01.758	0.87587	0.87588			6
2025.11.27	02:45:02.140	0.87588	0.87589			6
2025.11.27	02:45:27.386		0.87590			4
2025.11.27	02:45:29.074		0.87589			4
2025.11.27	02:45:29.385		0.87590			4
2025.11.27	02:45:30.261		0.87589			4
2025.11.27	02:45:41.267	0.87589	0.87590			6
2025.11.27	02:45:46.275	0.87588	0.87589			6
2025.11.27	02:45:47.600	0.87589	0.87591			6
2025.11.27	02:45:49.006		0.87590			4
2025.11.27	02:45:52.517	0.87588	0.87589			6
2025.11.27	02:45:52.820	0.87586	0.87588			6
2025.11.27	02:45:53.167	0.87587	0.87589			6
2025.11.27	02:45:53.716		0.87588			4
2025.11.27	02:46:00.310	0.87587				2
2025.11.27	02:46:09.717	0.87586	0.87587			6
2025.11.27	02:46:10.727	0.87587	0.87588			6
2025.11.27	02:46:11.179	0.87584	0.87586			6
2025.11.27	02:46:11.512		0.87585			4
2025.11.27	02:46:12.760	0.87585	0.87586			6
2025.11.27	02:46:16.103	0.87584	0.87585			6
2025.11.27	02:46:16.924	0.87585	0.87586			6
2025.11.27	02:46:17.239	0.87584	0.87585			6
2025.11.27	02:46:18.746	0.87583				2
2025.11.27	02:46:19.112	0.87584				2
2025.11.27	02:46:19.821		0.87586			4
2025.11.27	02:46:20.318		0.87585			4
2025.11.27	02:46:20.824	0.87583				2
2025.11.27	02:46:22.296		0.87586			4
2025.11.27	02:46:22.846		0.87585			4
2025.11.27	02:46:23.180	0.87584	0.87586			6
2025.11.27	02:46:24.745		0.87585			4
2025.11.27	02:46:25.343		0.87586			4
2025.11.27	02:46:26.156	0.87586	0.87587			6
2025.11.27	02:46:29.370	0.87587	0.87588			6
2025.11.27	02:46:30.569	0.87585	0.87586			6
2025.11.27	02:46:32.908		0.87588			4
2025.11.27	02:46:33.283	0.87584	0.87586			6
2025.11.27	02:46:35.108		0.87585			4
2025.11.27	02:46:37.634		0.87586			4
2025.11.27	02:46:37.941		0.87589			4
2025.11.27	02:46:39.093		0.87588			4
2025.11.27	02:46:39.399		0.87587			4
2025.11.27	02:46:39.719	0.87583	0.87586			6
2025.11.27	02:46:40.758		0.87585			4
2025.11.27	02:46:44.928	0.87584	0.87586			6
2025.11.27	02:46:45.332		0.87585			4
2025.11.27	02:46:57.208	0.87585	0.87586			6
2025.11.27	02:46:58.434	0.87584	0.87588			6
2025.11.27	02:46:58.739	0.87585	0.87586			6
2025.11.27	02:47:00.357	0.87585				2
2025.11.27	02:47:00.663	0.87584				2
2025.11.27	02:47:07.884	0.87585				2
2025.11.27	02:47:08.705	0.87584				2
2025.11.27	02:47:11.389	0.87586	0.87588			6
2025.11.27	02:47:12.405	0.87587				2
2025.11.27	02:47:13.704	0.87586				2
2025.11.27	02:47:15.378		0.87587			4
2025.11.27	02:47:17.202		0.87588			4
2025.11.27	02:47:17.542		0.87587			4
2025.11.27	02:47:24.598	0.87585	0.87586			6
2025.11.27	02:47:26.374	0.87586	0.87587			6
2025.11.27	02:47:26.899	0.87585	0.87586			6
2025.11.27	02:47:30.027	0.87586	0.87587			6
2025.11.27	02:47:40.454	0.87585	0.87586			6
2025.11.27	02:47:42.150	0.87584	0.87585			6
2025.11.27	02:47:43.349	0.87583				2
2025.11.27	02:47:43.658	0.87584				2
2025.11.27	02:47:46.471	0.87583				2
2025.11.27	02:47:47.371	0.87585	0.87586			6
2025.11.27	02:47:55.498	0.87583	0.87585			6
2025.11.27	02:48:00.687	0.87583				2
2025.11.27	02:48:06.458	0.87584				2
2025.11.27	02:48:06.912	0.87585	0.87586			6
2025.11.27	02:48:15.403	0.87584	0.87585			6
2025.11.27	02:48:15.886	0.87583				2
2025.11.27	02:48:32.485	0.87582	0.87584			6
2025.11.27	02:48:56.500	0.87581	0.87583			6
2025.11.27	02:49:00.160	0.87581				2
2025.11.27	02:49:29.898		0.87582			4
2025.11.27	02:49:34.018	0.87580	0.87581			6
2025.11.27	02:50:00.418	0.87578	0.87580			6
2025.11.27	02:50:01.113	0.87580	0.87581			6
2025.11.27	02:50:06.413	0.87579	0.87580			6
2025.11.27	02:50:06.827	0.87580	0.87581			6
2025.11.27	02:50:07.169	0.87579	0.87580			6
2025.11.27	02:50:07.612	0.87580	0.87581			6
2025.11.27	02:50:08.569	0.87579	0.87580			6
2025.11.27	02:50:08.912	0.87580	0.87581			6
2025.11.27	02:50:11.838	0.87579	0.87580			6
2025.11.27	02:50:12.141	0.87580	0.87581			6
2025.11.27	02:50:13.500	0.87581	0.87582			6
2025.11.27	02:50:20.425	0.87580	0.87581			6
2025.11.27	02:50:41.999	0.87581	0.87582			6
2025.11.27	02:50:45.412	0.87580	0.87581			6
2025.11.27	02:50:48.200	0.87581	0.87582			6
2025.11.27	02:50:49.257	0.87580	0.87581			6
2025.11.27	02:50:52.724	0.87581	0.87582			6
2025.11.27	02:50:57.518	0.87580	0.87581			6
2025.11.27	02:51:00.360	0.87580				2
2025.11.27	02:51:01.241	0.87581	0.87582			6
2025.11.27	02:51:01.880	0.87580	0.87581			6
2025.11.27	02:51:02.577	0.87581	0.87582			6
2025.11.27	02:51:32.722	0.87580	0.87581			6
2025.11.27	02:51:37.700	0.87578	0.87580			6
2025.11.27	02:51:38.054	0.87579				2
2025.11.27	02:51:45.098	0.87580	0.87581			6
2025.11.27	02:51:45.402	0.87579	0.87580			6
2025.11.27	02:51:45.860		0.87581			4
2025.11.27	02:51:46.354	0.87580				2
2025.11.27	02:51:46.663	0.87581	0.87582			6
2025.11.27	02:51:46.981	0.87579	0.87580			6
2025.11.27	02:51:47.293	0.87578				2
2025.11.27	02:51:48.778	0.87579				2
2025.11.27	02:51:49.632	0.87580	0.87581			6
2025.11.27	02:51:50.010	0.87579	0.87580			6
2025.11.27	02:51:50.861		0.87581			4
2025.11.27	02:51:52.350	0.87580				2
2025.11.27	02:51:53.474	0.87579				2
2025.11.27	02:51:58.366		0.87580			4
2025.11.27	02:51:58.729	0.87580	0.87581			6
2025.11.27	02:52:00.085	0.87580				2
2025.11.27	02:52:01.719	0.87579				2
2025.11.27	02:52:02.323	0.87580				2
2025.11.27	02:52:06.078		0.87582			4
2025.11.27	02:52:06.483		0.87581			4
2025.11.27	02:52:06.936	0.87581	0.87582			6
2025.11.27	02:52:07.323		0.87583			4
2025.11.27	02:52:08.153	0.87580	0.87582			6
2025.11.27	02:52:08.507	0.87579	0.87581			6
2025.11.27	02:52:08.867	0.87580				2
2025.11.27	02:52:09.899	0.87581	0.87583			6
2025.11.27	02:52:10.207	0.87580	0.87582			6
2025.11.27	02:52:12.876	0.87581				2
2025.11.27	02:52:14.129	0.87580	0.87581			6
2025.11.27	02:52:14.662	0.87581	0.87582			6
2025.11.27	02:52:19.717	0.87582	0.87583			6
2025.11.27	02:52:20.856	0.87581	0.87582			6
2025.11.27	02:52:23.757	0.87582	0.87583			6
2025.11.27	02:52:24.058	0.87583	0.87584			6
2025.11.27	02:52:30.612	0.87585	0.87587			6
2025.11.27	02:52:32.680		0.87586			4
2025.11.27	02:52:36.450	0.87584	0.87585			6
2025.11.27	02:52:50.673	0.87583				2
2025.11.27	02:52:52.215	0.87584				2
2025.11.27	02:52:55.407		0.87586			4
2025.11.27	02:52:55.716		0.87585			4
2025.11.27	02:52:56.112		0.87586			4
2025.11.27	02:52:58.575		0.87585			4
2025.11.27	02:52:59.745		0.87586			4
2025.11.27	02:53:00.465	0.87584				2
2025.11.27	02:53:07.397	0.87583				2
2025.11.27	02:53:08.527		0.87585			4
2025.11.27	02:53:09.066		0.87586			4
2025.11.27	02:53:10.340		0.87585			4
2025.11.27	02:53:11.014	0.87582				2
2025.11.27	02:53:11.887	0.87583				2
2025.11.27	02:53:17.906		0.87584			4
2025.11.27	02:53:22.327		0.87585			4
2025.11.27	02:53:23.046	0.87584	0.87586			6
2025.11.27	02:53:23.853	0.87583				2
2025.11.27	02:53:25.122		0.87585			4
2025.11.27	02:53:25.473		0.87586			4
2025.11.27	02:53:25.810	0.87582	0.87585			6
2025.11.27	02:53:28.644	0.87583	0.87586			6
2025.11.27	02:53:30.174	0.87584				2
2025.11.27	02:53:31.894		0.87587			4
2025.11.27	02:53:36.412		0.87586			4
2025.11.27	02:53:36.736	0.87585				2
2025.11.27	02:53:37.122	0.87584				2
2025.11.27	02:53:39.017	0.87586	0.87587			6
2025.11.27	02:53:39.332	0.87585				2
2025.11.27	02:53:42.944	0.87586				2
2025.11.27	02:53:43.250	0.87584	0.87586			6
2025.11.27	02:53:43.988	0.87583				2
2025.11.27	02:53:45.062	0.87584				2
2025.11.27	02:53:45.364	0.87583				2
2025.11.27	02:53:46.356	0.87584				2
2025.11.27	02:53:47.372	0.87583				2
2025.11.27	02:53:49.453	0.87584				2
2025.11.27	02:53:50.212		0.87587			4
2025.11.27	02:53:52.272		0.87586			4
2025.11.27	02:53:52.806		0.87587			4
2025.11.27	02:53:53.721	0.87582	0.87585			6
2025.11.27	02:53:54.213	0.87583	0.87584			6
2025.11.27	02:53:54.518	0.87582	0.87585			6
2025.11.27	02:53:54.831		0.87584			4
2025.11.27	02:53:55.964	0.87583				2
2025.11.27	02:53:56.475		0.87585			4
2025.11.27	02:53:56.817		0.87584			4
2025.11.27	02:53:57.796	0.87582				2
2025.11.27	02:53:58.488		0.87583			4
2025.11.27	02:53:59.807		0.87585			4
2025.11.27	02:54:00.240	0.87582				2
2025.11.27	02:54:01.546	0.87583				2
2025.11.27	02:54:01.857	0.87582				2
2025.11.27	02:54:02.676	0.87583				2
2025.11.27	02:54:03.432		0.87586			4
2025.11.27	02:54:04.622	0.87582	0.87584			6
2025.11.27	02:54:07.392	0.87583				2
2025.11.27	02:54:07.724	0.87582				2
2025.11.27	02:54:10.530	0.87581	0.87583			6
2025.11.27	02:54:13.428		0.87585			4
2025.11.27	02:54:14.109		0.87584			4
2025.11.27	02:54:16.594	0.87582				2
2025.11.27	02:54:17.901	0.87581				2
2025.11.27	02:54:18.350		0.87585			4
2025.11.27	02:54:18.754		0.87584			4
2025.11.27	02:54:19.781	0.87582	0.87585			6
2025.11.27	02:54:20.103	0.87583	0.87586			6
2025.11.27	02:54:20.415	0.87582	0.87585			6
2025.11.27	02:54:22.423	0.87581				2
2025.11.27	02:54:24.318	0.87582	0.87586			6
2025.11.27	02:54:24.767	0.87583				2
2025.11.27	02:54:25.100	0.87582	0.87585			6
2025.11.27	02:54:26.159		0.87586			4
2025.11.27	02:54:26.510		0.87585			4
2025.11.27	02:54:27.414	0.87583	0.87586			6
2025.11.27	02:54:28.399		0.87585			4
2025.11.27	02:54:29.532	0.87582	0.87584			6
2025.11.27	02:54:30.244	0.87581				2
2025.11.27	02:54:32.438	0.87582				2
2025.11.27	02:54:34.174	0.87583				2
2025.11.27	02:54:35.591		0.87585			4
2025.11.27	02:54:37.632		0.87584			4
2025.11.27	02:54:37.941	0.87584	0.87585			6
2025.11.27	02:54:38.736		0.87586			4
2025.11.27	02:54:39.037	0.87583				2
2025.11.27	02:54:40.150		0.87585			4
2025.11.27	02:54:42.715		0.87586			4
2025.11.27	02:54:43.020		0.87585			4
2025.11.27	02:54:47.538	0.87584	0.87586			6
2025.11.27	02:54:47.847		0.87587			4
2025.11.27	02:54:48.176	0.87581	0.87584			6
2025.11.27	02:54:48.479	0.87582	0.87583			6
2025.11.27	02:54:48.831		0.87584			4
2025.11.27	02:54:49.138		0.87583			4
2025.11.27	02:54:49.442	0.87583	0.87584			6
2025.11.27	02:54:50.212	0.87582	0.87583			6
2025.11.27	02:54:51.523	0.87580	0.87582			6
2025.11.27	02:54:52.155	0.87583	0.87584			6
2025.11.27	02:54:54.496	0.87581	0.87582			6
2025.11.27	02:54:55.381	0.87580	0.87581			6
2025.11.27	02:54:56.852	0.87579	0.87580			6
2025.11.27	02:54:59.461	0.87581	0.87582			6
2025.11.27	02:55:00.166	0.87580	0.87584			6
2025.11.27	02:55:00.481		0.87581			4
2025.11.27	02:55:00.811	0.87581	0.87582			6
2025.11.27	02:55:01.429	0.87580	0.87581			6
2025.11.27	02:55:02.369	0.87581	0.87582			6
2025.11.27	02:55:02.691	0.87580	0.87581			6
2025.11.27	02:55:05.640	0.87578				2
2025.11.27	02:55:06.074	0.87580				2
2025.11.27	02:55:06.420	0.87579	0.87583			6
2025.11.27	02:55:06.760	0.87580	0.87582			6
2025.11.27	02:55:07.910		0.87583			4
2025.11.27	02:55:08.341	0.87579	0.87582			6
2025.11.27	02:55:08.805	0.87580				2
2025.11.27	02:55:09.643		0.87583			4
2025.11.27	02:55:10.313	0.87579	0.87582			6
2025.11.27	02:55:12.587		0.87581			4
2025.11.27	02:55:13.034		0.87582			4
2025.11.27	02:55:13.706	0.87580	0.87583			6
2025.11.27	02:55:14.729	0.87581	0.87582			6
2025.11.27	02:55:15.517	0.87580	0.87581			6
2025.11.27	02:55:16.583	0.87579	0.87580			6
2025.11.27	02:55:18.700	0.87578	0.87579			6
