<DATE>	<TIME>	<BID>	<ASK>	<LAST>	<VOLUME>	<FLAGS>
2025.02.03	00:00:00.167	0.83183	0.83371			6
2025.02.03	00:00:00.537	0.83176				2
2025.02.03	00:00:00.861	0.83175				2
2025.02.03	00:00:01.161	0.83176				2
2025.02.03	00:00:01.467	0.83140	0.83344			6
2025.02.03	00:00:01.770	0.83147	0.83351			6
2025.02.03	00:00:04.194	0.83140	0.83344			6
2025.02.03	00:00:05.708	0.83148	0.83352			6
2025.02.03	00:00:06.011	0.83158	0.83362			6
2025.02.03	00:00:07.221	0.83162	0.83366			6
2025.02.03	00:00:07.826	0.83148	0.83352			6
2025.02.03	00:00:09.641	0.83150	0.83354			6
2025.02.03	00:00:11.858	0.83157	0.83361			6
2025.02.03	00:00:15.585	0.83145	0.83349			6
2025.02.03	00:00:15.952	0.83140	0.83344			6
2025.02.03	00:00:16.901	0.83147	0.83351			6
2025.02.03	00:00:23.252	0.83143	0.83347			6
2025.02.03	00:00:25.975	0.83139	0.83343			6
2025.02.03	00:00:26.881	0.83138	0.83342			6
2025.02.03	00:00:28.092	0.83152	0.83351			6
2025.02.03	00:00:29.000	0.83154				2
2025.02.03	00:00:31.119	0.83163	0.83355			6
2025.02.03	00:00:32.687		0.83381			4
2025.02.03	00:00:33.342	0.83207				2
2025.02.03	00:00:33.885		0.83389			4
2025.02.03	00:00:35.049	0.83168	0.83352			6
2025.02.03	00:00:35.958	0.83154	0.83351			6
2025.02.03	00:00:39.283	0.83170				2
2025.02.03	00:00:40.796	0.83220	0.83340			6
2025.02.03	00:00:41.339	0.83219	0.83332			6
2025.02.03	00:00:42.661	0.83224				2
2025.02.03	00:00:43.880	0.83237	0.83343			6
2025.02.03	00:00:53.382	0.83241				2
2025.02.03	00:00:55.060	0.83223				2
2025.02.03	00:00:56.890	0.83241				2
2025.02.03	00:00:57.942	0.83223				2
2025.02.03	00:00:58.563	0.83235	0.83332			6
2025.02.03	00:00:59.186	0.83246				2
2025.02.03	00:01:00.151	0.83248				2
2025.02.03	00:01:00.662	0.83243				2
2025.02.03	00:01:01.078	0.83234				2
2025.02.03	00:01:04.272	0.83235				2
2025.02.03	00:01:14.454	0.83243				2
2025.02.03	00:01:17.153	0.83234				2
2025.02.03	00:01:19.085	0.83241	0.83338			6
2025.02.03	00:01:19.412	0.83234	0.83332			6
2025.02.03	00:01:25.869	0.83235				2
2025.02.03	00:01:26.754	0.83220	0.83302			6
2025.02.03	00:01:28.672	0.83231	0.83310			6
2025.02.03	00:01:29.292		0.83311			4
2025.02.03	00:01:30.026		0.83313			4
2025.02.03	00:01:30.516	0.83241	0.83314			6
2025.02.03	00:01:32.752	0.83279	0.83327			6
2025.02.03	00:01:33.830		0.83329			4
2025.02.03	00:01:35.026		0.83341			4
2025.02.03	00:01:36.380		0.83340			4
2025.02.03	00:01:36.842	0.83258	0.83334			6
2025.02.03	00:01:37.146	0.83276	0.83341			6
2025.02.03	00:01:39.515	0.83284	0.83346			6
2025.02.03	00:01:39.816		0.83337			4
2025.02.03	00:01:42.307	0.83276				2
2025.02.03	00:01:46.120	0.83283	0.83327			6
2025.02.03	00:01:46.502	0.83286	0.83335			6
2025.02.03	00:01:46.984		0.83318			4
2025.02.03	00:01:47.657	0.83239	0.83313			6
2025.02.03	00:01:50.069	0.83222	0.83311			6
2025.02.03	00:01:50.384		0.83313			4
2025.02.03	00:01:52.015	0.83206	0.83303			6
2025.02.03	00:01:55.236		0.83304			4
2025.02.03	00:01:57.568		0.83303			4
2025.02.03	00:01:57.921		0.83253			4
2025.02.03	00:01:58.470	0.83099	0.83263			6
2025.02.03	00:01:58.967	0.83097	0.83306			6
2025.02.03	00:02:01.012	0.83097				2
2025.02.03	00:02:05.691	0.83170				2
2025.02.03	00:02:06.567	0.83159				2
2025.02.03	00:02:07.764	0.83156				2
2025.02.03	00:02:08.403	0.83161	0.83312			6
2025.02.03	00:02:08.770	0.83145	0.83296			6
2025.02.03	00:02:09.492		0.83282			4
2025.02.03	00:02:11.771		0.83281			4
2025.02.03	00:02:12.874	0.83182	0.83283			6
2025.02.03	00:02:14.754		0.83281			4
2025.02.03	00:02:18.786		0.83283			4
2025.02.03	00:02:22.888		0.83262			4
2025.02.03	00:02:24.733	0.83138				2
2025.02.03	00:02:27.594	0.83097	0.83246			6
2025.02.03	00:02:36.094		0.83244			4
2025.02.03	00:02:37.424		0.83243			4
2025.02.03	00:02:41.137		0.83242			4
2025.02.03	00:02:44.552		0.83243			4
2025.02.03	00:02:54.121		0.83260			4
2025.02.03	00:02:54.423		0.83242			4
2025.02.03	00:02:55.122		0.83228			4
2025.02.03	00:02:55.945		0.83251			4
2025.02.03	00:02:56.377		0.83255			4
2025.02.03	00:02:59.131		0.83251			4
2025.02.03	00:03:00.242	0.83097	0.83227			6
2025.02.03	00:03:03.700		0.83226			4
2025.02.03	00:03:05.585		0.83232			4
2025.02.03	00:03:12.866		0.83231			4
2025.02.03	00:03:13.182		0.83233			4
2025.02.03	00:03:18.473		0.83232			4
2025.02.03	00:03:20.797		0.83231			4
2025.02.03	00:03:21.429		0.83228			4
2025.02.03	00:03:22.275	0.83137	0.83229			6
2025.02.03	00:03:32.435		0.83230			4
2025.02.03	00:03:36.634		0.83234			4
2025.02.03	00:03:39.479		0.83250			4
2025.02.03	00:03:42.271	0.83110	0.83252			6
2025.02.03	00:03:54.749		0.83254			4
2025.02.03	00:03:56.435	0.83108	0.83272			6
2025.02.03	00:04:00.017	0.83108				2
2025.02.03	00:04:06.916	0.83080	0.83269			6
2025.02.03	00:04:09.730	0.83085				2
2025.02.03	00:04:15.488	0.83080				2
2025.02.03	00:04:21.465		0.83267			4
2025.02.03	00:04:25.522	0.83111	0.83268			6
2025.02.03	00:04:35.482	0.83116	0.83283			6
2025.02.03	00:04:47.847		0.83279			4
2025.02.03	00:04:48.744		0.83271			4
2025.02.03	00:04:49.937		0.83266			4
2025.02.03	00:04:50.408		0.83275			4
2025.02.03	00:04:51.408		0.83279			4
2025.02.03	00:04:51.979		0.83268			4
2025.02.03	00:04:52.942	0.83126	0.83280			6
2025.02.03	00:04:53.451	0.83116	0.83258			6
2025.02.03	00:04:54.745		0.83274			4
2025.02.03	00:04:55.209		0.83264			4
2025.02.03	00:04:55.773	0.83127	0.83284			6
2025.02.03	00:04:56.104	0.83116	0.83259			6
2025.02.03	00:04:56.538	0.83124	0.83276			6
2025.02.03	00:04:56.927	0.83127	0.83302			6
2025.02.03	00:04:58.216	0.83149	0.83299			6
2025.02.03	00:04:58.549		0.83303			4
2025.02.03	00:05:00.102	0.83113	0.83270			6
2025.02.03	00:05:01.577		0.83258			4
2025.02.03	00:05:01.882		0.83245			4
2025.02.03	00:05:03.334	0.83101	0.83237			6
2025.02.03	00:05:03.728		0.83245			4
2025.02.03	00:05:05.474	0.83127				2
2025.02.03	00:05:10.009	0.83136				2
2025.02.03	00:05:10.329	0.83141				2
2025.02.03	00:05:11.168	0.83142				2
2025.02.03	00:05:13.080	0.83128	0.83246			6
2025.02.03	00:05:15.714	0.83127	0.83274			6
2025.02.03	00:05:16.145		0.83277			4
2025.02.03	00:05:20.311	0.83129				2
2025.02.03	00:05:20.913	0.83130				2
2025.02.03	00:05:21.610	0.83148				2
2025.02.03	00:05:23.172	0.83133	0.83275			6
2025.02.03	00:05:23.867	0.83132				2
2025.02.03	00:05:24.280	0.83134				2
2025.02.03	00:05:24.674	0.83135				2
2025.02.03	00:05:25.559	0.83133				2
2025.02.03	00:05:25.874	0.83134				2
2025.02.03	00:05:26.377	0.83147				2
2025.02.03	00:05:28.525	0.83148	0.83265			6
2025.02.03	00:05:29.324	0.83133				2
2025.02.03	00:05:30.162	0.83132				2
2025.02.03	00:05:30.632	0.83144	0.83275			6
2025.02.03	00:05:33.042	0.83149	0.83278			6
2025.02.03	00:05:35.908	0.83150				2
2025.02.03	00:05:37.706	0.83151				2
2025.02.03	00:05:43.749	0.83136	0.83272			6
2025.02.03	00:05:44.131	0.83129	0.83278			6
2025.02.03	00:05:45.636	0.83127				2
2025.02.03	00:05:46.267		0.83284			4
2025.02.03	00:05:48.061		0.83245			4
2025.02.03	00:05:51.104	0.83134	0.83273			6
2025.02.03	00:05:51.621	0.83137	0.83256			6
2025.02.03	00:05:52.360	0.83135				2
2025.02.03	00:05:52.820		0.83260			4
2025.02.03	00:05:53.334	0.83133	0.83277			6
2025.02.03	00:05:53.957	0.83132				2
2025.02.03	00:05:54.263	0.83127	0.83244			6
2025.02.03	00:05:54.585		0.83237			4
2025.02.03	00:05:55.112		0.83241			4
2025.02.03	00:05:58.202		0.83269			4
2025.02.03	00:06:00.285	0.83130				2
2025.02.03	00:06:00.627	0.83139				2
2025.02.03	00:06:02.350	0.83140				2
2025.02.03	00:06:03.064		0.83236			4
2025.02.03	00:06:04.738	0.83127	0.83233			6
2025.02.03	00:06:05.172		0.83227			4
2025.02.03	00:06:05.788		0.83234			4
2025.02.03	00:06:06.205		0.83241			4
2025.02.03	00:06:07.128		0.83248			4
2025.02.03	00:06:08.976		0.83257			4
2025.02.03	00:06:10.199		0.83276			4
2025.02.03	00:06:12.510		0.83277			4
2025.02.03	00:06:14.262		0.83266			4
2025.02.03	00:06:15.656		0.83277			4
2025.02.03	00:06:15.964		0.83291			4
2025.02.03	00:06:16.350		0.83290			4
2025.02.03	00:06:18.656		0.83297			4
2025.02.03	00:06:19.374		0.83284			4
2025.02.03	00:06:20.303		0.83296			4
2025.02.03	00:06:21.217		0.83301			4
2025.02.03	00:06:23.545		0.83271			4
2025.02.03	00:06:26.020		0.83291			4
2025.02.03	00:06:30.311		0.83300			4
2025.02.03	00:06:36.866		0.83304			4
2025.02.03	00:06:37.289		0.83298			4
2025.02.03	00:06:38.019		0.83288			4
2025.02.03	00:06:44.553		0.83281			4
2025.02.03	00:06:47.476		0.83288			4
2025.02.03	00:06:52.711		0.83281			4
2025.02.03	00:06:57.227	0.83128	0.83298			6
2025.02.03	00:07:00.591	0.83128				2
2025.02.03	00:07:00.968	0.83129	0.83304			6
2025.02.03	00:07:09.071	0.83148				2
2025.02.03	00:07:11.568	0.83158	0.83303			6
2025.02.03	00:07:12.357		0.83307			4
2025.02.03	00:07:12.901		0.83308			4
2025.02.03	00:07:15.161		0.83307			4
2025.02.03	00:07:18.263		0.83308			4
2025.02.03	00:07:18.604		0.83309			4
2025.02.03	00:07:21.117		0.83315			4
2025.02.03	00:07:30.600	0.83152	0.83311			6
2025.02.03	00:07:31.509	0.83158	0.83309			6
2025.02.03	00:07:32.507	0.83152	0.83305			6
2025.02.03	00:07:34.359	0.83146	0.83301			6
2025.02.03	00:07:35.037	0.83152	0.83305			6
2025.02.03	00:07:36.589	0.83146	0.83301			6
2025.02.03	00:07:37.596	0.83140	0.83298			6
2025.02.03	00:07:38.311	0.83156	0.83297			6
2025.02.03	00:07:50.511		0.83301			4
2025.02.03	00:07:50.958	0.83157	0.83308			6
2025.02.03	00:07:53.566	0.83156	0.83304			6
2025.02.03	00:08:03.347	0.83156	0.83290			6
2025.02.03	00:08:18.927		0.83281			4
2025.02.03	00:08:26.321	0.83151	0.83285			6
2025.02.03	00:08:31.645		0.83288			4
2025.02.03	00:08:33.823		0.83282			4
2025.02.03	00:08:35.783	0.83153				2
2025.02.03	00:08:37.243	0.83154	0.83288			6
2025.02.03	00:08:45.678		0.83290			4
2025.02.03	00:08:49.884	0.83151				2
2025.02.03	00:08:57.971		0.83296			4
2025.02.03	00:08:58.308	0.83163	0.83291			6
2025.02.03	00:08:59.206	0.83239				2
2025.02.03	00:09:00.353	0.83222				2
2025.02.03	00:09:00.888	0.83163				2
2025.02.03	00:09:07.010	0.83218	0.83311			6
2025.02.03	00:09:07.587	0.83207	0.83333			6
2025.02.03	00:09:12.159	0.83181	0.83304			6
2025.02.03	00:09:12.972	0.83134	0.83272			6
2025.02.03	00:09:13.275	0.83143				2
2025.02.03	00:09:22.179		0.83275			4
2025.02.03	00:09:32.341		0.83274			4
2025.02.03	00:09:46.013	0.83154				2
2025.02.03	00:09:48.015	0.83144				2
2025.02.03	00:09:50.351	0.83145				2
2025.02.03	00:09:53.988	0.83144				2
2025.02.03	00:09:55.303	0.83139	0.83288			6
2025.02.03	00:09:56.308		0.83290			4
2025.02.03	00:09:59.751	0.83138	0.83287			6
2025.02.03	00:10:00.353	0.83155	0.83259			6
2025.02.03	00:10:01.506	0.83156	0.83261			6
2025.02.03	00:10:02.214	0.83154				2
2025.02.03	00:10:03.693	0.83155	0.83260			6
2025.02.03	00:10:05.045	0.83156	0.83259			6
2025.02.03	00:10:05.348		0.83260			4
2025.02.03	00:10:06.968		0.83259			4
2025.02.03	00:10:08.195	0.83157				2
2025.02.03	00:10:13.190		0.83258			4
2025.02.03	00:10:13.918	0.83162	0.83263			6
2025.02.03	00:10:14.797		0.83264			4
2025.02.03	00:10:16.038		0.83263			4
2025.02.03	00:10:18.695	0.83163	0.83262			6
2025.02.03	00:10:22.862	0.83170	0.83270			6
2025.02.03	00:10:26.689	0.83167	0.83265			6
2025.02.03	00:10:30.384	0.83172	0.83287			6
2025.02.03	00:10:31.595	0.83173	0.83286			6
2025.02.03	00:10:32.611	0.83174	0.83285			6
2025.02.03	00:10:34.016	0.83181	0.83279			6
2025.02.03	00:10:35.622	0.83192	0.83290			6
2025.02.03	00:10:38.413	0.83212	0.83307			6
2025.02.03	00:10:39.071	0.83210				2
2025.02.03	00:10:39.987	0.83197				2
2025.02.03	00:10:40.353	0.83202				2
2025.02.03	00:10:41.084	0.83170	0.83324			6
2025.02.03	00:10:41.538	0.83169				2
2025.02.03	00:10:41.891		0.83310			4
2025.02.03	00:10:43.214	0.83165	0.83302			6
2025.02.03	00:10:44.186	0.83170				2
2025.02.03	00:10:45.297	0.83195	0.83311			6
2025.02.03	00:10:46.452	0.83155	0.83300			6
2025.02.03	00:10:46.910	0.83156				2
2025.02.03	00:10:48.347	0.83153				2
2025.02.03	00:10:49.408	0.83164				2
2025.02.03	00:10:49.835	0.83165				2
2025.02.03	00:10:50.342	0.83176	0.83302			6
2025.02.03	00:10:50.849	0.83181				2
2025.02.03	00:10:52.599	0.83180				2
2025.02.03	00:10:54.699		0.83316			4
2025.02.03	00:10:56.796		0.83315			4
2025.02.03	00:10:57.696		0.83314			4
2025.02.03	00:10:58.349	0.83178				2
2025.02.03	00:10:58.901		0.83313			4
2025.02.03	00:10:59.703		0.83312			4
2025.02.03	00:11:00.388	0.83181	0.83309			6
2025.02.03	00:11:00.706	0.83180	0.83310			6
2025.02.03	00:11:01.451	0.83181	0.83308			6
2025.02.03	00:11:02.795	0.83182	0.83307			6
2025.02.03	00:11:03.393	0.83185	0.83287			6
2025.02.03	00:11:04.781	0.83183	0.83286			6
2025.02.03	00:11:05.963	0.83179	0.83281			6
2025.02.03	00:11:06.879	0.83169	0.83278			6
2025.02.03	00:11:07.635	0.83170	0.83277			6
2025.02.03	00:11:08.216	0.83181	0.83284			6
2025.02.03	00:11:09.347	0.83185	0.83289			6
2025.02.03	00:11:10.726	0.83186				2
2025.02.03	00:11:11.106		0.83288			4
2025.02.03	00:11:15.265	0.83179	0.83280			6
2025.02.03	00:11:17.618	0.83176	0.83277			6
2025.02.03	00:11:18.966	0.83173	0.83281			6
2025.02.03	00:11:20.309	0.83189	0.83295			6
2025.02.03	00:11:22.891	0.83190	0.83297			6
2025.02.03	00:11:24.616	0.83187				2
2025.02.03	00:11:25.335	0.83188	0.83296			6
2025.02.03	00:11:29.368	0.83177	0.83283			6
2025.02.03	00:11:30.506	0.83173	0.83280			6
2025.02.03	00:11:31.598		0.83279			4
2025.02.03	00:11:34.197	0.83169	0.83275			6
2025.02.03	00:11:38.130	0.83167	0.83278			6
2025.02.03	00:11:38.680	0.83166				2
2025.02.03	00:11:39.500	0.83170	0.83282			6
2025.02.03	00:11:41.198	0.83169	0.83283			6
2025.02.03	00:11:48.356	0.83172	0.83285			6
2025.02.03	00:11:48.999		0.83286			4
2025.02.03	00:11:53.091	0.83173	0.83284			6
2025.02.03	00:11:54.197	0.83174	0.83285			6
2025.02.03	00:11:57.365	0.83172	0.83289			6
2025.02.03	00:11:58.008	0.83177	0.83282			6
2025.02.03	00:12:00.458	0.83184	0.83289			6
2025.02.03	00:12:04.188	0.83188	0.83293			6
2025.02.03	00:12:05.381	0.83191	0.83289			6
2025.02.03	00:12:09.997		0.83301			4
2025.02.03	00:12:14.612	0.83188	0.83303			6
2025.02.03	00:12:16.617	0.83189	0.83300			6
2025.02.03	00:12:19.443	0.83183	0.83285			6
2025.02.03	00:12:26.211	0.83182				2
2025.02.03	00:12:29.517	0.83180	0.83287			6
2025.02.03	00:12:30.101	0.83181				2
2025.02.03	00:12:30.613	0.83182	0.83285			6
2025.02.03	00:12:30.922	0.83180	0.83287			6
2025.02.03	00:12:32.276	0.83179	0.83288			6
2025.02.03	00:12:33.345	0.83177	0.83289			6
2025.02.03	00:12:35.181		0.83290			4
2025.02.03	00:12:36.217	0.83176	0.83288			6
2025.02.03	00:12:40.702	0.83177	0.83290			6
2025.02.03	00:12:41.193	0.83176				2
2025.02.03	00:12:42.035	0.83175	0.83296			6
2025.02.03	00:12:43.220	0.83180				2
2025.02.03	00:12:50.364	0.83189	0.83316			6
2025.02.03	00:12:50.684	0.83188	0.83305			6
2025.02.03	00:12:50.985	0.83189	0.83316			6
2025.02.03	00:12:51.318	0.83188	0.83305			6
2025.02.03	00:12:51.640	0.83189	0.83316			6
2025.02.03	00:12:52.308	0.83191				2
2025.02.03	00:12:55.585	0.83188	0.83305			6
2025.02.03	00:12:55.918	0.83189	0.83316			6
2025.02.03	00:12:56.247	0.83188	0.83305			6
2025.02.03	00:12:56.582	0.83190	0.83316			6
2025.02.03	00:13:00.592	0.83190				2
2025.02.03	00:13:04.601	0.83193	0.83320			6
2025.02.03	00:13:05.196	0.83205	0.83324			6
2025.02.03	00:13:06.694	0.83203	0.83323			6
2025.02.03	00:13:07.752		0.83324			4
2025.02.03	00:13:09.230	0.83206	0.83322			6
2025.02.03	00:13:10.272		0.83325			4
2025.02.03	00:13:11.388	0.83205	0.83318			6
2025.02.03	00:13:14.621	0.83209				2
2025.02.03	00:13:15.645	0.83206	0.83315			6
2025.02.03	00:13:16.383	0.83207	0.83316			6
2025.02.03	00:13:18.822	0.83195	0.83318			6
2025.02.03	00:13:20.193	0.83194	0.83317			6
2025.02.03	00:13:25.294		0.83316			4
2025.02.03	00:13:26.197		0.83314			4
2025.02.03	00:13:26.796		0.83313			4
2025.02.03	00:13:27.398		0.83310			4
2025.02.03	00:13:28.241		0.83309			4
2025.02.03	00:13:28.596		0.83308			4
2025.02.03	00:13:29.193		0.83307			4
2025.02.03	00:13:29.503		0.83305			4
2025.02.03	00:13:30.360		0.83302			4
2025.02.03	00:13:37.881		0.83301			4
2025.02.03	00:13:40.804	0.83195				2
2025.02.03	00:13:41.172		0.83304			4
2025.02.03	00:13:42.170		0.83301			4
2025.02.03	00:13:51.999		0.83300			4
2025.02.03	00:13:54.697	0.83205	0.83306			6
2025.02.03	00:13:56.305	0.83222	0.83318			6
2025.02.03	00:13:58.293		0.83317			4
2025.02.03	00:13:58.611	0.83219				2
2025.02.03	00:13:59.415	0.83214	0.83314			6
2025.02.03	00:14:00.561	0.83214				2
2025.02.03	00:14:05.992	0.83212	0.83310			6
2025.02.03	00:14:06.577		0.83305			4
2025.02.03	00:14:08.220		0.83307			4
2025.02.03	00:14:10.589	0.83213				2
2025.02.03	00:14:11.177		0.83309			4
2025.02.03	00:14:12.216		0.83304			4
2025.02.03	00:14:12.606		0.83301			4
2025.02.03	00:14:15.580		0.83304			4
2025.02.03	00:14:15.956		0.83301			4
2025.02.03	00:14:19.920		0.83309			4
2025.02.03	00:14:21.704	0.83214	0.83310			6
2025.02.03	00:14:23.848		0.83304			4
2025.02.03	00:14:24.850		0.83302			4
2025.02.03	00:14:27.923	0.83215				2
2025.02.03	00:14:29.696	0.83214				2
2025.02.03	00:14:30.357	0.83215				2
2025.02.03	00:14:32.997	0.83225	0.83320			6
2025.02.03	00:14:35.493	0.83226				2
2025.02.03	00:14:46.016	0.83228	0.83323			6
2025.02.03	00:14:52.826		0.83318			4
2025.02.03	00:15:00.425	0.83220	0.83323			6
2025.02.03	00:15:02.353		0.83321			4
2025.02.03	00:15:02.681	0.83221	0.83333			6
2025.02.03	00:15:03.235	0.83222				2
2025.02.03	00:15:04.319	0.83220				2
2025.02.03	00:15:08.000		0.83326			4
2025.02.03	00:15:09.859	0.83228	0.83329			6
2025.02.03	00:15:14.053	0.83209	0.83299			6
2025.02.03	00:15:16.363	0.83214	0.83324			6
2025.02.03	00:15:17.565		0.83323			4
2025.02.03	00:15:18.846	0.83216	0.83325			6
2025.02.03	00:15:20.218	0.83215				2
2025.02.03	00:15:20.578	0.83213	0.83319			6
2025.02.03	00:15:21.185	0.83215	0.83322			6
2025.02.03	00:15:23.175	0.83214	0.83318			6
2025.02.03	00:15:23.641	0.83205	0.83292			6
2025.02.03	00:15:26.675	0.83206				2
2025.02.03	00:15:31.286	0.83197	0.83280			6
2025.02.03	00:15:33.428	0.83198				2
2025.02.03	00:15:34.317	0.83199				2
2025.02.03	00:15:40.669	0.83200	0.83308			6
2025.02.03	00:15:45.397	0.83199				2
2025.02.03	00:15:56.721	0.83197				2
2025.02.03	00:15:57.086	0.83198	0.83316			6
2025.02.03	00:15:58.090	0.83199				2
2025.02.03	00:16:00.993	0.83198				2
2025.02.03	00:16:01.893	0.83199				2
2025.02.03	00:16:05.015	0.83198				2
2025.02.03	00:16:06.013	0.83199				2
2025.02.03	00:16:07.106	0.83198				2
2025.02.03	00:16:08.421	0.83199				2
2025.02.03	00:16:09.017	0.83198				2
2025.02.03	00:16:10.017	0.83199				2
2025.02.03	00:16:11.151	0.83198				2
2025.02.03	00:16:11.917	0.83204	0.83290			6
2025.02.03	00:16:14.003	0.83203				2
2025.02.03	00:16:14.757	0.83204				2
2025.02.03	00:16:16.002	0.83203				2
2025.02.03	00:16:16.910	0.83204				2
2025.02.03	00:16:19.034		0.83291			4
2025.02.03	00:16:19.597	0.83205				2
2025.02.03	00:16:31.393	0.83202				2
2025.02.03	00:16:33.093	0.83203				2
2025.02.03	00:16:35.009	0.83205	0.83287			6
2025.02.03	00:16:36.350	0.83206				2
2025.02.03	00:16:50.811	0.83207				2
2025.02.03	00:16:53.251	0.83199				2
2025.02.03	00:16:54.995	0.83198				2
2025.02.03	00:16:56.130	0.83197				2
2025.02.03	00:17:00.098	0.83198				2
2025.02.03	00:17:01.298	0.83197				2
2025.02.03	00:17:03.180		0.83291			4
2025.02.03	00:17:03.500	0.83195				2
2025.02.03	00:17:04.595	0.83201	0.83290			6
2025.02.03	00:17:07.294	0.83200				2
2025.02.03	00:17:08.605	0.83199				2
2025.02.03	00:17:10.591	0.83198				2
2025.02.03	00:17:11.744	0.83197				2
2025.02.03	00:17:13.599	0.83196				2
2025.02.03	00:17:15.102	0.83195				2
2025.02.03	00:17:15.606	0.83196				2
2025.02.03	00:17:16.293	0.83203				2
2025.02.03	00:17:17.608	0.83202				2
2025.02.03	00:17:19.997	0.83197	0.83304			6
2025.02.03	00:17:21.697	0.83196				2
2025.02.03	00:17:24.995	0.83195				2
2025.02.03	00:17:26.138	0.83194				2
2025.02.03	00:17:27.746	0.83193				2
2025.02.03	00:17:30.011	0.83188				2
2025.02.03	00:17:36.123	0.83191				2
2025.02.03	00:17:37.035	0.83197				2
2025.02.03	00:17:39.250	0.83192				2
2025.02.03	00:17:42.325	0.83191				2
2025.02.03	00:17:43.612	0.83190				2
2025.02.03	00:17:44.322	0.83191				2
2025.02.03	00:17:45.931	0.83190				2
2025.02.03	00:17:57.145	0.83189				2
2025.02.03	00:17:59.009	0.83188				2
2025.02.03	00:18:00.005	0.83189				2
2025.02.03	00:18:03.989	0.83188				2
2025.02.03	00:18:05.626		0.83301			4
2025.02.03	00:18:14.997	0.83186				2
2025.02.03	00:18:25.324	0.83185				2
2025.02.03	00:18:34.145	0.83186	0.83303			6
2025.02.03	00:18:37.864		0.83304			4
2025.02.03	00:18:41.722	0.83188	0.83297			6
2025.02.03	00:18:48.437		0.83298			4
2025.02.03	00:18:50.118		0.83301			4
2025.02.03	00:18:51.628		0.83302			4
2025.02.03	00:18:54.811		0.83303			4
2025.02.03	00:19:00.299	0.83188	0.83294			6
2025.02.03	00:19:06.334		0.83295			4
2025.02.03	00:19:35.080	0.83183				2
2025.02.03	00:19:57.518		0.83296			4
2025.02.03	00:19:58.907		0.83297			4
2025.02.03	00:20:00.407	0.83183				2
2025.02.03	00:20:04.020		0.83296			4
2025.02.03	00:20:05.833		0.83297			4
2025.02.03	00:20:08.437		0.83301			4
2025.02.03	00:20:11.181		0.83304			4
2025.02.03	00:20:16.227	0.83184				2
2025.02.03	00:20:24.237	0.83183				2
2025.02.03	00:20:29.809	0.83188				2
2025.02.03	00:21:00.692	0.83188				2
2025.02.03	00:21:11.493		0.83304			4
2025.02.03	00:21:16.505	0.83190				2
2025.02.03	00:21:18.396	0.83192				2
2025.02.03	00:21:34.152	0.83195				2
2025.02.03	00:21:35.357	0.83198				2
2025.02.03	00:21:36.347	0.83195				2
2025.02.03	00:21:40.049	0.83196				2
2025.02.03	00:21:41.350	0.83195				2
2025.02.03	00:21:44.800	0.83196				2
2025.02.03	00:21:47.499	0.83197				2
2025.02.03	00:21:49.971	0.83196				2
2025.02.03	00:21:53.339	0.83197				2
2025.02.03	00:21:53.976	0.83191				2
2025.02.03	00:21:54.282	0.83197	0.83296			6
2025.02.03	00:21:54.605	0.83191				2
2025.02.03	00:21:56.647	0.83194	0.83303			6
2025.02.03	00:22:00.217	0.83198	0.83304			6
2025.02.03	00:22:01.297	0.83201				2
2025.02.03	00:22:04.081	0.83200				2
2025.02.03	00:22:27.225	0.83197				2
2025.02.03	00:22:28.229	0.83200				2
2025.02.03	00:22:30.253	0.83198				2
2025.02.03	00:22:31.252	0.83199				2
2025.02.03	00:22:32.010	0.83196				2
2025.02.03	00:22:32.343	0.83198				2
2025.02.03	00:22:33.009	0.83199				2
2025.02.03	00:22:33.622	0.83193				2
2025.02.03	00:22:34.013	0.83196				2
2025.02.03	00:22:34.345	0.83198				2
2025.02.03	00:22:35.013	0.83199				2
2025.02.03	00:22:36.991	0.83196				2
2025.02.03	00:22:37.352	0.83197				2
2025.02.03	00:22:37.982	0.83199				2
2025.02.03	00:22:39.000	0.83196				2
2025.02.03	00:22:39.345	0.83197				2
2025.02.03	00:22:39.996	0.83199				2
2025.02.03	00:22:42.022	0.83196				2
2025.02.03	00:22:43.002	0.83199				2
2025.02.03	00:22:43.999	0.83196				2
2025.02.03	00:22:44.316	0.83197				2
2025.02.03	00:22:44.771	0.83198				2
2025.02.03	00:22:46.913	0.83197				2
2025.02.03	00:22:48.007	0.83196				2
2025.02.03	00:22:48.340	0.83197				2
2025.02.03	00:22:49.893	0.83196				2
2025.02.03	00:22:50.496	0.83197				2
2025.02.03	00:22:51.373	0.83195				2
2025.02.03	00:22:53.009	0.83196				2
2025.02.03	00:22:54.003	0.83194				2
2025.02.03	00:22:54.347	0.83195				2
2025.02.03	00:22:56.011	0.83196				2
2025.02.03	00:22:57.017	0.83194				2
2025.02.03	00:22:58.355	0.83195				2
2025.02.03	00:23:00.388	0.83195	0.83304			6
2025.02.03	00:23:03.151	0.83196				2
2025.02.03	00:23:04.141	0.83195				2
2025.02.03	00:23:06.152	0.83196				2
2025.02.03	00:23:07.141	0.83197				2
2025.02.03	00:23:40.598	0.83198				2
2025.02.03	00:23:54.864	0.83197				2
2025.02.03	00:23:59.799	0.83198				2
2025.02.03	00:24:00.397	0.83197	0.83304			6
2025.02.03	00:24:03.997	0.83198				2
2025.02.03	00:24:17.775	0.83199				2
2025.02.03	00:24:30.347	0.83197				2
2025.02.03	00:24:31.163	0.83195				2
2025.02.03	00:24:32.352	0.83197				2
2025.02.03	00:24:33.061	0.83198				2
2025.02.03	00:24:33.383	0.83195				2
2025.02.03	00:24:34.168	0.83198				2
2025.02.03	00:24:35.163	0.83196				2
2025.02.03	00:24:36.994	0.83198				2
2025.02.03	00:24:38.157	0.83195				2
2025.02.03	00:24:39.151	0.83198				2
2025.02.03	00:24:40.148	0.83196				2
2025.02.03	00:24:41.380	0.83198				2
2025.02.03	00:24:42.381	0.83195				2
2025.02.03	00:24:43.351	0.83196				2
2025.02.03	00:24:43.903	0.83198				2
2025.02.03	00:24:45.142	0.83196				2
2025.02.03	00:24:46.161	0.83198				2
2025.02.03	00:24:47.160	0.83196				2
2025.02.03	00:24:49.145	0.83198				2
2025.02.03	00:24:49.464	0.83193	0.83297			6
2025.02.03	00:24:49.796	0.83194	0.83300			6
2025.02.03	00:24:50.104	0.83193	0.83291			6
2025.02.03	00:24:50.498		0.83293			4
2025.02.03	00:24:54.694	0.83194				2
2025.02.03	00:24:57.177	0.83197	0.83299			6
2025.02.03	00:25:00.317	0.83198	0.83304			6
2025.02.03	00:25:02.501	0.83199				2
2025.02.03	00:25:04.716	0.83198				2
2025.02.03	00:25:06.395	0.83199				2
2025.02.03	00:25:08.146	0.83201				2
2025.02.03	00:25:16.476	0.83199				2
2025.02.03	00:25:21.486	0.83201				2
2025.02.03	00:25:23.591	0.83200				2
2025.02.03	00:25:24.350	0.83199				2
2025.02.03	00:25:25.133	0.83201				2
2025.02.03	00:25:26.138	0.83199				2
2025.02.03	00:25:27.130	0.83201				2
2025.02.03	00:25:28.129	0.83199				2
2025.02.03	00:25:29.335	0.83201				2
2025.02.03	00:25:30.339	0.83199				2
2025.02.03	00:25:31.352	0.83201				2
2025.02.03	00:25:32.372	0.83199				2
2025.02.03	00:25:33.351	0.83200				2
2025.02.03	00:25:34.135	0.83201				2
2025.02.03	00:25:35.132	0.83200				2
2025.02.03	00:25:36.156	0.83201				2
2025.02.03	00:25:37.158	0.83200				2
2025.02.03	00:25:39.139	0.83201				2
2025.02.03	00:25:40.134	0.83200				2
2025.02.03	00:25:42.098	0.83201				2
2025.02.03	00:25:43.150	0.83200				2
2025.02.03	00:25:43.593	0.83199				2
2025.02.03	00:25:44.357	0.83200				2
2025.02.03	00:25:44.794	0.83199				2
2025.02.03	00:25:45.135	0.83200				2
2025.02.03	00:25:46.134	0.83198				2
2025.02.03	00:25:47.130	0.83200				2
2025.02.03	00:25:48.166	0.83199				2
2025.02.03	00:25:49.142	0.83200				2
2025.02.03	00:25:50.140	0.83199				2
2025.02.03	00:25:52.151	0.83200				2
2025.02.03	00:25:53.147	0.83199				2
2025.02.03	00:25:54.044	0.83197				2
2025.02.03	00:25:54.912	0.83193				2
2025.02.03	00:25:56.135	0.83192				2
2025.02.03	00:25:57.171	0.83188	0.83299			6
2025.02.03	00:25:58.248	0.83187				2
2025.02.03	00:25:59.136	0.83191	0.83304			6
2025.02.03	00:26:00.173	0.83190	0.83299			6
2025.02.03	00:26:03.093		0.83304			4
2025.02.03	00:26:04.071		0.83299			4
2025.02.03	00:26:05.426		0.83304			4
2025.02.03	00:26:10.174		0.83299			4
2025.02.03	00:26:13.136		0.83304			4
2025.02.03	00:26:18.191		0.83299			4
2025.02.03	00:26:21.094		0.83304			4
2025.02.03	00:26:22.166		0.83299			4
2025.02.03	00:26:24.122		0.83304			4
2025.02.03	00:26:25.123		0.83299			4
2025.02.03	00:26:26.140		0.83304			4
2025.02.03	00:26:27.168		0.83299			4
2025.02.03	00:26:28.679	0.83188				2
2025.02.03	00:26:29.137		0.83304			4
2025.02.03	00:26:30.171		0.83299			4
2025.02.03	00:26:31.137		0.83304			4
2025.02.03	00:26:31.967		0.83299			4
2025.02.03	00:26:34.136		0.83304			4
2025.02.03	00:26:37.174		0.83299			4
2025.02.03	00:26:39.143		0.83304			4
2025.02.03	00:26:42.184		0.83299			4
2025.02.03	00:26:44.160		0.83304			4
2025.02.03	00:26:47.122		0.83303			4
2025.02.03	00:26:49.151		0.83304			4
2025.02.03	00:26:50.183		0.83303			4
2025.02.03	00:26:51.141		0.83304			4
2025.02.03	00:26:52.174		0.83303			4
2025.02.03	00:26:52.900		0.83304			4
2025.02.03	00:26:54.181		0.83303			4
2025.02.03	00:26:55.147		0.83304			4
2025.02.03	00:26:56.196		0.83303			4
2025.02.03	00:26:57.161		0.83304			4
2025.02.03	00:26:58.203		0.83303			4
2025.02.03	00:27:00.122	0.83188	0.83304			6
2025.02.03	00:27:01.157		0.83302			4
2025.02.03	00:27:06.205		0.83308			4
2025.02.03	00:27:07.210		0.83302			4
2025.02.03	00:27:08.188		0.83308			4
2025.02.03	00:27:09.277		0.83302			4
2025.02.03	00:27:11.199		0.83308			4
2025.02.03	00:27:12.222		0.83302			4
2025.02.03	00:27:14.802		0.83308			4
2025.02.03	00:27:38.215	0.83193				2
2025.02.03	00:27:41.228	0.83194				2
2025.02.03	00:27:42.230	0.83193				2
2025.02.03	00:27:43.216	0.83194				2
2025.02.03	00:27:43.845	0.83188				2
2025.02.03	00:27:51.785	0.83193				2
2025.02.03	00:27:53.434	0.83194				2
2025.02.03	00:27:54.372	0.83193				2
2025.02.03	00:27:54.689	0.83188	0.83306			6
2025.02.03	00:27:55.546	0.83193	0.83308			6
2025.02.03	00:27:56.195	0.83189				2
2025.02.03	00:27:56.695	0.83194				2
2025.02.03	00:27:57.197	0.83193				2
2025.02.03	00:27:59.211	0.83194				2
2025.02.03	00:28:00.364	0.83189	0.83306			6
2025.02.03	00:28:01.359		0.83308			4
2025.02.03	00:28:01.699	0.83188	0.83307			6
2025.02.03	00:28:02.296	0.83190	0.83308			6
2025.02.03	00:28:02.618	0.83189	0.83306			6
2025.02.03	00:28:03.361	0.83188	0.83303			6
2025.02.03	00:28:04.230		0.83308			4
2025.02.03	00:28:04.540		0.83307			4
2025.02.03	00:28:05.366		0.83300			4
2025.02.03	00:28:06.422		0.83307			4
2025.02.03	00:28:07.365		0.83300			4
2025.02.03	00:28:09.194		0.83307			4
2025.02.03	00:28:10.365		0.83300			4
2025.02.03	00:28:11.237		0.83307			4
2025.02.03	00:28:12.230		0.83300			4
2025.02.03	00:28:13.890		0.83307			4
2025.02.03	00:28:15.183		0.83300			4
2025.02.03	00:28:16.452		0.83307			4
2025.02.03	00:28:17.369		0.83300			4
2025.02.03	00:28:18.685	0.83190				2
2025.02.03	00:28:19.976		0.83307			4
2025.02.03	00:28:21.205		0.83300			4
2025.02.03	00:28:23.966		0.83307			4
2025.02.03	00:28:25.199		0.83300			4
2025.02.03	00:28:26.422		0.83307			4
2025.02.03	00:28:27.367		0.83300			4
2025.02.03	00:28:28.900		0.83307			4
2025.02.03	00:28:30.207		0.83300			4
2025.02.03	00:28:32.194		0.83307			4
2025.02.03	00:28:33.199		0.83300			4
2025.02.03	00:28:34.266		0.83307			4
2025.02.03	00:28:35.266		0.83300			4
2025.02.03	00:28:36.995		0.83307			4
2025.02.03	00:28:38.226		0.83297			4
2025.02.03	00:28:38.529		0.83296			4
2025.02.03	00:28:39.247		0.83304			4
2025.02.03	00:28:40.138		0.83296			4
2025.02.03	00:28:41.488		0.83297			4
2025.02.03	00:28:42.462		0.83304			4
2025.02.03	00:28:43.376		0.83297			4
2025.02.03	00:28:44.194		0.83304			4
2025.02.03	00:28:49.265		0.83303			4
2025.02.03	00:29:00.697	0.83190				2
2025.02.03	00:29:13.681	0.83192				2
2025.02.03	00:29:44.051	0.83193				2
2025.02.03	00:29:48.162	0.83188	0.83305			6
2025.02.03	00:30:00.384	0.83188				2
2025.02.03	00:30:22.089	0.83176	0.83285			6
2025.02.03	00:30:22.388		0.83281			4
2025.02.03	00:30:22.698		0.83278			4
2025.02.03	00:30:24.260		0.83277			4
2025.02.03	00:30:30.471		0.83282			4
2025.02.03	00:30:35.502		0.83271			4
2025.02.03	00:30:35.812	0.83190	0.83280			6
2025.02.03	00:30:36.161	0.83176	0.83268			6
2025.02.03	00:30:41.793		0.83265			4
2025.02.03	00:30:43.294		0.83268			4
2025.02.03	00:30:44.358	0.83183				2
2025.02.03	00:30:45.376	0.83176	0.83264			6
2025.02.03	00:30:46.750		0.83265			4
2025.02.03	00:30:47.381	0.83186	0.83285			6
2025.02.03	00:30:51.554	0.83176	0.83260			6
2025.02.03	00:30:53.496	0.83185	0.83265			6
2025.02.03	00:30:54.499	0.83176	0.83262			6
2025.02.03	00:30:58.311	0.83186	0.83265			6
2025.02.03	00:30:59.306	0.83176	0.83261			6
2025.02.03	00:31:00.716	0.83178				2
2025.02.03	00:31:01.510	0.83177				2
2025.02.03	00:31:03.413		0.83264			4
2025.02.03	00:31:08.105	0.83176				2
2025.02.03	00:31:10.295	0.83177				2
2025.02.03	00:31:11.158	0.83178				2
2025.02.03	00:31:11.493	0.83180				2
2025.02.03	00:31:17.918	0.83181				2
2025.02.03	00:31:18.292	0.83201				2
2025.02.03	00:31:19.294	0.83196				2
2025.02.03	00:31:21.451	0.83197				2
2025.02.03	00:31:21.945	0.83200				2
2025.02.03	00:31:23.584	0.83194				2
2025.02.03	00:31:24.048	0.83195				2
2025.02.03	00:31:25.297	0.83196				2
2025.02.03	00:31:25.766	0.83191				2
2025.02.03	00:31:26.080	0.83193				2
2025.02.03	00:31:26.492	0.83194				2
2025.02.03	00:31:27.111	0.83195				2
2025.02.03	00:31:28.940	0.83196				2
2025.02.03	00:31:29.601	0.83195				2
2025.02.03	00:31:30.096	0.83194				2
2025.02.03	00:31:30.484	0.83193				2
2025.02.03	00:31:31.595	0.83196				2
2025.02.03	00:31:35.664	0.83203	0.83278			6
2025.02.03	00:31:35.972	0.83208				2
2025.02.03	00:31:41.795	0.83209				2
2025.02.03	00:31:44.257		0.83279			4
2025.02.03	00:31:45.176		0.83277			4
2025.02.03	00:31:46.728	0.83211	0.83276			6
2025.02.03	00:31:47.373	0.83212				2
2025.02.03	00:31:53.877	0.83215				2
2025.02.03	00:31:54.822	0.83217	0.83277			6
2025.02.03	00:31:57.302		0.83276			4
2025.02.03	00:32:00.399	0.83217				2
2025.02.03	00:32:02.416	0.83215	0.83275			6
2025.02.03	00:32:10.713	0.83216				2
2025.02.03	00:32:17.269	0.83205				2
2025.02.03	00:32:17.658	0.83213				2
2025.02.03	00:32:18.099	0.83216				2
2025.02.03	00:32:19.282	0.83194	0.83260			6
2025.02.03	00:32:19.796	0.83195				2
2025.02.03	00:32:20.920	0.83194				2
2025.02.03	00:32:25.294	0.83197				2
2025.02.03	00:32:27.995	0.83198				2
2025.02.03	00:32:29.196	0.83197	0.83261			6
2025.02.03	00:32:39.944	0.83199	0.83262			6
2025.02.03	00:33:04.295	0.83199				2
2025.02.03	00:33:08.334	0.83194				2
2025.02.03	00:33:09.393		0.83270			4
2025.02.03	00:33:30.722	0.83198	0.83272			6
2025.02.03	00:33:35.493	0.83199				2
2025.02.03	00:33:37.597	0.83201				2
2025.02.03	00:33:40.805		0.83271			4
2025.02.03	00:33:43.061		0.83272			4
2025.02.03	00:33:44.312	0.83200				2
2025.02.03	00:33:47.316		0.83270			4
2025.02.03	00:33:50.683	0.83194	0.83275			6
2025.02.03	00:34:00.393	0.83194				2
2025.02.03	00:34:20.389	0.83188				2
2025.02.03	00:34:28.784	0.83193	0.83280			6
2025.02.03	00:34:29.290	0.83194				2
2025.02.03	00:34:37.546	0.83193				2
2025.02.03	00:34:38.202	0.83195				2
2025.02.03	00:34:39.701		0.83277			4
2025.02.03	00:34:44.313	0.83204				2
2025.02.03	00:34:45.321	0.83195				2
2025.02.03	00:34:53.198	0.83205				2
2025.02.03	00:34:54.321	0.83196				2
2025.02.03	00:34:55.519	0.83195				2
2025.02.03	00:35:00.806	0.83195				2
2025.02.03	00:35:03.276	0.83203				2
2025.02.03	00:35:04.307	0.83195				2
2025.02.03	00:35:05.669	0.83196				2
2025.02.03	00:35:13.283	0.83195				2
2025.02.03	00:35:14.793	0.83196				2
2025.02.03	00:35:29.577	0.83197				2
2025.02.03	00:35:29.923	0.83196				2
2025.02.03	00:35:30.359		0.83276			4
2025.02.03	00:35:34.219	0.83197				2
2025.02.03	00:35:37.614	0.83198				2
2025.02.03	00:35:40.803		0.83275			4
2025.02.03	00:35:45.097	0.83199				2
2025.02.03	00:35:49.392	0.83200				2
2025.02.03	00:35:51.999	0.83199				2
2025.02.03	00:35:52.729	0.83200				2
2025.02.03	00:35:55.594	0.83199				2
2025.02.03	00:36:00.414	0.83199				2
2025.02.03	00:36:03.409		0.83276			4
2025.02.03	00:36:03.925	0.83196	0.83272			6
2025.02.03	00:36:12.392	0.83197				2
2025.02.03	00:36:18.694	0.83198				2
2025.02.03	00:36:19.026		0.83271			4
2025.02.03	00:36:20.596	0.83199				2
2025.02.03	00:36:21.253	0.83198				2
2025.02.03	00:36:21.700	0.83200				2
2025.02.03	00:36:22.359		0.83275			4
2025.02.03	00:36:30.921	0.83203				2
2025.02.03	00:36:54.393	0.83202				2
2025.02.03	00:36:56.089	0.83201				2
2025.02.03	00:36:56.821	0.83200				2
2025.02.03	00:36:57.147	0.83201				2
2025.02.03	00:37:00.102	0.83201				2
2025.02.03	00:37:12.959		0.83276			4
2025.02.03	00:37:13.282	0.83202				2
2025.02.03	00:37:13.677		0.83288			4
2025.02.03	00:37:21.014	0.83203				2
2025.02.03	00:37:28.603		0.83294			4
2025.02.03	00:37:36.199	0.83202				2
2025.02.03	00:37:43.903	0.83203				2
2025.02.03	00:37:44.434	0.83202				2
2025.02.03	00:37:50.966	0.83203				2
2025.02.03	00:37:52.160	0.83206	0.83297			6
2025.02.03	00:38:01.294	0.83206				2
2025.02.03	00:38:08.655	0.83204	0.83294			6
2025.02.03	00:38:15.390		0.83288			4
2025.02.03	00:38:17.402		0.83281			4
2025.02.03	00:38:18.578		0.83274			4
2025.02.03	00:38:19.165		0.83268			4
2025.02.03	00:38:22.359	0.83205				2
2025.02.03	00:38:25.300	0.83204	0.83263			6
2025.02.03	00:38:28.899	0.83205				2
2025.02.03	00:38:31.441		0.83278			4
2025.02.03	00:38:32.798		0.83284			4
2025.02.03	00:38:33.443	0.83206	0.83275			6
2025.02.03	00:38:47.646		0.83269			4
2025.02.03	00:38:49.915		0.83263			4
2025.02.03	00:38:55.147	0.83203				2
2025.02.03	00:39:00.404	0.83202				2
2025.02.03	00:39:03.058	0.83203				2
2025.02.03	00:39:05.332	0.83202				2
2025.02.03	00:39:14.970	0.83200				2
2025.02.03	00:39:18.002	0.83194				2
2025.02.03	00:39:18.324	0.83193				2
2025.02.03	00:39:22.044	0.83194	0.83279			6
2025.02.03	00:39:22.502	0.83196	0.83289			6
2025.02.03	00:39:23.373	0.83205	0.83298			6
2025.02.03	00:39:27.055	0.83207				2
2025.02.03	00:39:28.593		0.83293			4
2025.02.03	00:39:31.289		0.83297			4
2025.02.03	00:39:38.303	0.83195	0.83285			6
2025.02.03	00:39:40.734		0.83279			4
2025.02.03	00:39:44.807	0.83196				2
2025.02.03	00:39:48.393	0.83197				2
2025.02.03	00:39:48.780	0.83195	0.83271			6
2025.02.03	00:39:49.100	0.83194				2
2025.02.03	00:39:49.654		0.83277			4
2025.02.03	00:39:50.914	0.83193				2
2025.02.03	00:39:55.002	0.83192				2
2025.02.03	00:39:56.043	0.83191				2
2025.02.03	00:39:57.957	0.83192	0.83270			6
2025.02.03	00:39:58.795	0.83191				2
2025.02.03	00:39:59.330	0.83192				2
2025.02.03	00:40:00.336	0.83193				2
2025.02.03	00:40:00.836	0.83192				2
2025.02.03	00:40:01.401	0.83193				2
2025.02.03	00:40:01.958		0.83264			4
2025.02.03	00:40:02.799	0.83194				2
2025.02.03	00:40:03.514	0.83195				2
2025.02.03	00:40:04.689	0.83194				2
2025.02.03	00:40:05.559	0.83195				2
2025.02.03	00:40:07.895	0.83194				2
2025.02.03	00:40:09.541	0.83197				2
2025.02.03	00:40:10.290	0.83193				2
2025.02.03	00:40:14.291	0.83195				2
2025.02.03	00:40:14.944	0.83193				2
2025.02.03	00:40:15.759	0.83194				2
2025.02.03	00:40:16.417	0.83195				2
2025.02.03	00:40:17.876	0.83194				2
2025.02.03	00:40:18.984	0.83196				2
2025.02.03	00:40:21.185	0.83197				2
2025.02.03	00:40:21.774		0.83277			4
2025.02.03	00:40:22.112	0.83198	0.83288			6
2025.02.03	00:40:22.596	0.83199				2
2025.02.03	00:40:22.934	0.83201	0.83289			6
2025.02.03	00:40:23.359	0.83207				2
2025.02.03	00:40:23.680		0.83290			4
2025.02.03	00:40:30.620		0.83289			4
2025.02.03	00:40:41.190		0.83292			4
2025.02.03	00:40:42.997		0.83289			4
2025.02.03	00:40:43.957	0.83217	0.83287			6
2025.02.03	00:40:45.392	0.83218				2
2025.02.03	00:40:45.722	0.83217				2
2025.02.03	00:40:46.090	0.83220				2
2025.02.03	00:40:47.144	0.83221				2
2025.02.03	00:40:47.725	0.83219				2
2025.02.03	00:40:48.254	0.83218				2
2025.02.03	00:40:48.920	0.83221				2
2025.02.03	00:40:49.287	0.83231	0.83310			6
2025.02.03	00:40:49.786	0.83226	0.83292			6
2025.02.03	00:40:50.256	0.83228	0.83314			6
2025.02.03	00:40:50.609	0.83215	0.83312			6
2025.02.03	00:40:50.931	0.83212				2
2025.02.03	00:40:51.426	0.83217				2
2025.02.03	00:40:52.311	0.83218	0.83311			6
2025.02.03	00:40:52.783	0.83216	0.83303			6
2025.02.03	00:40:53.194	0.83211				2
2025.02.03	00:40:53.504	0.83210				2
2025.02.03	00:40:53.903	0.83213				2
2025.02.03	00:40:54.209	0.83210				2
2025.02.03	00:40:55.018	0.83212				2
2025.02.03	00:40:55.716	0.83214				2
2025.02.03	00:40:56.959	0.83213				2
2025.02.03	00:40:57.412	0.83214				2
2025.02.03	00:41:00.262	0.83203	0.83275			6
2025.02.03	00:41:02.194	0.83202	0.83274			6
2025.02.03	00:41:03.697	0.83207				2
2025.02.03	00:41:04.002	0.83202				2
2025.02.03	00:41:06.358	0.83203				2
2025.02.03	00:41:06.693	0.83204				2
2025.02.03	00:41:08.493		0.83280			4
2025.02.03	00:41:08.799		0.83274			4
2025.02.03	00:41:10.781	0.83211				2
2025.02.03	00:41:17.193	0.83212				2
2025.02.03	00:41:18.956	0.83211				2
2025.02.03	00:41:19.580	0.83212				2
2025.02.03	00:41:25.063	0.83211				2
2025.02.03	00:41:28.098	0.83212				2
2025.02.03	00:41:38.380	0.83211				2
2025.02.03	00:41:40.856	0.83212				2
2025.02.03	00:41:42.098	0.83213				2
2025.02.03	00:41:43.694	0.83214				2
2025.02.03	00:41:44.078	0.83213				2
2025.02.03	00:41:45.261	0.83214				2
2025.02.03	00:41:49.502	0.83213				2
2025.02.03	00:41:50.335	0.83214				2
2025.02.03	00:41:51.992	0.83213				2
2025.02.03	00:41:53.463	0.83212	0.83282			6
2025.02.03	00:41:54.484	0.83213				2
2025.02.03	00:41:57.556	0.83214				2
2025.02.03	00:41:58.697	0.83213				2
2025.02.03	00:42:00.152	0.83213				2
2025.02.03	00:42:00.459	0.83214				2
2025.02.03	00:42:09.065	0.83211	0.83281			6
2025.02.03	00:42:10.296	0.83210				2
2025.02.03	00:42:11.674	0.83215				2
2025.02.03	00:42:12.590	0.83214				2
2025.02.03	00:42:13.393	0.83215				2
2025.02.03	00:42:14.838	0.83217				2
2025.02.03	00:42:16.296	0.83216				2
2025.02.03	00:42:17.439	0.83215				2
2025.02.03	00:42:17.794	0.83214				2
2025.02.03	00:42:18.402		0.83285			4
2025.02.03	00:42:19.492	0.83215				2
2025.02.03	00:42:20.492	0.83214				2
2025.02.03	00:42:23.348	0.83219	0.83288			6
2025.02.03	00:42:23.722	0.83220				2
2025.02.03	00:42:25.378	0.83219				2
2025.02.03	00:42:26.724	0.83220				2
2025.02.03	00:42:27.215	0.83211	0.83282			6
2025.02.03	00:42:32.329	0.83212				2
2025.02.03	00:42:35.942	0.83215	0.83285			6
2025.02.03	00:42:37.748	0.83216				2
2025.02.03	00:42:39.876	0.83217				2
2025.02.03	00:42:40.809	0.83216				2
2025.02.03	00:42:42.699		0.83288			4
2025.02.03	00:42:43.378	0.83217	0.83296			6
2025.02.03	00:42:43.752	0.83221				2
2025.02.03	00:42:44.629	0.83220				2
2025.02.03	00:42:45.394	0.83223				2
2025.02.03	00:42:46.137	0.83222				2
2025.02.03	00:42:46.724	0.83223				2
2025.02.03	00:42:48.099	0.83224				2
2025.02.03	00:42:48.610	0.83230				2
2025.02.03	00:42:48.961	0.83229				2
2025.02.03	00:42:50.576	0.83214	0.83288			6
2025.02.03	00:42:51.677	0.83216				2
2025.02.03	00:42:52.124	0.83219				2
2025.02.03	00:42:52.900	0.83218				2
2025.02.03	00:42:54.044	0.83219				2
2025.02.03	00:42:56.793	0.83220				2
2025.02.03	00:43:00.163	0.83220				2
2025.02.03	00:43:02.200	0.83221				2
2025.02.03	00:43:10.123		0.83287			4
2025.02.03	00:43:13.882	0.83217	0.83279			6
2025.02.03	00:43:14.378	0.83216	0.83276			6
2025.02.03	00:43:14.771	0.83217				2
2025.02.03	00:43:15.757	0.83210				2
2025.02.03	00:43:21.849	0.83213				2
2025.02.03	00:43:22.415	0.83214				2
2025.02.03	00:43:23.120	0.83213				2
2025.02.03	00:43:29.796	0.83214				2
2025.02.03	00:43:30.854	0.83219				2
2025.02.03	00:43:31.397	0.83220				2
2025.02.03	00:43:34.462	0.83221				2
2025.02.03	00:43:39.095	0.83220				2
2025.02.03	00:43:46.020	0.83221				2
2025.02.03	00:43:51.391	0.83222				2
2025.02.03	00:43:52.558		0.83286			4
2025.02.03	00:43:52.913	0.83228				2
2025.02.03	00:43:53.462	0.83229				2
2025.02.03	00:43:53.949	0.83222				2
2025.02.03	00:44:04.296	0.83222				2
2025.02.03	00:44:19.587		0.83280			4
2025.02.03	00:44:21.695	0.83221				2
2025.02.03	00:44:23.318	0.83226				2
2025.02.03	00:44:24.554	0.83225	0.83286			6
2025.02.03	00:44:25.069	0.83236				2
2025.02.03	00:44:25.499	0.83232				2
2025.02.03	00:44:26.980	0.83234				2
2025.02.03	00:44:29.199	0.83243				2
2025.02.03	00:44:34.456	0.83242				2
2025.02.03	00:44:35.498	0.83241				2
2025.02.03	00:44:36.348	0.83242				2
2025.02.03	00:44:37.099	0.83243				2
2025.02.03	00:44:38.799	0.83244				2
2025.02.03	00:44:41.303	0.83245				2
2025.02.03	00:44:42.852	0.83241				2
2025.02.03	00:44:46.896	0.83243				2
2025.02.03	00:44:52.073	0.83244				2
2025.02.03	00:44:52.384	0.83243	0.83287			6
2025.02.03	00:44:52.700	0.83249				2
2025.02.03	00:44:53.503	0.83244				2
2025.02.03	00:44:54.748	0.83245				2
2025.02.03	00:44:55.097	0.83243				2
2025.02.03	00:44:57.178	0.83249				2
2025.02.03	00:44:58.318	0.83250				2
2025.02.03	00:44:59.370	0.83249				2
2025.02.03	00:45:00.301	0.83249				2
2025.02.03	00:45:01.227	0.83250				2
2025.02.03	00:45:02.066	0.83231	0.83298			6
2025.02.03	00:45:03.888	0.83252	0.83287			6
2025.02.03	00:45:07.812	0.83270	0.83312			6
2025.02.03	00:45:08.214	0.83269				2
2025.02.03	00:45:09.396		0.83309			4
2025.02.03	00:45:10.807		0.83310			4
2025.02.03	00:45:11.427		0.83309			4
2025.02.03	00:45:12.998		0.83310			4
2025.02.03	00:45:13.846	0.83270				2
2025.02.03	00:45:16.535		0.83309			4
2025.02.03	00:45:17.377	0.83269	0.83311			6
2025.02.03	00:45:20.096	0.83293	0.83330			6
2025.02.03	00:45:20.604	0.83292				2
2025.02.03	00:45:21.815	0.83291				2
2025.02.03	00:45:23.613	0.83292				2
2025.02.03	00:45:26.495	0.83291				2
2025.02.03	00:45:28.109	0.83297	0.83328			6
2025.02.03	00:45:28.416	0.83301				2
2025.02.03	00:45:29.112	0.83300				2
2025.02.03	00:45:30.010	0.83298				2
2025.02.03	00:45:31.416	0.83299				2
2025.02.03	00:45:34.198	0.83295				2
2025.02.03	00:45:38.751	0.83296				2
2025.02.03	00:45:41.775	0.83298				2
2025.02.03	00:45:42.111	0.83300				2
2025.02.03	00:45:42.697		0.83330			4
2025.02.03	00:45:43.499	0.83301				2
2025.02.03	00:45:44.445	0.83300				2
2025.02.03	00:45:45.639	0.83298				2
2025.02.03	00:45:47.102	0.83281	0.83323			6
2025.02.03	00:45:50.059		0.83319			4
2025.02.03	00:45:51.608	0.83291				2
2025.02.03	00:45:52.127	0.83292				2
2025.02.03	00:45:52.607	0.83285				2
2025.02.03	00:45:53.126	0.83286	0.83324			6
2025.02.03	00:45:53.782	0.83284				2
2025.02.03	00:45:54.098	0.83283				2
2025.02.03	00:45:55.107	0.83285				2
2025.02.03	00:45:55.465	0.83283				2
2025.02.03	00:45:57.498	0.83286				2
2025.02.03	00:45:58.597	0.83287				2
2025.02.03	00:46:00.535	0.83283				2
2025.02.03	00:46:01.237	0.83279	0.83320			6
2025.02.03	00:46:01.562	0.83283	0.83324			6
2025.02.03	00:46:01.866	0.83279	0.83327			6
2025.02.03	00:46:11.942	0.83273	0.83330			6
2025.02.03	00:46:13.221	0.83270				2
2025.02.03	00:46:13.529	0.83272				2
2025.02.03	00:46:14.195	0.83271				2
2025.02.03	00:46:15.396	0.83272				2
2025.02.03	00:46:17.194	0.83273				2
2025.02.03	00:46:19.871	0.83274				2
2025.02.03	00:46:24.688	0.83273				2
2025.02.03	00:46:26.339	0.83271				2
2025.02.03	00:46:33.024	0.83270				2
2025.02.03	00:46:34.959	0.83269				2
2025.02.03	00:46:36.841	0.83268				2
2025.02.03	00:46:37.336	0.83265				2
2025.02.03	00:46:38.402	0.83272				2
2025.02.03	00:46:38.959	0.83279				2
2025.02.03	00:46:39.396	0.83277	0.83325			6
2025.02.03	00:46:40.727	0.83273	0.83320			6
2025.02.03	00:46:45.327	0.83269	0.83316			6
2025.02.03	00:46:46.346	0.83275				2
2025.02.03	00:46:48.559	0.83278				2
2025.02.03	00:46:50.215	0.83277	0.83320			6
2025.02.03	00:46:50.519	0.83295	0.83316			6
2025.02.03	00:46:50.824	0.83284	0.83324			6
2025.02.03	00:46:51.143	0.83285	0.83330			6
2025.02.03	00:47:00.361	0.83285				2
2025.02.03	00:47:01.818	0.83291	0.83334			6
2025.02.03	00:47:02.423	0.83292	0.83335			6
2025.02.03	00:47:03.937	0.83285	0.83330			6
2025.02.03	00:47:10.820		0.83328			4
2025.02.03	00:47:15.109	0.83284				2
2025.02.03	00:47:21.824		0.83332			4
2025.02.03	00:47:22.895	0.83293	0.83327			6
2025.02.03	00:47:33.250		0.83323			4
2025.02.03	00:47:51.054	0.83291	0.83321			6
2025.02.03	00:47:56.831	0.83284	0.83314			6
2025.02.03	00:48:00.984	0.83281	0.83311			6
2025.02.03	00:48:01.985	0.83285	0.83314			6
2025.02.03	00:48:06.918	0.83284				2
2025.02.03	00:48:13.788	0.83281	0.83311			6
2025.02.03	00:48:16.995	0.83286	0.83315			6
2025.02.03	00:48:17.425	0.83287				2
2025.02.03	00:48:18.039	0.83286				2
2025.02.03	00:48:18.351	0.83285				2
2025.02.03	00:48:19.489		0.83312			4
2025.02.03	00:48:20.351		0.83315			4
2025.02.03	00:48:21.560		0.83312			4
2025.02.03	00:48:21.876	0.83286	0.83316			6
2025.02.03	00:48:26.907		0.83314			4
2025.02.03	00:48:28.611	0.83285				2
2025.02.03	00:48:30.361	0.83288				2
2025.02.03	00:48:33.993		0.83316			4
2025.02.03	00:48:50.807	0.83284	0.83302			6
2025.02.03	00:48:51.150	0.83281				2
2025.02.03	00:48:51.496	0.83280				2
2025.02.03	00:48:51.995	0.83278	0.83306			6
2025.02.03	00:48:52.344	0.83276				2
2025.02.03	00:48:54.299	0.83275	0.83302			6
2025.02.03	00:48:54.994	0.83276				2
2025.02.03	00:48:55.315	0.83277	0.83303			6
2025.02.03	00:48:57.694	0.83278				2
2025.02.03	00:48:58.347		0.83306			4
2025.02.03	00:48:58.658	0.83276				2
2025.02.03	00:48:59.367	0.83274	0.83302			6
2025.02.03	00:49:00.335	0.83278	0.83308			6
2025.02.03	00:49:00.692	0.83281	0.83311			6
2025.02.03	00:49:01.113	0.83282	0.83312			6
2025.02.03	00:49:02.416	0.83278	0.83308			6
2025.02.03	00:49:03.496		0.83304			4
2025.02.03	00:49:03.823	0.83277				2
2025.02.03	00:49:06.322	0.83274				2
2025.02.03	00:49:11.067	0.83281				2
2025.02.03	00:49:11.599	0.83274				2
2025.02.03	00:49:19.184	0.83277	0.83307			6
2025.02.03	00:49:21.179	0.83282	0.83312			6
2025.02.03	00:49:22.306	0.83276	0.83306			6
2025.02.03	00:49:24.365	0.83279	0.83309			6
2025.02.03	00:49:27.343	0.83273	0.83303			6
2025.02.03	00:49:28.333	0.83270	0.83300			6
2025.02.03	00:49:29.991	0.83276	0.83306			6
2025.02.03	00:49:31.020	0.83278	0.83308			6
2025.02.03	00:49:36.320	0.83275	0.83305			6
2025.02.03	00:49:45.188	0.83273	0.83303			6
2025.02.03	00:49:48.272	0.83277	0.83307			6
2025.02.03	00:49:49.597	0.83281	0.83301			6
2025.02.03	00:49:50.198	0.83280				2
2025.02.03	00:49:50.793	0.83278				2
2025.02.03	00:49:52.294	0.83275	0.83298			6
2025.02.03	00:49:52.994		0.83299			4
2025.02.03	00:49:53.367	0.83273				2
2025.02.03	00:49:55.607	0.83272				2
2025.02.03	00:49:56.617	0.83275				2
2025.02.03	00:49:57.058	0.83276	0.83296			6
2025.02.03	00:49:58.561		0.83298			4
2025.02.03	00:49:59.265	0.83279	0.83305			6
2025.02.03	00:49:59.589	0.83278				2
2025.02.03	00:49:59.948	0.83279				2
2025.02.03	00:50:00.298	0.83278	0.83302			6
2025.02.03	00:50:01.823	0.83277				2
2025.02.03	00:50:04.294	0.83276				2
2025.02.03	00:50:05.612	0.83275				2
2025.02.03	00:50:06.490	0.83276				2
2025.02.03	00:50:11.162	0.83282	0.83315			6
2025.02.03	00:50:13.544		0.83317			4
2025.02.03	00:50:20.321		0.83318			4
2025.02.03	00:50:21.695		0.83319			4
2025.02.03	00:50:27.092		0.83318			4
2025.02.03	00:50:27.402		0.83315			4
2025.02.03	00:50:27.748		0.83319			4
2025.02.03	00:50:29.499		0.83318			4
2025.02.03	00:50:38.350		0.83319			4
2025.02.03	00:50:43.841		0.83320			4
2025.02.03	00:50:44.329		0.83323			4
2025.02.03	00:50:56.353	0.83278	0.83329			6
2025.02.03	00:50:56.658	0.83266	0.83336			6
2025.02.03	00:50:57.672	0.83272	0.83333			6
2025.02.03	00:50:58.452	0.83275	0.83329			6
2025.02.03	00:50:59.437		0.83327			4
2025.02.03	00:50:59.779		0.83326			4
2025.02.03	00:51:00.357	0.83275	0.83325			6
2025.02.03	00:51:01.070		0.83323			4
2025.02.03	00:51:01.736		0.83324			4
2025.02.03	00:51:02.618		0.83326			4
2025.02.03	00:51:03.471	0.83270	0.83323			6
2025.02.03	00:51:05.911	0.83265	0.83328			6
2025.02.03	00:51:06.930	0.83266				2
2025.02.03	00:51:07.465		0.83329			4
2025.02.03	00:51:09.660		0.83328			4
2025.02.03	00:51:11.029	0.83274	0.83326			6
2025.02.03	00:51:11.419		0.83328			4
2025.02.03	00:51:12.943	0.83268	0.83327			6
2025.02.03	00:51:13.945		0.83330			4
2025.02.03	00:51:14.249		0.83328			4
2025.02.03	00:51:14.622		0.83329			4
2025.02.03	00:51:14.963		0.83330			4
2025.02.03	00:51:17.449	0.83283	0.83334			6
2025.02.03	00:51:17.758	0.83295	0.83344			6
2025.02.03	00:51:18.355		0.83346			4
2025.02.03	00:51:19.153	0.83291	0.83345			6
2025.02.03	00:51:19.490		0.83342			4
2025.02.03	00:51:19.996	0.83295				2
2025.02.03	00:51:20.738	0.83296				2
2025.02.03	00:51:22.002		0.83343			4
2025.02.03	00:51:25.999		0.83344			4
2025.02.03	00:51:26.459		0.83343			4
2025.02.03	00:51:28.957		0.83340			4
2025.02.03	00:51:30.493		0.83342			4
2025.02.03	00:51:30.804		0.83344			4
2025.02.03	00:51:31.869	0.83283	0.83357			6
2025.02.03	00:51:32.173	0.83295				2
2025.02.03	00:51:32.485	0.83292	0.83358			6
2025.02.03	00:51:33.360	0.83295	0.83352			6
2025.02.03	00:51:33.685		0.83359			4
2025.02.03	00:51:34.691		0.83360			4
2025.02.03	00:51:34.996	0.83289	0.83359			6
2025.02.03	00:51:36.213	0.83294	0.83355			6
2025.02.03	00:51:37.149	0.83296	0.83341			6
2025.02.03	00:51:38.792		0.83340			4
2025.02.03	00:51:43.487	0.83292	0.83341			6
2025.02.03	00:51:43.917	0.83293	0.83334			6
2025.02.03	00:51:44.590	0.83297	0.83332			6
2025.02.03	00:51:45.887		0.83331			4
2025.02.03	00:51:46.598		0.83330			4
2025.02.03	00:51:47.797		0.83331			4
2025.02.03	00:51:48.324		0.83333			4
2025.02.03	00:51:48.756		0.83328			4
2025.02.03	00:51:49.359	0.83289				2
2025.02.03	00:51:49.759	0.83290				2
2025.02.03	00:51:50.730	0.83292	0.83326			6
2025.02.03	00:51:51.060	0.83293	0.83325			6
2025.02.03	00:51:52.180	0.83292	0.83323			6
2025.02.03	00:51:52.547		0.83322			4
2025.02.03	00:51:54.349	0.83291	0.83323			6
2025.02.03	00:51:54.721	0.83290				2
2025.02.03	00:51:55.116	0.83288	0.83326			6
2025.02.03	00:51:55.422	0.83287				2
2025.02.03	00:51:57.427	0.83290	0.83323			6
2025.02.03	00:51:58.151	0.83289	0.83324			6
2025.02.03	00:51:58.759	0.83288				2
2025.02.03	00:51:59.298	0.83289				2
2025.02.03	00:52:00.195	0.83289				2
2025.02.03	00:52:06.206	0.83290	0.83325			6
2025.02.03	00:52:07.281		0.83326			4
2025.02.03	00:52:08.283	0.83289	0.83327			6
2025.02.03	00:52:09.256	0.83293	0.83323			6
2025.02.03	00:52:14.494	0.83292				2
2025.02.03	00:52:17.336	0.83291	0.83324			6
2025.02.03	00:52:20.353	0.83293	0.83322			6
2025.02.03	00:52:20.662	0.83292	0.83323			6
2025.02.03	00:52:22.361	0.83290	0.83325			6
2025.02.03	00:52:23.892		0.83326			4
2025.02.03	00:52:24.893	0.83293	0.83322			6
2025.02.03	00:52:28.469	0.83292	0.83323			6
2025.02.03	00:52:30.061	0.83291	0.83324			6
2025.02.03	00:52:31.986	0.83293	0.83322			6
2025.02.03	00:52:34.225	0.83291	0.83324			6
2025.02.03	00:52:34.704	0.83290				2
2025.02.03	00:52:36.192		0.83323			4
2025.02.03	00:52:38.193	0.83291				2
2025.02.03	00:52:40.150	0.83290				2
2025.02.03	00:52:41.401	0.83262	0.83328			6
2025.02.03	00:52:41.702	0.83260	0.83322			6
2025.02.03	00:52:42.022	0.83264				2
2025.02.03	00:52:42.323	0.83267	0.83319			6
2025.02.03	00:52:42.642	0.83258				2
2025.02.03	00:52:42.952	0.83257				2
2025.02.03	00:52:43.267	0.83274	0.83315			6
2025.02.03	00:52:43.598	0.83266	0.83319			6
2025.02.03	00:52:44.540	0.83275	0.83318			6
2025.02.03	00:52:44.858		0.83315			4
2025.02.03	00:52:45.758	0.83274	0.83316			6
2025.02.03	00:52:46.064	0.83273	0.83319			6
2025.02.03	00:52:46.425		0.83318			4
2025.02.03	00:52:46.898	0.83275	0.83319			6
2025.02.03	00:52:47.373		0.83316			4
2025.02.03	00:52:48.006		0.83315			4
2025.02.03	00:52:48.488	0.83281	0.83321			6
2025.02.03	00:52:48.804	0.83282				2
2025.02.03	00:52:50.357	0.83281				2
2025.02.03	00:52:51.098	0.83269	0.83326			6
2025.02.03	00:52:51.402	0.83277	0.83322			6
2025.02.03	00:52:51.721		0.83323			4
2025.02.03	00:52:52.031	0.83271	0.83306			6
2025.02.03	00:52:52.347	0.83276	0.83324			6
2025.02.03	00:52:53.084	0.83243	0.83288			6
2025.02.03	00:52:54.689	0.83269	0.83329			6
2025.02.03	00:52:55.054	0.83275	0.83323			6
2025.02.03	00:52:55.468	0.83276	0.83322			6
2025.02.03	00:52:55.841	0.83274	0.83324			6
2025.02.03	00:52:56.362	0.83269	0.83329			6
2025.02.03	00:52:56.664	0.83275	0.83322			6
2025.02.03	00:52:56.971	0.83272	0.83326			6
2025.02.03	00:52:57.361	0.83277	0.83321			6
2025.02.03	00:52:57.801	0.83278	0.83320			6
2025.02.03	00:52:58.104	0.83279	0.83319			6
2025.02.03	00:52:59.169	0.83277	0.83321			6
2025.02.03	00:52:59.587		0.83322			4
2025.02.03	00:53:00.279	0.83279	0.83320			6
2025.02.03	00:53:00.761	0.83286	0.83327			6
2025.02.03	00:53:04.350		0.83326			4
2025.02.03	00:53:04.950	0.83285	0.83328			6
2025.02.03	00:53:07.701	0.83286	0.83327			6
2025.02.03	00:53:08.687		0.83325			4
2025.02.03	00:53:09.382	0.83285				2
2025.02.03	00:53:09.693	0.83284				2
2025.02.03	00:53:10.702	0.83286				2
2025.02.03	00:53:13.103	0.83288	0.83317			6
2025.02.03	00:53:13.422	0.83287				2
2025.02.03	00:53:13.730	0.83289				2
2025.02.03	00:53:15.303		0.83320			4
2025.02.03	00:53:17.312	0.83288	0.83317			6
2025.02.03	00:53:17.627	0.83289				2
2025.02.03	00:53:18.003	0.83291	0.83320			6
2025.02.03	00:53:18.306	0.83290				2
2025.02.03	00:53:18.630	0.83288	0.83332			6
2025.02.03	00:53:19.025	0.83290	0.83328			6
2025.02.03	00:53:19.327	0.83292	0.83330			6
2025.02.03	00:53:19.655	0.83293	0.83331			6
2025.02.03	00:53:19.991	0.83291	0.83329			6
2025.02.03	00:53:20.445	0.83292	0.83330			6
2025.02.03	00:53:21.473	0.83291	0.83329			6
2025.02.03	00:53:23.529		0.83328			4
2025.02.03	00:53:28.043	0.83293	0.83329			6
2025.02.03	00:53:28.969	0.83296	0.83333			6
2025.02.03	00:53:29.297	0.83291	0.83330			6
2025.02.03	00:53:30.393	0.83293				2
2025.02.03	00:53:32.101	0.83291	0.83331			6
2025.02.03	00:53:34.228	0.83296	0.83333			6
2025.02.03	00:53:34.739	0.83295				2
2025.02.03	00:53:35.196		0.83334			4
2025.02.03	00:53:35.620	0.83296	0.83333			6
2025.02.03	00:53:39.098		0.83332			4
2025.02.03	00:53:39.552	0.83291	0.83330			6
2025.02.03	00:53:40.355	0.83292				2
2025.02.03	00:53:40.698	0.83293	0.83329			6
2025.02.03	00:53:42.780	0.83289				2
2025.02.03	00:53:43.896	0.83291				2
2025.02.03	00:53:45.999	0.83290				2
2025.02.03	00:53:47.035	0.83291	0.83327			6
2025.02.03	00:53:47.348	0.83290	0.83326			6
2025.02.03	00:53:48.604	0.83289				2
2025.02.03	00:53:50.356	0.83290	0.83334			6
2025.02.03	00:53:50.676	0.83283	0.83338			6
2025.02.03	00:53:50.981	0.83279	0.83341			6
2025.02.03	00:53:51.995	0.83281				2
2025.02.03	00:53:52.301		0.83340			4
2025.02.03	00:53:53.494	0.83283				2
2025.02.03	00:53:54.036	0.83289				2
2025.02.03	00:53:54.422	0.83290	0.83339			6
2025.02.03	00:53:55.110	0.83291	0.83338			6
2025.02.03	00:53:56.636	0.83288				2
2025.02.03	00:54:00.880	0.83288				2
2025.02.03	00:54:02.633	0.83289				2
2025.02.03	00:54:06.330	0.83288				2
2025.02.03	00:54:06.758	0.83290				2
2025.02.03	00:54:08.798	0.83291				2
2025.02.03	00:54:13.020		0.83339			4
2025.02.03	00:54:13.383	0.83285				2
2025.02.03	00:54:14.464	0.83288				2
2025.02.03	00:54:18.831	0.83290				2
2025.02.03	00:54:22.696	0.83288				2
2025.02.03	00:54:25.308	0.83293	0.83338			6
2025.02.03	00:54:25.765	0.83291				2
2025.02.03	00:54:26.115	0.83294				2
2025.02.03	00:54:27.548	0.83295				2
2025.02.03	00:54:28.723	0.83294				2
2025.02.03	00:54:29.075	0.83285	0.83343			6
2025.02.03	00:54:29.498	0.83294	0.83333			6
2025.02.03	00:54:30.491	0.83293	0.83336			6
2025.02.03	00:54:31.094	0.83298	0.83334			6
2025.02.03	00:54:33.216	0.83299	0.83335			6
2025.02.03	00:54:33.652	0.83298	0.83334			6
2025.02.03	00:54:34.279		0.83333			4
2025.02.03	00:54:35.511	0.83299	0.83334			6
2025.02.03	00:54:39.699	0.83298				2
2025.02.03	00:54:42.544	0.83288	0.83345			6
2025.02.03	00:54:42.852	0.83285	0.83346			6
2025.02.03	00:54:43.772	0.83283	0.83348			6
2025.02.03	00:54:44.352	0.83285	0.83346			6
2025.02.03	00:54:44.871	0.83286	0.83344			6
2025.02.03	00:54:46.306	0.83278	0.83359			6
2025.02.03	00:54:46.622	0.83277	0.83368			6
2025.02.03	00:54:47.265		0.83365			4
2025.02.03	00:54:48.699		0.83364			4
2025.02.03	00:54:49.325		0.83355			4
2025.02.03	00:54:50.144	0.83278	0.83342			6
2025.02.03	00:54:52.258	0.83284				2
2025.02.03	00:54:52.620	0.83285				2
2025.02.03	00:54:53.972	0.83289				2
2025.02.03	00:54:54.696	0.83284				2
2025.02.03	00:54:55.597	0.83288				2
2025.02.03	00:54:57.314	0.83291	0.83347			6
2025.02.03	00:54:57.812	0.83285				2
2025.02.03	00:54:58.348		0.83348			4
2025.02.03	00:54:58.661	0.83286	0.83346			6
2025.02.03	00:54:59.513	0.83292	0.83347			6
2025.02.03	00:55:00.394	0.83292				2
2025.02.03	00:55:00.878	0.83288	0.83341			6
2025.02.03	00:55:01.182		0.83319			4
2025.02.03	00:55:01.502	0.83282	0.83316			6
2025.02.03	00:55:01.826		0.83314			4
2025.02.03	00:55:02.361	0.83268				2
2025.02.03	00:55:02.672	0.83271				2
2025.02.03	00:55:04.477		0.83318			4
2025.02.03	00:55:07.154		0.83326			4
2025.02.03	00:55:12.373		0.83321			4
2025.02.03	00:55:12.979	0.83274	0.83316			6
2025.02.03	00:55:13.294	0.83272				2
2025.02.03	00:55:13.687	0.83271				2
2025.02.03	00:55:16.479	0.83277				2
2025.02.03	00:55:17.927	0.83279				2
2025.02.03	00:55:18.374	0.83277				2
2025.02.03	00:55:19.342	0.83284	0.83321			6
2025.02.03	00:55:20.380	0.83285				2
2025.02.03	00:55:21.352	0.83286				2
2025.02.03	00:55:26.107	0.83288				2
2025.02.03	00:55:28.315	0.83280	0.83314			6
2025.02.03	00:55:28.632	0.83275				2
2025.02.03	00:55:29.075	0.83274	0.83316			6
2025.02.03	00:55:31.081		0.83314			4
2025.02.03	00:55:32.152		0.83311			4
2025.02.03	00:55:32.758		0.83307			4
2025.02.03	00:55:33.183		0.83306			4
2025.02.03	00:55:36.175	0.83272				2
2025.02.03	00:55:36.940		0.83307			4
2025.02.03	00:55:39.942	0.83273				2
2025.02.03	00:55:48.093		0.83306			4
2025.02.03	00:55:49.900		0.83307			4
2025.02.03	00:55:50.394	0.83275	0.83314			6
2025.02.03	00:55:52.295	0.83276	0.83313			6
2025.02.03	00:55:53.593		0.83312			4
2025.02.03	00:55:55.094		0.83311			4
2025.02.03	00:55:55.753	0.83277	0.83310			6
2025.02.03	00:55:56.330	0.83276	0.83309			6
2025.02.03	00:55:58.464	0.83279	0.83313			6
2025.02.03	00:55:58.793		0.83312			4
2025.02.03	00:56:00.393	0.83278	0.83314			6
2025.02.03	00:56:00.701	0.83281				2
2025.02.03	00:56:02.177	0.83282				2
2025.02.03	00:56:03.561	0.83280	0.83316			6
2025.02.03	00:56:09.252	0.83279	0.83317			6
2025.02.03	00:56:10.256	0.83282	0.83314			6
2025.02.03	00:56:17.500	0.83283				2
2025.02.03	00:56:24.008	0.83277	0.83320			6
2025.02.03	00:56:24.332	0.83270	0.83322			6
2025.02.03	00:56:25.633	0.83269	0.83331			6
2025.02.03	00:56:27.717	0.83272	0.83320			6
2025.02.03	00:56:29.309	0.83273	0.83322			6
2025.02.03	00:56:30.102		0.83325			4
2025.02.03	00:56:30.738		0.83324			4
2025.02.03	00:56:31.897		0.83323			4
2025.02.03	00:56:32.268		0.83325			4
2025.02.03	00:56:33.676	0.83275	0.83317			6
2025.02.03	00:56:34.341	0.83276				2
2025.02.03	00:56:36.724	0.83270	0.83324			6
2025.02.03	00:56:37.872	0.83265	0.83330			6
2025.02.03	00:56:38.188	0.83269	0.83326			6
2025.02.03	00:56:39.182	0.83276	0.83319			6
2025.02.03	00:56:40.259		0.83318			4
2025.02.03	00:56:42.993	0.83275				2
2025.02.03	00:56:43.915	0.83273	0.83319			6
2025.02.03	00:56:44.477	0.83277	0.83318			6
2025.02.03	00:56:44.795	0.83275				2
2025.02.03	00:56:45.472	0.83276	0.83317			6
2025.02.03	00:56:47.193	0.83278				2
2025.02.03	00:56:53.534	0.83279	0.83316			6
2025.02.03	00:56:54.027	0.83277				2
2025.02.03	00:56:58.921		0.83315			4
2025.02.03	00:56:59.240	0.83278	0.83317			6
2025.02.03	00:57:00.241	0.83278	0.83315			6
2025.02.03	00:57:04.123	0.83276	0.83317			6
2025.02.03	00:57:08.217	0.83282	0.83311			6
2025.02.03	00:57:09.303	0.83284	0.83313			6
2025.02.03	00:57:10.379	0.83285				2
2025.02.03	00:57:19.445	0.83283	0.83311			6
2025.02.03	00:57:23.310	0.83277				2
2025.02.03	00:57:24.361	0.83278				2
2025.02.03	00:57:25.348	0.83264	0.83309			6
2025.02.03	00:57:25.880	0.83268	0.83307			6
2025.02.03	00:57:26.210	0.83269				2
2025.02.03	00:57:26.719	0.83266				2
2025.02.03	00:57:27.033	0.83263	0.83308			6
2025.02.03	00:57:27.712	0.83262	0.83309			6
2025.02.03	00:57:28.293	0.83266				2
2025.02.03	00:57:28.698	0.83267	0.83308			6
2025.02.03	00:57:29.497	0.83275	0.83304			6
2025.02.03	00:57:30.293	0.83272	0.83306			6
2025.02.03	00:57:30.695	0.83276				2
2025.02.03	00:57:31.379	0.83277	0.83305			6
2025.02.03	00:57:37.301	0.83278				2
2025.02.03	00:57:44.705	0.83277	0.83306			6
2025.02.03	00:57:45.705	0.83276				2
2025.02.03	00:57:47.687	0.83278	0.83307			6
2025.02.03	00:57:55.725		0.83306			4
2025.02.03	00:57:57.994	0.83279				2
2025.02.03	00:58:00.696	0.83279				2
2025.02.03	00:58:03.514	0.83276	0.83305			6
2025.02.03	00:58:06.716	0.83275				2
2025.02.03	00:58:08.756	0.83270	0.83333			6
2025.02.03	00:58:09.063	0.83266	0.83337			6
2025.02.03	00:58:09.388	0.83263				2
2025.02.03	00:58:09.704		0.83330			4
2025.02.03	00:58:10.296	0.83257	0.83332			6
2025.02.03	00:58:11.493		0.83333			4
2025.02.03	00:58:12.450		0.83332			4
2025.02.03	00:58:14.203	0.83249	0.83331			6
2025.02.03	00:58:16.221		0.83332			4
2025.02.03	00:58:17.801		0.83331			4
2025.02.03	00:58:18.213		0.83330			4
2025.02.03	00:58:19.056		0.83328			4
2025.02.03	00:58:23.794	0.83250	0.83327			6
2025.02.03	00:58:25.222	0.83249	0.83328			6
2025.02.03	00:58:26.496		0.83327			4
2025.02.03	00:58:27.627	0.83254	0.83321			6
2025.02.03	00:58:27.993	0.83260				2
2025.02.03	00:58:28.758	0.83257	0.83323			6
2025.02.03	00:58:30.384	0.83258				2
2025.02.03	00:58:30.899	0.83262	0.83327			6
2025.02.03	00:58:31.294	0.83263	0.83326			6
2025.02.03	00:58:31.779	0.83256				2
2025.02.03	00:58:32.341	0.83259	0.83323			6
2025.02.03	00:58:34.282	0.83257				2
2025.02.03	00:58:35.207	0.83258				2
2025.02.03	00:58:35.797	0.83260				2
2025.02.03	00:58:37.478	0.83259				2
2025.02.03	00:58:37.884	0.83260				2
2025.02.03	00:58:40.543	0.83259				2
2025.02.03	00:58:40.916	0.83260				2
2025.02.03	00:58:43.041	0.83262	0.83321			6
2025.02.03	00:58:46.593	0.83263	0.83320			6
2025.02.03	00:58:49.604	0.83244	0.83308			6
2025.02.03	00:58:49.935		0.83307			4
2025.02.03	00:58:50.302	0.83252				2
2025.02.03	00:58:51.305	0.83246	0.83306			6
2025.02.03	00:58:51.781		0.83305			4
2025.02.03	00:58:52.756	0.83251	0.83300			6
2025.02.03	00:58:54.025	0.83253	0.83299			6
2025.02.03	00:58:55.364	0.83254	0.83298			6
2025.02.03	00:58:55.688	0.83256	0.83296			6
2025.02.03	00:58:56.421	0.83259	0.83292			6
2025.02.03	00:58:57.481	0.83262	0.83290			6
2025.02.03	00:58:58.495	0.83259	0.83292			6
2025.02.03	00:58:58.860	0.83261	0.83290			6
2025.02.03	00:58:59.837	0.83262				2
2025.02.03	00:59:00.301	0.83258	0.83288			6
2025.02.03	00:59:02.877	0.83254	0.83292			6
2025.02.03	00:59:08.067	0.83253	0.83293			6
2025.02.03	00:59:08.558	0.83254	0.83292			6
2025.02.03	00:59:08.885	0.83255	0.83291			6
2025.02.03	00:59:13.595	0.83256	0.83290			6
2025.02.03	00:59:16.665	0.83257	0.83289			6
2025.02.03	00:59:18.820	0.83255	0.83291			6
2025.02.03	00:59:21.686	0.83256	0.83290			6
2025.02.03	00:59:29.515	0.83257	0.83289			6
2025.02.03	00:59:33.070	0.83262	0.83291			6
2025.02.03	00:59:40.462	0.83258	0.83295			6
2025.02.03	00:59:44.547	0.83259	0.83294			6
2025.02.03	00:59:46.226	0.83256	0.83297			6
2025.02.03	00:59:46.783		0.83296			4
2025.02.03	00:59:47.194	0.83254	0.83299			6
2025.02.03	00:59:47.879	0.83256	0.83297			6
2025.02.03	00:59:48.191		0.83296			4
2025.02.03	00:59:48.587	0.83258	0.83294			6
2025.02.03	00:59:50.505	0.83259				2
2025.02.03	00:59:51.236	0.83260	0.83293			6
2025.02.03	00:59:59.922	0.83289	0.83321			6
2025.02.03	01:00:00.225	0.83274	0.83331			6
2025.02.03	01:00:00.527	0.83257	0.83325			6
2025.02.03	01:00:00.829	0.83262				2
2025.02.03	01:00:01.448	0.83263	0.83332			6
2025.02.03	01:00:01.751	0.83270				2
2025.02.03	01:00:02.063	0.83264	0.83330			6
2025.02.03	01:00:02.382	0.83261				2
2025.02.03	01:00:02.684	0.83285	0.83327			6
2025.02.03	01:00:02.987	0.83292				2
2025.02.03	01:00:03.308	0.83287	0.83322			6
2025.02.03	01:00:03.624	0.83297				2
2025.02.03	01:00:03.928	0.83296				2
2025.02.03	01:00:04.303	0.83275	0.83312			6
2025.02.03	01:00:04.610	0.83291	0.83317			6
2025.02.03	01:00:04.936	0.83294	0.83322			6
2025.02.03	01:00:05.240	0.83286				2
2025.02.03	01:00:05.540	0.83304	0.83319			6
2025.02.03	01:00:05.844	0.83298				2
2025.02.03	01:00:06.293	0.83297				2
2025.02.03	01:00:06.595	0.83300				2
2025.02.03	01:00:06.979	0.83299				2
2025.02.03	01:00:07.298	0.83307				2
2025.02.03	01:00:07.626	0.83310				2
2025.02.03	01:00:08.352	0.83312				2
2025.02.03	01:00:08.663	0.83311				2
2025.02.03	01:00:09.298	0.83313				2
2025.02.03	01:00:09.609	0.83323	0.83324			6
2025.02.03	01:00:09.924	0.83327	0.83336			6
2025.02.03	01:00:10.226	0.83314	0.83319			6
2025.02.03	01:00:10.536	0.83320	0.83336			6
2025.02.03	01:00:10.845		0.83321			4
2025.02.03	01:00:11.999	0.83318	0.83336			6
2025.02.03	01:00:12.309	0.83319				2
2025.02.03	01:00:12.644	0.83318	0.83319			6
2025.02.03	01:00:12.947	0.83319	0.83320			6
2025.02.03	01:00:13.323	0.83322	0.83323			6
2025.02.03	01:00:13.671	0.83323	0.83324			6
2025.02.03	01:00:13.983	0.83324	0.83325			6
2025.02.03	01:00:14.388	0.83326	0.83336			6
2025.02.03	01:00:14.759	0.83324				2
2025.02.03	01:00:15.062	0.83323	0.83324			6
2025.02.03	01:00:15.389	0.83325	0.83336			6
2025.02.03	01:00:15.781	0.83332	0.83340			6
2025.02.03	01:00:16.131	0.83318				2
2025.02.03	01:00:16.432	0.83323	0.83324			6
2025.02.03	01:00:17.202	0.83326	0.83327			6
2025.02.03	01:00:17.506	0.83327	0.83328			6
2025.02.03	01:00:18.143	0.83328	0.83340			6
2025.02.03	01:00:18.484	0.83311				2
2025.02.03	01:00:19.779		0.83321			4
2025.02.03	01:00:20.083		0.83340			4
2025.02.03	01:00:20.391		0.83321			4
2025.02.03	01:00:20.705		0.83325			4
2025.02.03	01:00:21.055	0.83307	0.83319			6
2025.02.03	01:00:24.849	0.83300				2
2025.02.03	01:00:25.560	0.83292				2
2025.02.03	01:00:25.878	0.83284				2
2025.02.03	01:00:26.184	0.83275				2
2025.02.03	01:00:27.104	0.83273				2
2025.02.03	01:00:27.405	0.83282				2
2025.02.03	01:00:27.727	0.83262	0.83356			6
2025.02.03	01:00:28.344	0.83241	0.83325			6
2025.02.03	01:00:28.674		0.83319			4
2025.02.03	01:00:29.067	0.83223				2
2025.02.03	01:00:29.696	0.83233				2
2025.02.03	01:00:30.020	0.83220				2
2025.02.03	01:00:30.324		0.83340			4
2025.02.03	01:00:30.652	0.83245				2
2025.02.03	01:00:30.959	0.83221				2
2025.02.03	01:00:31.263	0.83206				2
2025.02.03	01:00:31.585	0.83216				2
2025.02.03	01:00:32.190	0.83217				2
2025.02.03	01:00:32.823	0.83248	0.83315			6
2025.02.03	01:00:33.144	0.83255	0.83314			6
2025.02.03	01:00:33.460		0.83306			4
2025.02.03	01:00:33.765	0.83260	0.83298			6
2025.02.03	01:00:34.069	0.83261				2
2025.02.03	01:00:34.383	0.83260	0.83296			6
2025.02.03	01:00:34.699	0.83273	0.83316			6
2025.02.03	01:00:35.007	0.83234	0.83325			6
2025.02.03	01:00:35.325	0.83227	0.83294			6
2025.02.03	01:00:35.684	0.83233	0.83281			6
2025.02.03	01:00:35.987	0.83234	0.83279			6
2025.02.03	01:00:36.289	0.83240	0.83264			6
2025.02.03	01:00:36.604	0.83231	0.83300			6
2025.02.03	01:00:36.923	0.83229	0.83277			6
2025.02.03	01:00:37.239	0.83228	0.83276			6
2025.02.03	01:00:37.581	0.83222				2
2025.02.03	01:00:37.885	0.83224				2
2025.02.03	01:00:38.210	0.83221	0.83279			6
2025.02.03	01:00:38.540	0.83222	0.83275			6
2025.02.03	01:00:38.851		0.83274			4
2025.02.03	01:00:39.203	0.83220				2
2025.02.03	01:00:39.563	0.83229	0.83260			6
2025.02.03	01:00:39.864	0.83231	0.83254			6
2025.02.03	01:00:40.205	0.83230	0.83255			6
2025.02.03	01:00:40.509	0.83214	0.83258			6
2025.02.03	01:00:40.824	0.83198	0.83287			6
2025.02.03	01:00:41.126	0.83207	0.83280			6
2025.02.03	01:00:41.430		0.83269			4
2025.02.03	01:00:41.731	0.83210	0.83268			6
2025.02.03	01:00:42.096		0.83282			4
2025.02.03	01:00:43.025	0.83206	0.83299			6
2025.02.03	01:00:44.013	0.83198				2
2025.02.03	01:00:44.324	0.83199				2
2025.02.03	01:00:44.643	0.83198				2
2025.02.03	01:00:45.614	0.83197	0.83284			6
2025.02.03	01:00:45.927	0.83201	0.83289			6
2025.02.03	01:00:46.228	0.83199	0.83291			6
2025.02.03	01:00:46.544	0.83245	0.83264			6
2025.02.03	01:00:46.895	0.83243	0.83262			6
2025.02.03	01:00:47.203	0.83218	0.83282			6
2025.02.03	01:00:47.504	0.83213	0.83269			6
2025.02.03	01:00:47.809	0.83215	0.83252			6
2025.02.03	01:00:48.503	0.83214				2
2025.02.03	01:00:48.806		0.83251			4
2025.02.03	01:00:49.127	0.83212	0.83255			6
2025.02.03	01:00:49.430	0.83207				2
2025.02.03	01:00:49.732	0.83186	0.83249			6
2025.02.03	01:00:50.091	0.83180	0.83242			6
2025.02.03	01:00:50.404	0.83179	0.83239			6
2025.02.03	01:00:50.707	0.83180	0.83238			6
2025.02.03	01:00:51.036	0.83179	0.83241			6
2025.02.03	01:00:51.344	0.83184	0.83236			6
2025.02.03	01:00:51.654	0.83178				2
2025.02.03	01:00:51.956	0.83186	0.83226			6
2025.02.03	01:00:52.265	0.83180	0.83230			6
2025.02.03	01:00:52.595	0.83174	0.83241			6
2025.02.03	01:00:52.904		0.83233			4
2025.02.03	01:00:53.249	0.83179	0.83226			6
2025.02.03	01:00:53.577	0.83182	0.83230			6
2025.02.03	01:00:53.904	0.83181	0.83236			6
2025.02.03	01:00:54.225	0.83179	0.83233			6
2025.02.03	01:00:54.549	0.83178	0.83234			6
2025.02.03	01:00:54.864	0.83180	0.83231			6
2025.02.03	01:00:55.171	0.83176	0.83234			6
2025.02.03	01:00:55.882		0.83235			4
2025.02.03	01:00:56.522	0.83178	0.83233			6
2025.02.03	01:00:56.905	0.83177	0.83234			6
2025.02.03	01:00:57.243	0.83179	0.83230			6
2025.02.03	01:00:57.547	0.83186	0.83227			6
2025.02.03	01:00:57.848	0.83182	0.83232			6
2025.02.03	01:00:58.178	0.83192	0.83223			6
2025.02.03	01:00:58.521	0.83179	0.83232			6
2025.02.03	01:00:58.916	0.83191	0.83229			6
2025.02.03	01:00:59.224	0.83201	0.83226			6
2025.02.03	01:00:59.528	0.83204	0.83234			6
2025.02.03	01:00:59.854	0.83208	0.83231			6
2025.02.03	01:01:00.168	0.83212	0.83240			6
2025.02.03	01:01:00.484	0.83206	0.83247			6
2025.02.03	01:01:00.826	0.83210	0.83242			6
2025.02.03	01:01:01.476	0.83208	0.83244			6
2025.02.03	01:01:01.784	0.83210	0.83242			6
2025.02.03	01:01:02.435	0.83211	0.83240			6
2025.02.03	01:01:02.771	0.83213	0.83241			6
2025.02.03	01:01:03.101	0.83211	0.83243			6
2025.02.03	01:01:03.403		0.83245			4
2025.02.03	01:01:03.720	0.83209	0.83242			6
2025.02.03	01:01:04.027	0.83211	0.83245			6
2025.02.03	01:01:04.344	0.83217	0.83242			6
2025.02.03	01:01:04.687	0.83218				2
2025.02.03	01:01:05.008		0.83236			4
2025.02.03	01:01:05.332	0.83219	0.83238			6
2025.02.03	01:01:05.647	0.83217	0.83241			6
2025.02.03	01:01:05.964	0.83219	0.83240			6
2025.02.03	01:01:06.285	0.83217	0.83238			6
2025.02.03	01:01:06.632		0.83240			4
2025.02.03	01:01:06.944	0.83218				2
2025.02.03	01:01:07.264	0.83219	0.83239			6
2025.02.03	01:01:07.566	0.83212	0.83243			6
2025.02.03	01:01:07.902	0.83218	0.83239			6
2025.02.03	01:01:08.203	0.83215	0.83244			6
2025.02.03	01:01:08.524	0.83227	0.83247			6
2025.02.03	01:01:08.829	0.83223	0.83242			6
2025.02.03	01:01:09.143	0.83222	0.83246			6
2025.02.03	01:01:09.509	0.83212	0.83249			6
2025.02.03	01:01:09.837	0.83226	0.83264			6
2025.02.03	01:01:10.149	0.83229	0.83262			6
2025.02.03	01:01:10.463	0.83217	0.83258			6
2025.02.03	01:01:10.784	0.83223	0.83259			6
2025.02.03	01:01:11.095	0.83229	0.83272			6
2025.02.03	01:01:11.407	0.83219	0.83292			6
2025.02.03	01:01:11.707	0.83238	0.83269			6
2025.02.03	01:01:12.014	0.83237	0.83275			6
2025.02.03	01:01:12.322	0.83229				2
2025.02.03	01:01:12.649	0.83232	0.83273			6
2025.02.03	01:01:12.963	0.83235				2
2025.02.03	01:01:13.284		0.83261			4
2025.02.03	01:01:13.588	0.83228	0.83270			6
2025.02.03	01:01:13.903	0.83224	0.83273			6
2025.02.03	01:01:14.206	0.83235	0.83266			6
2025.02.03	01:01:14.517	0.83231	0.83279			6
2025.02.03	01:01:14.825	0.83228	0.83284			6
2025.02.03	01:01:15.314		0.83285			4
2025.02.03	01:01:15.619	0.83233	0.83277			6
2025.02.03	01:01:15.932	0.83227	0.83274			6
2025.02.03	01:01:16.353		0.83276			4
2025.02.03	01:01:16.664	0.83226				2
2025.02.03	01:01:16.970	0.83225	0.83268			6
2025.02.03	01:01:17.286	0.83223	0.83278			6
2025.02.03	01:01:17.604	0.83227	0.83273			6
2025.02.03	01:01:17.924	0.83231	0.83263			6
2025.02.03	01:01:18.231	0.83233	0.83270			6
2025.02.03	01:01:18.535	0.83226	0.83274			6
2025.02.03	01:01:18.879	0.83224	0.83273			6
2025.02.03	01:01:19.190	0.83222	0.83266			6
2025.02.03	01:01:19.505	0.83219	0.83268			6
2025.02.03	01:01:19.809	0.83224	0.83245			6
2025.02.03	01:01:20.121	0.83219	0.83252			6
2025.02.03	01:01:20.452	0.83217	0.83253			6
2025.02.03	01:01:20.771	0.83214	0.83259			6
2025.02.03	01:01:21.120	0.83215	0.83258			6
2025.02.03	01:01:21.444	0.83221	0.83254			6
2025.02.03	01:01:21.747	0.83214	0.83262			6
2025.02.03	01:01:22.061	0.83218	0.83259			6
2025.02.03	01:01:22.521	0.83217				2
2025.02.03	01:01:22.929	0.83219	0.83258			6
2025.02.03	01:01:23.475	0.83218	0.83259			6
2025.02.03	01:01:23.785	0.83221	0.83256			6
2025.02.03	01:01:24.145	0.83217	0.83261			6
2025.02.03	01:01:24.465	0.83219	0.83258			6
2025.02.03	01:01:24.897		0.83261			4
2025.02.03	01:01:25.537		0.83260			4
2025.02.03	01:01:25.866	0.83220				2
2025.02.03	01:01:26.418	0.83219	0.83259			6
2025.02.03	01:01:27.094	0.83218	0.83264			6
2025.02.03	01:01:27.450	0.83220				2
2025.02.03	01:01:27.837	0.83221	0.83263			6
2025.02.03	01:01:28.321	0.83224	0.83260			6
2025.02.03	01:01:28.654	0.83223	0.83292			6
2025.02.03	01:01:28.963	0.83226	0.83283			6
2025.02.03	01:01:29.269	0.83222	0.83275			6
2025.02.03	01:01:29.583	0.83226	0.83272			6
2025.02.03	01:01:30.043	0.83227	0.83268			6
2025.02.03	01:01:30.344	0.83217	0.83278			6
2025.02.03	01:01:30.664	0.83221	0.83272			6
2025.02.03	01:01:31.532		0.83268			4
2025.02.03	01:01:32.362	0.83217	0.83273			6
2025.02.03	01:01:32.739	0.83221	0.83269			6
2025.02.03	01:01:33.044		0.83274			4
2025.02.03	01:01:33.389	0.83220	0.83271			6
2025.02.03	01:01:33.757	0.83219	0.83280			6
2025.02.03	01:01:34.076	0.83221	0.83278			6
2025.02.03	01:01:34.604		0.83274			4
2025.02.03	01:01:34.907	0.83209	0.83285			6
2025.02.03	01:01:35.223	0.83226	0.83307			6
2025.02.03	01:01:35.525	0.83229	0.83297			6
2025.02.03	01:01:35.844	0.83221	0.83304			6
2025.02.03	01:01:36.156	0.83229	0.83302			6
2025.02.03	01:01:36.465	0.83235	0.83298			6
2025.02.03	01:01:36.771	0.83231	0.83300			6
2025.02.03	01:01:37.103	0.83233				2
2025.02.03	01:01:37.749	0.83234	0.83299			6
2025.02.03	01:01:38.063	0.83235	0.83300			6
2025.02.03	01:01:38.700	0.83236	0.83301			6
2025.02.03	01:01:39.002	0.83239	0.83293			6
2025.02.03	01:01:39.332	0.83237	0.83296			6
2025.02.03	01:01:39.841	0.83242				2
2025.02.03	01:01:40.159	0.83243	0.83294			6
2025.02.03	01:01:40.466	0.83239	0.83287			6
2025.02.03	01:01:41.029	0.83240	0.83277			6
2025.02.03	01:01:41.358	0.83236	0.83287			6
2025.02.03	01:01:41.678	0.83241	0.83281			6
2025.02.03	01:01:41.985	0.83238	0.83283			6
2025.02.03	01:01:42.385	0.83240	0.83297			6
2025.02.03	01:01:42.704	0.83239	0.83307			6
2025.02.03	01:01:43.023	0.83241	0.83302			6
2025.02.03	01:01:43.344	0.83237	0.83313			6
2025.02.03	01:01:43.663	0.83245				2
2025.02.03	01:01:43.970	0.83244	0.83308			6
2025.02.03	01:01:44.284	0.83256	0.83309			6
2025.02.03	01:01:44.589	0.83248	0.83311			6
2025.02.03	01:01:44.927		0.83313			4
2025.02.03	01:01:45.244	0.83247				2
2025.02.03	01:01:45.551	0.83246				2
2025.02.03	01:01:45.864	0.83256	0.83311			6
2025.02.03	01:01:46.176	0.83255	0.83313			6
2025.02.03	01:01:46.483	0.83254	0.83314			6
2025.02.03	01:01:46.802	0.83258	0.83311			6
2025.02.03	01:01:47.129	0.83257	0.83312			6
2025.02.03	01:01:47.448	0.83256	0.83306			6
2025.02.03	01:01:47.750		0.83300			4
2025.02.03	01:01:48.111	0.83260	0.83292			6
2025.02.03	01:01:48.466	0.83253	0.83308			6
2025.02.03	01:01:48.805	0.83256	0.83304			6
2025.02.03	01:01:49.109		0.83306			4
2025.02.03	01:01:49.443	0.83261	0.83305			6
2025.02.03	01:01:49.787	0.83260	0.83313			6
2025.02.03	01:01:50.090	0.83262	0.83311			6
2025.02.03	01:01:50.705	0.83258	0.83313			6
2025.02.03	01:01:51.016	0.83266	0.83304			6
2025.02.03	01:01:51.322	0.83262	0.83309			6
2025.02.03	01:01:51.631	0.83263	0.83308			6
2025.02.03	01:01:51.973	0.83256	0.83311			6
2025.02.03	01:01:52.285	0.83259	0.83314			6
2025.02.03	01:01:52.651	0.83264	0.83328			6
2025.02.03	01:01:52.965	0.83260	0.83320			6
2025.02.03	01:01:53.285	0.83249	0.83318			6
2025.02.03	01:01:53.602	0.83251	0.83316			6
2025.02.03	01:01:53.904		0.83312			4
2025.02.03	01:01:54.211	0.83248	0.83309			6
2025.02.03	01:01:54.522	0.83231	0.83332			6
2025.02.03	01:01:54.823	0.83248	0.83326			6
2025.02.03	01:01:55.124	0.83251	0.83325			6
2025.02.03	01:01:55.440	0.83247	0.83328			6
2025.02.03	01:01:55.893	0.83246	0.83330			6
2025.02.03	01:01:56.201	0.83245	0.83332			6
2025.02.03	01:01:56.578	0.83243	0.83331			6
2025.02.03	01:01:56.884		0.83328			4
2025.02.03	01:01:57.344	0.83252	0.83317			6
2025.02.03	01:01:57.662	0.83246	0.83323			6
2025.02.03	01:01:57.981	0.83249				2
2025.02.03	01:01:58.289	0.83250	0.83317			6
2025.02.03	01:01:58.625		0.83316			4
2025.02.03	01:01:58.934	0.83254	0.83312			6
2025.02.03	01:01:59.386	0.83246	0.83323			6
2025.02.03	01:01:59.725	0.83252	0.83318			6
2025.02.03	01:02:00.043	0.83253	0.83315			6
2025.02.03	01:02:00.349	0.83256	0.83310			6
2025.02.03	01:02:00.665	0.83252				2
2025.02.03	01:02:00.977	0.83254	0.83308			6
2025.02.03	01:02:01.287	0.83243	0.83292			6
2025.02.03	01:02:01.604	0.83246	0.83316			6
2025.02.03	01:02:01.908		0.83314			4
2025.02.03	01:02:02.224	0.83247	0.83318			6
2025.02.03	01:02:02.540	0.83241	0.83331			6
2025.02.03	01:02:02.853	0.83254	0.83321			6
2025.02.03	01:02:03.182	0.83244	0.83329			6
2025.02.03	01:02:03.489	0.83247	0.83316			6
2025.02.03	01:02:03.803	0.83245				2
2025.02.03	01:02:04.121	0.83249	0.83310			6
2025.02.03	01:02:04.424	0.83251	0.83321			6
2025.02.03	01:02:04.738	0.83253	0.83310			6
2025.02.03	01:02:05.043	0.83254				2
2025.02.03	01:02:05.349	0.83251	0.83313			6
2025.02.03	01:02:05.685	0.83252				2
2025.02.03	01:02:06.063	0.83253	0.83310			6
2025.02.03	01:02:06.375		0.83306			4
2025.02.03	01:02:06.682	0.83252	0.83308			6
2025.02.03	01:02:06.984	0.83256	0.83317			6
2025.02.03	01:02:07.287	0.83263	0.83309			6
2025.02.03	01:02:07.610		0.83310			4
2025.02.03	01:02:07.967	0.83266	0.83314			6
2025.02.03	01:02:08.283	0.83265	0.83315			6
2025.02.03	01:02:09.078		0.83316			4
2025.02.03	01:02:09.387	0.83264	0.83307			6
2025.02.03	01:02:09.701	0.83260	0.83310			6
2025.02.03	01:02:10.003	0.83261				2
2025.02.03	01:02:10.337		0.83308			4
2025.02.03	01:02:10.643	0.83260	0.83310			6
2025.02.03	01:02:10.966		0.83309			4
2025.02.03	01:02:11.341	0.83261	0.83312			6
2025.02.03	01:02:11.659	0.83263	0.83311			6
2025.02.03	01:02:12.000	0.83264	0.83309			6
2025.02.03	01:02:12.304	0.83261	0.83301			6
2025.02.03	01:02:12.655	0.83258	0.83294			6
2025.02.03	01:02:12.967	0.83255	0.83318			6
2025.02.03	01:02:13.285	0.83252	0.83299			6
2025.02.03	01:02:13.603	0.83253	0.83291			6
2025.02.03	01:02:13.922	0.83254	0.83292			6
2025.02.03	01:02:14.241	0.83257	0.83290			6
2025.02.03	01:02:14.874		0.83289			4
2025.02.03	01:02:15.592	0.83253	0.83293			6
2025.02.03	01:02:15.909	0.83255				2
2025.02.03	01:02:16.220		0.83292			4
2025.02.03	01:02:16.563	0.83256	0.83289			6
2025.02.03	01:02:16.874		0.83290			4
2025.02.03	01:02:17.485	0.83254	0.83292			6
2025.02.03	01:02:18.094		0.83290			4
2025.02.03	01:02:18.760	0.83257	0.83289			6
2025.02.03	01:02:19.089	0.83253	0.83291			6
2025.02.03	01:02:19.787	0.83257	0.83289			6
2025.02.03	01:02:20.932	0.83260	0.83293			6
2025.02.03	01:02:21.267	0.83261	0.83292			6
2025.02.03	01:02:22.917	0.83259	0.83293			6
2025.02.03	01:02:23.227	0.83260	0.83291			6
2025.02.03	01:02:23.557		0.83290			4
2025.02.03	01:02:24.194		0.83291			4
2025.02.03	01:02:24.569	0.83261	0.83292			6
2025.02.03	01:02:24.908	0.83260	0.83291			6
2025.02.03	01:02:25.397		0.83301			4
2025.02.03	01:02:25.716	0.83259	0.83303			6
2025.02.03	01:02:26.115	0.83249	0.83280			6
2025.02.03	01:02:26.506	0.83247	0.83278			6
2025.02.03	01:02:27.302	0.83241	0.83275			6
2025.02.03	01:02:27.622		0.83273			4
2025.02.03	01:02:27.924	0.83240	0.83274			6
2025.02.03	01:02:28.822	0.83241	0.83271			6
2025.02.03	01:02:29.153	0.83240	0.83270			6
2025.02.03	01:02:29.495	0.83239	0.83275			6
2025.02.03	01:02:29.949	0.83235	0.83270			6
2025.02.03	01:02:30.263	0.83234	0.83272			6
2025.02.03	01:02:30.664	0.83235	0.83270			6
2025.02.03	01:02:31.168	0.83234	0.83272			6
2025.02.03	01:02:31.584	0.83236	0.83269			6
2025.02.03	01:02:31.926	0.83233	0.83275			6
2025.02.03	01:02:32.294	0.83232	0.83274			6
2025.02.03	01:02:32.609		0.83270			4
2025.02.03	01:02:33.412	0.83236	0.83281			6
2025.02.03	01:02:33.996	0.83231	0.83282			6
2025.02.03	01:02:34.303	0.83230	0.83268			6
2025.02.03	01:02:34.610	0.83229	0.83266			6
2025.02.03	01:02:34.969	0.83226	0.83268			6
2025.02.03	01:02:35.302	0.83229	0.83266			6
2025.02.03	01:02:35.621		0.83257			4
2025.02.03	01:02:35.922	0.83228	0.83266			6
2025.02.03	01:02:36.309	0.83229	0.83264			6
2025.02.03	01:02:36.694	0.83228	0.83266			6
2025.02.03	01:02:37.401	0.83223	0.83268			6
2025.02.03	01:02:37.704	0.83224	0.83267			6
2025.02.03	01:02:38.044	0.83223	0.83268			6
2025.02.03	01:02:38.461	0.83221	0.83273			6
2025.02.03	01:02:38.781	0.83222	0.83271			6
2025.02.03	01:02:39.160	0.83223				2
2025.02.03	01:02:39.544	0.83224	0.83270			6
2025.02.03	01:02:39.847	0.83222	0.83273			6
2025.02.03	01:02:40.150	0.83221	0.83274			6
2025.02.03	01:02:40.474	0.83222	0.83272			6
2025.02.03	01:02:40.784	0.83221	0.83270			6
2025.02.03	01:02:41.091	0.83224	0.83268			6
2025.02.03	01:02:41.500		0.83267			4
2025.02.03	01:02:41.992	0.83222	0.83270			6
2025.02.03	01:02:42.328	0.83227	0.83265			6
2025.02.03	01:02:43.050	0.83228	0.83267			6
2025.02.03	01:02:43.363	0.83223	0.83273			6
2025.02.03	01:02:43.806		0.83274			4
2025.02.03	01:02:44.124	0.83220	0.83278			6
2025.02.03	01:02:44.444	0.83225	0.83263			6
2025.02.03	01:02:44.820	0.83226				2
2025.02.03	01:02:45.179	0.83219	0.83256			6
2025.02.03	01:02:45.487	0.83221	0.83281			6
2025.02.03	01:02:45.791	0.83228	0.83282			6
2025.02.03	01:02:46.103	0.83219	0.83258			6
2025.02.03	01:02:47.209		0.83259			4
2025.02.03	01:02:47.581	0.83218	0.83258			6
2025.02.03	01:02:47.883	0.83216	0.83255			6
2025.02.03	01:02:48.515	0.83213	0.83257			6
2025.02.03	01:02:48.829		0.83256			4
2025.02.03	01:02:49.169	0.83214				2
2025.02.03	01:02:49.748	0.83216				2
2025.02.03	01:02:50.052	0.83212	0.83258			6
2025.02.03	01:02:50.387		0.83257			4
2025.02.03	01:02:50.698	0.83210	0.83260			6
2025.02.03	01:02:51.054	0.83211	0.83257			6
2025.02.03	01:02:51.439		0.83256			4
2025.02.03	01:02:51.742	0.83210				2
2025.02.03	01:02:52.429	0.83215	0.83251			6
2025.02.03	01:02:52.743	0.83210	0.83253			6
2025.02.03	01:02:53.120	0.83208	0.83259			6
2025.02.03	01:02:53.426	0.83211	0.83254			6
2025.02.03	01:02:53.761	0.83212	0.83255			6
2025.02.03	01:02:54.061	0.83211	0.83250			6
2025.02.03	01:02:54.403		0.83254			4
2025.02.03	01:02:54.802	0.83209	0.83256			6
2025.02.03	01:02:55.369	0.83211				2
2025.02.03	01:02:55.811		0.83255			4
2025.02.03	01:02:56.115	0.83212	0.83254			6
2025.02.03	01:02:56.436	0.83213	0.83251			6
2025.02.03	01:02:56.785	0.83210	0.83253			6
2025.02.03	01:02:57.089	0.83209	0.83254			6
2025.02.03	01:02:57.394	0.83208	0.83246			6
2025.02.03	01:02:57.704	0.83215	0.83249			6
2025.02.03	01:02:58.050	0.83211	0.83248			6
2025.02.03	01:02:58.395	0.83212	0.83245			6
2025.02.03	01:02:58.748	0.83213	0.83246			6
2025.02.03	01:02:59.308	0.83214				2
2025.02.03	01:02:59.613	0.83213	0.83247			6
2025.02.03	01:03:00.012	0.83212	0.83252			6
2025.02.03	01:03:00.645		0.83248			4
2025.02.03	01:03:01.413		0.83242			4
2025.02.03	01:03:01.833	0.83210	0.83245			6
2025.02.03	01:03:02.162	0.83211	0.83243			6
2025.02.03	01:03:02.577	0.83212				2
2025.02.03	01:03:03.044	0.83211	0.83247			6
2025.02.03	01:03:03.413		0.83248			4
2025.02.03	01:03:03.921		0.83247			4
2025.02.03	01:03:04.291	0.83231	0.83264			6
2025.02.03	01:03:04.607	0.83229	0.83269			6
2025.02.03	01:03:04.928	0.83230	0.83268			6
2025.02.03	01:03:05.244	0.83227	0.83269			6
2025.02.03	01:03:05.567		0.83274			4
2025.02.03	01:03:05.876		0.83273			4
2025.02.03	01:03:06.387	0.83222	0.83250			6
2025.02.03	01:03:06.698		0.83251			4
2025.02.03	01:03:07.004	0.83223	0.83253			6
2025.02.03	01:03:07.311	0.83222				2
2025.02.03	01:03:07.623	0.83221	0.83249			6
2025.02.03	01:03:09.093		0.83250			4
2025.02.03	01:03:11.246	0.83223	0.83249			6
2025.02.03	01:03:11.564	0.83224	0.83254			6
2025.02.03	01:03:11.884	0.83223	0.83255			6
2025.02.03	01:03:12.199	0.83229	0.83258			6
2025.02.03	01:03:12.559	0.83225	0.83255			6
2025.02.03	01:03:12.895	0.83227	0.83260			6
2025.02.03	01:03:13.203	0.83226	0.83259			6
2025.02.03	01:03:13.529	0.83225				2
2025.02.03	01:03:13.843	0.83226				2
2025.02.03	01:03:15.334	0.83227	0.83262			6
2025.02.03	01:03:16.671	0.83229	0.83264			6
2025.02.03	01:03:17.975	0.83228	0.83266			6
2025.02.03	01:03:18.512	0.83230	0.83263			6
2025.02.03	01:03:18.977	0.83231	0.83262			6
2025.02.03	01:03:20.015	0.83211	0.83259			6
2025.02.03	01:03:20.322	0.83215	0.83256			6
2025.02.03	01:03:20.835	0.83214	0.83258			6
2025.02.03	01:03:21.146		0.83253			4
2025.02.03	01:03:21.595		0.83252			4
2025.02.03	01:03:21.904	0.83217	0.83251			6
2025.02.03	01:03:22.594		0.83252			4
2025.02.03	01:03:23.999	0.83213	0.83257			6
2025.02.03	01:03:24.303	0.83217	0.83258			6
2025.02.03	01:03:24.608	0.83218	0.83259			6
2025.02.03	01:03:25.296	0.83220	0.83258			6
2025.02.03	01:03:25.660	0.83223	0.83257			6
2025.02.03	01:03:26.026	0.83224				2
2025.02.03	01:03:26.385	0.83218	0.83261			6
2025.02.03	01:03:26.761	0.83222				2
2025.02.03	01:03:27.066	0.83225				2
2025.02.03	01:03:27.414	0.83224	0.83262			6
2025.02.03	01:03:27.875	0.83225				2
2025.02.03	01:03:28.840		0.83261			4
2025.02.03	01:03:29.645	0.83224	0.83262			6
2025.02.03	01:03:29.986	0.83226				2
2025.02.03	01:03:32.448	0.83225				2
2025.02.03	01:03:33.423	0.83223	0.83265			6
2025.02.03	01:03:33.737	0.83224				2
2025.02.03	01:03:34.082	0.83233	0.83268			6
2025.02.03	01:03:34.683	0.83223	0.83266			6
2025.02.03	01:03:35.139	0.83221	0.83268			6
2025.02.03	01:03:35.455	0.83224	0.83264			6
2025.02.03	01:03:35.761	0.83223	0.83266			6
2025.02.03	01:03:36.281		0.83265			4
2025.02.03	01:03:36.870	0.83222	0.83266			6
2025.02.03	01:03:37.256	0.83223	0.83264			6
2025.02.03	01:03:37.807	0.83219	0.83269			6
2025.02.03	01:03:38.389	0.83224				2
2025.02.03	01:03:39.089	0.83197	0.83255			6
2025.02.03	01:03:39.696	0.83207	0.83251			6
2025.02.03	01:03:40.004	0.83220	0.83254			6
2025.02.03	01:03:40.318		0.83256			4
2025.02.03	01:03:40.639		0.83261			4
2025.02.03	01:03:41.023		0.83264			4
2025.02.03	01:03:41.323	0.83228	0.83267			6
2025.02.03	01:03:42.405	0.83226	0.83266			6
2025.02.03	01:03:42.928		0.83267			4
2025.02.03	01:03:43.294	0.83220	0.83270			6
2025.02.03	01:03:43.633		0.83264			4
2025.02.03	01:03:44.000	0.83219	0.83265			6
2025.02.03	01:03:44.436	0.83218				2
2025.02.03	01:03:45.378	0.83221	0.83263			6
2025.02.03	01:03:45.849	0.83218	0.83262			6
2025.02.03	01:03:46.152	0.83217				2
2025.02.03	01:03:47.495	0.83218	0.83261			6
2025.02.03	01:03:48.094	0.83216	0.83262			6
2025.02.03	01:03:49.676	0.83217				2
2025.02.03	01:03:50.634	0.83216	0.83263			6
2025.02.03	01:03:51.093	0.83219	0.83261			6
2025.02.03	01:03:51.447	0.83218				2
2025.02.03	01:03:52.377	0.83215	0.83260			6
2025.02.03	01:03:53.229	0.83207				2
2025.02.03	01:03:53.577	0.83211				2
2025.02.03	01:03:54.391	0.83210				2
2025.02.03	01:03:55.934	0.83209				2
2025.02.03	01:03:56.388	0.83211				2
2025.02.03	01:03:56.704	0.83217				2
2025.02.03	01:03:58.116	0.83232	0.83255			6
2025.02.03	01:03:59.061	0.83235	0.83257			6
2025.02.03	01:03:59.759	0.83239	0.83258			6
2025.02.03	01:04:00.197	0.83247				2
2025.02.03	01:04:00.621	0.83248				2
2025.02.03	01:04:01.303	0.83246				2
2025.02.03	01:04:01.689	0.83245	0.83256			6
2025.02.03	01:04:02.077	0.83243				2
2025.02.03	01:04:02.846	0.83230	0.83241			6
2025.02.03	01:04:03.172	0.83225				2
2025.02.03	01:04:03.622	0.83226	0.83237			6
2025.02.03	01:04:03.926	0.83230	0.83240			6
2025.02.03	01:04:04.233	0.83234	0.83243			6
2025.02.03	01:04:05.642		0.83245			4
2025.02.03	01:04:06.258	0.83236				2
2025.02.03	01:04:06.803	0.83235				2
2025.02.03	01:04:07.467		0.83248			4
2025.02.03	01:04:08.321	0.83236				2
2025.02.03	01:04:08.674	0.83241	0.83252			6
2025.02.03	01:04:09.090		0.83255			4
2025.02.03	01:04:09.403	0.83243	0.83253			6
2025.02.03	01:04:09.722		0.83255			4
2025.02.03	01:04:10.147		0.83253			4
2025.02.03	01:04:10.587	0.83245	0.83254			6
2025.02.03	01:04:12.154	0.83243	0.83256			6
2025.02.03	01:04:13.542		0.83251			4
2025.02.03	01:04:15.028	0.83241	0.83253			6
2025.02.03	01:04:15.409		0.83251			4
2025.02.03	01:04:16.295		0.83253			4
2025.02.03	01:04:18.171	0.83239				2
2025.02.03	01:04:20.272	0.83226	0.83238			6
2025.02.03	01:04:20.619	0.83227	0.83236			6
2025.02.03	01:04:20.924	0.83231	0.83241			6
2025.02.03	01:04:21.240	0.83229				2
2025.02.03	01:04:22.197		0.83239			4
2025.02.03	01:04:22.504		0.83241			4
2025.02.03	01:04:23.619	0.83232	0.83242			6
2025.02.03	01:04:23.923	0.83234	0.83243			6
2025.02.03	01:04:24.318	0.83230	0.83242			6
2025.02.03	01:04:24.624	0.83224	0.83243			6
2025.02.03	01:04:24.928	0.83225	0.83242			6
2025.02.03	01:04:25.617	0.83226				2
2025.02.03	01:04:26.886	0.83228	0.83243			6
2025.02.03	01:04:27.759	0.83229				2
2025.02.03	01:04:29.098	0.83228	0.83247			6
2025.02.03	01:04:29.404	0.83232	0.83250			6
2025.02.03	01:04:31.329	0.83231				2
2025.02.03	01:04:31.631		0.83251			4
2025.02.03	01:04:32.032	0.83232	0.83250			6
2025.02.03	01:04:32.343		0.83249			4
2025.02.03	01:04:33.439		0.83250			4
2025.02.03	01:04:37.395	0.83229	0.83248			6
2025.02.03	01:04:38.059	0.83232				2
2025.02.03	01:04:38.413	0.83228	0.83246			6
2025.02.03	01:04:38.721	0.83230	0.83249			6
2025.02.03	01:04:39.027	0.83233	0.83250			6
2025.02.03	01:04:39.340		0.83251			4
2025.02.03	01:04:40.733		0.83252			4
2025.02.03	01:04:41.420		0.83251			4
2025.02.03	01:04:42.157	0.83232	0.83253			6
2025.02.03	01:04:43.419	0.83231				2
2025.02.03	01:04:44.141		0.83252			4
2025.02.03	01:04:44.646		0.83253			4
2025.02.03	01:04:44.998	0.83230				2
2025.02.03	01:04:46.698		0.83252			4
2025.02.03	01:04:47.117	0.83229	0.83253			6
2025.02.03	01:04:47.459	0.83224	0.83244			6
2025.02.03	01:04:47.790		0.83245			4
2025.02.03	01:04:48.120	0.83223				2
2025.02.03	01:04:48.655	0.83224	0.83244			6
2025.02.03	01:04:49.331	0.83225	0.83248			6
2025.02.03	01:04:49.707		0.83247			4
2025.02.03	01:04:50.394	0.83230	0.83254			6
2025.02.03	01:04:50.705	0.83235				2
2025.02.03	01:04:51.995	0.83234				2
2025.02.03	01:04:52.342	0.83235				2
2025.02.03	01:04:52.644	0.83234				2
2025.02.03	01:04:53.013	0.83233	0.83256			6
2025.02.03	01:04:53.323	0.83238	0.83258			6
2025.02.03	01:04:53.682		0.83260			4
2025.02.03	01:04:54.207	0.83239				2
2025.02.03	01:04:54.686		0.83259			4
2025.02.03	01:04:55.078		0.83260			4
2025.02.03	01:04:56.267	0.83240				2
2025.02.03	01:04:57.094		0.83262			4
2025.02.03	01:04:57.401	0.83241				2
2025.02.03	01:04:57.702	0.83242	0.83263			6
2025.02.03	01:04:58.576	0.83245	0.83267			6
2025.02.03	01:04:58.892	0.83244				2
2025.02.03	01:04:59.323	0.83253	0.83274			6
2025.02.03	01:05:00.338	0.83276	0.83288			6
2025.02.03	01:05:00.644		0.83297			4
2025.02.03	01:05:00.965	0.83282	0.83301			6
2025.02.03	01:05:01.292	0.83286	0.83302			6
2025.02.03	01:05:01.606	0.83285				2
2025.02.03	01:05:01.991	0.83291	0.83305			6
2025.02.03	01:05:02.326	0.83290	0.83306			6
2025.02.03	01:05:02.677	0.83289	0.83305			6
2025.02.03	01:05:02.983	0.83285	0.83303			6
2025.02.03	01:05:03.822	0.83284	0.83302			6
2025.02.03	01:05:04.185	0.83283				2
2025.02.03	01:05:04.503		0.83303			4
2025.02.03	01:05:04.913	0.83285				2
2025.02.03	01:05:05.229		0.83300			4
2025.02.03	01:05:05.543	0.83281	0.83302			6
2025.02.03	01:05:06.578	0.83282	0.83303			6
2025.02.03	01:05:06.994	0.83281	0.83296			6
2025.02.03	01:05:07.307		0.83295			4
2025.02.03	01:05:07.624	0.83275	0.83289			6
2025.02.03	01:05:07.932	0.83271	0.83288			6
2025.02.03	01:05:08.858	0.83260	0.83278			6
2025.02.03	01:05:09.185		0.83279			4
2025.02.03	01:05:09.502	0.83267	0.83285			6
2025.02.03	01:05:09.838		0.83284			4
2025.02.03	01:05:10.139		0.83285			4
2025.02.03	01:05:11.257	0.83274	0.83289			6
2025.02.03	01:05:12.070		0.83290			4
2025.02.03	01:05:12.579	0.83273	0.83289			6
2025.02.03	01:05:12.918	0.83271	0.83291			6
2025.02.03	01:05:13.225	0.83273	0.83290			6
2025.02.03	01:05:13.528		0.83292			4
2025.02.03	01:05:13.844		0.83293			4
2025.02.03	01:05:14.454	0.83275	0.83292			6
2025.02.03	01:05:14.847	0.83274	0.83291			6
2025.02.03	01:05:15.183		0.83292			4
2025.02.03	01:05:15.641	0.83275				2
2025.02.03	01:05:16.178		0.83291			4
2025.02.03	01:05:17.089	0.83274				2
2025.02.03	01:05:17.432		0.83290			4
2025.02.03	01:05:18.208	0.83270	0.83288			6
2025.02.03	01:05:19.142	0.83271	0.83289			6
2025.02.03	01:05:19.759	0.83270	0.83288			6
2025.02.03	01:05:21.254		0.83287			4
2025.02.03	01:05:21.561	0.83272	0.83288			6
2025.02.03	01:05:22.159	0.83271	0.83287			6
2025.02.03	01:05:22.463	0.83269	0.83286			6
2025.02.03	01:05:22.764	0.83268	0.83284			6
2025.02.03	01:05:23.303	0.83266	0.83283			6
2025.02.03	01:05:23.609	0.83267	0.83284			6
2025.02.03	01:05:23.912		0.83283			4
2025.02.03	01:05:24.223	0.83271	0.83288			6
2025.02.03	01:05:24.529	0.83274	0.83291			6
2025.02.03	01:05:24.993	0.83275				2
2025.02.03	01:05:25.769	0.83274	0.83289			6
2025.02.03	01:05:26.083		0.83292			4
2025.02.03	01:05:26.468		0.83291			4
2025.02.03	01:05:26.827		0.83292			4
2025.02.03	01:05:27.181	0.83276	0.83291			6
2025.02.03	01:05:27.615	0.83275	0.83292			6
2025.02.03	01:05:27.920	0.83277				2
2025.02.03	01:05:28.225	0.83275				2
2025.02.03	01:05:28.603	0.83279	0.83293			6
2025.02.03	01:05:28.943	0.83280				2
2025.02.03	01:05:29.250	0.83281				2
2025.02.03	01:05:29.567	0.83280				2
2025.02.03	01:05:29.876	0.83279	0.83298			6
2025.02.03	01:05:30.184	0.83284	0.83299			6
2025.02.03	01:05:30.487		0.83298			4
2025.02.03	01:05:30.804	0.83280	0.83297			6
2025.02.03	01:05:31.117	0.83281	0.83298			6
2025.02.03	01:05:31.424	0.83277	0.83291			6
2025.02.03	01:05:31.726	0.83276	0.83290			6
2025.02.03	01:05:32.149	0.83275				2
2025.02.03	01:05:32.959	0.83273	0.83286			6
2025.02.03	01:05:33.263	0.83270	0.83285			6
2025.02.03	01:05:33.574	0.83271				2
2025.02.03	01:05:33.881		0.83286			4
2025.02.03	01:05:34.183		0.83283			4
2025.02.03	01:05:34.495	0.83269	0.83282			6
2025.02.03	01:05:38.676	0.83267				2
2025.02.03	01:05:38.985	0.83271	0.83285			6
2025.02.03	01:05:41.097	0.83272				2
2025.02.03	01:05:41.402	0.83271				2
2025.02.03	01:05:41.744		0.83286			4
2025.02.03	01:05:42.695	0.83277	0.83288			6
2025.02.03	01:05:43.048	0.83275				2
2025.02.03	01:05:43.603	0.83270	0.83284			6
2025.02.03	01:05:43.907	0.83267	0.83283			6
2025.02.03	01:05:44.222		0.83282			4
2025.02.03	01:05:44.540	0.83268	0.83283			6
2025.02.03	01:05:44.843	0.83267				2
2025.02.03	01:05:45.285	0.83268	0.83282			6
2025.02.03	01:05:45.590		0.83283			4
2025.02.03	01:05:46.010	0.83267	0.83285			6
2025.02.03	01:05:46.879		0.83286			4
2025.02.03	01:05:47.184	0.83272	0.83288			6
2025.02.03	01:05:47.487	0.83270				2
2025.02.03	01:05:47.797	0.83269				2
2025.02.03	01:05:48.442	0.83271				2
2025.02.03	01:05:48.800		0.83287			4
2025.02.03	01:05:49.107	0.83272				2
2025.02.03	01:05:50.400	0.83273	0.83288			6
2025.02.03	01:05:50.899	0.83272				2
2025.02.03	01:05:51.474		0.83287			4
2025.02.03	01:05:51.884	0.83282	0.83299			6
2025.02.03	01:05:52.883		0.83300			4
2025.02.03	01:05:53.703	0.83283	0.83299			6
2025.02.03	01:05:54.279	0.83282				2
2025.02.03	01:05:56.021	0.83284	0.83300			6
2025.02.03	01:05:56.709	0.83285				2
2025.02.03	01:05:57.093	0.83284				2
2025.02.03	01:05:57.878	0.83285	0.83301			6
2025.02.03	01:05:58.261	0.83280	0.83298			6
2025.02.03	01:05:58.622		0.83299			4
2025.02.03	01:05:58.964	0.83282				2
2025.02.03	01:05:59.277	0.83285	0.83304			6
2025.02.03	01:05:59.585	0.83290	0.83307			6
2025.02.03	01:05:59.888		0.83306			4
2025.02.03	01:06:00.238	0.83289				2
2025.02.03	01:06:03.184		0.83304			4
2025.02.03	01:06:04.047	0.83282	0.83294			6
2025.02.03	01:06:05.201		0.83297			4
2025.02.03	01:06:05.588		0.83294			4
2025.02.03	01:06:06.129	0.83280	0.83287			6
2025.02.03	01:06:06.888		0.83288			4
2025.02.03	01:06:07.192		0.83287			4
2025.02.03	01:06:07.921		0.83288			4
2025.02.03	01:06:08.279	0.83274	0.83287			6
2025.02.03	01:06:15.723	0.83283	0.83297			6
2025.02.03	01:06:18.501	0.83280	0.83291			6
2025.02.03	01:06:18.828	0.83281	0.83293			6
2025.02.03	01:06:19.145		0.83294			4
2025.02.03	01:06:20.005		0.83295			4
2025.02.03	01:06:20.859		0.83292			4
2025.02.03	01:06:23.033	0.83277	0.83289			6
