<DATE>	<TIME>	<BID>	<ASK>	<LAST>	<VOLUME>	<FLAGS>
2025.07.04	00:03:30.664	0.86065	0.86142			6
2025.07.04	00:03:38.927	0.86068				2
2025.07.04	00:03:45.833	0.86070				2
2025.07.04	00:03:46.380	0.86056				2
2025.07.04	00:04:10.572	0.86056				2
2025.07.04	00:04:30.910		0.86142			4
2025.07.04	00:04:35.390	0.86060				2
2025.07.04	00:05:00.696	0.86060				2
2025.07.04	00:05:05.576		0.86147			4
2025.07.04	00:05:06.022	0.86064				2
2025.07.04	00:05:11.031	0.86063				2
2025.07.04	00:05:16.023	0.86062				2
2025.07.04	00:05:18.349	0.86060				2
2025.07.04	00:05:28.357	0.86064				2
2025.07.04	00:05:29.606	0.86063				2
2025.07.04	00:05:30.266	0.86064				2
2025.07.04	00:05:35.276	0.86065				2
2025.07.04	00:05:39.883	0.86063				2
2025.07.04	00:05:44.365	0.86065				2
2025.07.04	00:05:53.994	0.86063				2
2025.07.04	00:05:58.914	0.86065				2
2025.07.04	00:05:59.291	0.86066				2
2025.07.04	00:06:00.961	0.86066	0.86150			6
2025.07.04	00:06:03.957	0.86065	0.86149			6
2025.07.04	00:06:05.385	0.86063	0.86145			6
2025.07.04	00:06:14.364	0.86062	0.86146			6
2025.07.04	00:06:17.070	0.86065				2
2025.07.04	00:06:24.349	0.86066	0.86145			6
2025.07.04	00:06:26.033	0.86073	0.86146			6
2025.07.04	00:06:33.485	0.86078				2
2025.07.04	00:06:38.854	0.86079	0.86152			6
2025.07.04	00:06:40.316	0.86073				2
2025.07.04	00:06:50.321	0.86078				2
2025.07.04	00:07:00.569	0.86078				2
2025.07.04	00:07:07.462	0.86084				2
2025.07.04	00:07:12.436	0.86085				2
2025.07.04	00:07:19.744		0.86165			4
2025.07.04	00:07:28.406	0.86080				2
2025.07.04	00:07:35.399	0.86078				2
2025.07.04	00:07:36.187	0.86046				2
2025.07.04	00:07:40.323	0.86047				2
2025.07.04	00:07:42.354	0.86048				2
2025.07.04	00:07:46.352	0.86050				2
2025.07.04	00:07:50.302		0.86152			4
2025.07.04	00:07:51.584	0.86051				2
2025.07.04	00:07:56.248	0.86049				2
2025.07.04	00:08:00.789	0.86051				2
2025.07.04	00:08:01.835		0.86149			4
2025.07.04	00:08:05.364	0.86050				2
2025.07.04	00:08:15.448	0.86052	0.86152			6
2025.07.04	00:08:29.427	0.86051				2
2025.07.04	00:08:34.304	0.86050				2
2025.07.04	00:08:36.351	0.86048				2
2025.07.04	00:08:39.439	0.86050				2
2025.07.04	00:08:44.828	0.86049				2
2025.07.04	00:08:46.368	0.86051				2
2025.07.04	00:09:00.368	0.86051				2
2025.07.04	00:09:21.350		0.86152			4
2025.07.04	00:09:50.305		0.86153			4
2025.07.04	00:09:52.841	0.86054				2
2025.07.04	00:09:53.752	0.86052				2
2025.07.04	00:10:00.329	0.86062				2
2025.07.04	00:10:01.519	0.86070	0.86147			6
2025.07.04	00:10:02.583	0.86069				2
2025.07.04	00:10:11.607	0.86080	0.86137			6
2025.07.04	00:10:54.030	0.86051	0.86116			6
2025.07.04	00:10:55.212	0.86076	0.86143			6
2025.07.04	00:10:55.752		0.86144			4
2025.07.04	00:10:56.977	0.86077				2
2025.07.04	00:10:57.283		0.86143			4
2025.07.04	00:10:58.778	0.86078				2
2025.07.04	00:10:59.778		0.86144			4
2025.07.04	00:11:00.265	0.86078				2
2025.07.04	00:11:00.836	0.86077				2
2025.07.04	00:11:02.015	0.86080	0.86137			6
2025.07.04	00:11:02.966	0.86076	0.86145			6
2025.07.04	00:11:06.879		0.86146			4
2025.07.04	00:11:08.155	0.86078	0.86144			6
2025.07.04	00:11:08.706	0.86077	0.86145			6
2025.07.04	00:11:09.380	0.86081	0.86138			6
2025.07.04	00:11:10.031	0.86077	0.86150			6
2025.07.04	00:11:16.564	0.86081	0.86138			6
2025.07.04	00:11:17.204	0.86077	0.86150			6
2025.07.04	00:11:20.241	0.86078	0.86155			6
2025.07.04	00:11:23.796	0.86081	0.86138			6
2025.07.04	00:11:24.422	0.86078	0.86155			6
2025.07.04	00:11:30.942	0.86081	0.86138			6
2025.07.04	00:11:31.587	0.86078	0.86155			6
2025.07.04	00:11:37.413	0.86077	0.86150			6
2025.07.04	00:11:44.931	0.86069	0.86142			6
2025.07.04	00:11:47.679		0.86141			4
2025.07.04	00:11:48.347	0.86070	0.86140			6
2025.07.04	00:11:58.776	0.86071				2
2025.07.04	00:12:00.571	0.86071				2
2025.07.04	00:12:00.942	0.86070				2
2025.07.04	00:12:15.330	0.86071				2
2025.07.04	00:12:23.876	0.86069	0.86141			6
2025.07.04	00:12:25.349	0.86070	0.86140			6
2025.07.04	00:12:30.438	0.86069	0.86141			6
2025.07.04	00:12:31.825	0.86070	0.86140			6
2025.07.04	00:12:33.471	0.86071	0.86139			6
2025.07.04	00:12:39.577	0.86070	0.86140			6
2025.07.04	00:12:42.128	0.86071	0.86139			6
2025.07.04	00:12:44.976	0.86072	0.86138			6
2025.07.04	00:12:46.775	0.86071	0.86139			6
2025.07.04	00:12:48.577	0.86072	0.86138			6
2025.07.04	00:12:50.624	0.86071	0.86139			6
2025.07.04	00:12:53.380	0.86072				2
2025.07.04	00:12:53.895	0.86073	0.86137			6
2025.07.04	00:12:55.859	0.86072				2
2025.07.04	00:13:02.191	0.86072				2
2025.07.04	00:13:09.127	0.86071	0.86138			6
2025.07.04	00:13:19.477	0.86072				2
2025.07.04	00:13:20.678		0.86137			4
2025.07.04	00:13:42.280		0.86138			4
2025.07.04	00:13:43.968		0.86137			4
2025.07.04	00:13:44.501	0.86056	0.86126			6
2025.07.04	00:13:45.232	0.86057	0.86125			6
2025.07.04	00:13:45.670	0.86056	0.86122			6
2025.07.04	00:13:47.187		0.86123			4
2025.07.04	00:13:50.013		0.86124			4
2025.07.04	00:13:56.235	0.86055	0.86123			6
2025.07.04	00:13:58.233	0.86056				2
2025.07.04	00:13:59.106	0.86055				2
2025.07.04	00:14:00.417	0.86055	0.86124			6
2025.07.04	00:14:02.332		0.86122			4
2025.07.04	00:14:04.778		0.86123			4
2025.07.04	00:14:21.210	0.86056	0.86122			6
2025.07.04	00:14:25.177	0.86055	0.86123			6
2025.07.04	00:14:25.834	0.86076	0.86125			6
2025.07.04	00:14:26.449		0.86123			4
2025.07.04	00:14:29.692	0.86071	0.86116			6
2025.07.04	00:14:43.560		0.86117			4
2025.07.04	00:14:51.380		0.86114			4
2025.07.04	00:14:52.585		0.86116			4
2025.07.04	00:14:53.612		0.86114			4
2025.07.04	00:15:04.318	0.86071				2
2025.07.04	00:16:56.087	0.86070	0.86123			6
2025.07.04	00:17:00.276	0.86070				2
2025.07.04	00:17:12.005		0.86124			4
2025.07.04	00:17:14.212		0.86123			4
2025.07.04	00:17:56.375		0.86124			4
2025.07.04	00:18:01.476	0.86070	0.86123			6
2025.07.04	00:18:15.577		0.86124			4
2025.07.04	00:18:49.059		0.86126			4
2025.07.04	00:18:54.420		0.86124			4
2025.07.04	00:18:59.134		0.86126			4
2025.07.04	00:19:00.358	0.86070				2
2025.07.04	00:19:04.241		0.86124			4
2025.07.04	00:19:28.583		0.86126			4
2025.07.04	00:19:32.239		0.86127			4
2025.07.04	00:19:33.252		0.86124			4
2025.07.04	00:20:00.569	0.86070				2
2025.07.04	00:20:13.241		0.86127			4
2025.07.04	00:20:27.591		0.86129			4
2025.07.04	00:20:40.780		0.86128			4
2025.07.04	00:21:00.276	0.86070				2
2025.07.04	00:21:07.062		0.86127			4
2025.07.04	00:21:19.576		0.86138			4
2025.07.04	00:21:22.537	0.86084				2
2025.07.04	00:21:24.002	0.86091				2
2025.07.04	00:21:24.323	0.86095	0.86152			6
2025.07.04	00:21:34.177	0.86092				2
2025.07.04	00:21:55.761	0.86091				2
2025.07.04	00:22:00.483	0.86091				2
2025.07.04	00:22:05.391	0.86093	0.86150			6
2025.07.04	00:22:55.396	0.86094	0.86152			6
2025.07.04	00:23:00.477	0.86094				2
2025.07.04	00:23:37.733	0.86081	0.86148			6
2025.07.04	00:24:01.786	0.86081				2
2025.07.04	00:24:32.671		0.86151			4
2025.07.04	00:25:00.309	0.86081				2
2025.07.04	00:25:35.334		0.86151			4
2025.07.04	00:26:00.410	0.86081				2
2025.07.04	00:26:22.731	0.86082				2
2025.07.04	00:26:37.168		0.86151			4
2025.07.04	00:26:57.687	0.86090	0.86152			6
2025.07.04	00:27:02.428	0.86090				2
2025.07.04	00:27:36.908	0.86083	0.86144			6
2025.07.04	00:28:01.417	0.86082	0.86152			6
2025.07.04	00:28:54.894	0.86072	0.86135			6
2025.07.04	00:28:59.120	0.86076				2
2025.07.04	00:29:00.355	0.86076				2
2025.07.04	00:29:55.639		0.86135			4
2025.07.04	00:30:00.374	0.86085	0.86138			6
2025.07.04	00:30:15.693	0.86082	0.86136			6
2025.07.04	00:30:20.083	0.86087	0.86137			6
2025.07.04	00:30:22.779		0.86138			4
2025.07.04	00:30:26.768	0.86084	0.86137			6
2025.07.04	00:30:27.094	0.86087				2
2025.07.04	00:30:41.865		0.86136			4
2025.07.04	00:30:48.875		0.86137			4
2025.07.04	00:30:50.375	0.86084	0.86136			6
2025.07.04	00:30:53.266	0.86087				2
2025.07.04	00:31:00.382	0.86087				2
2025.07.04	00:31:46.015		0.86135			4
2025.07.04	00:31:48.266	0.86088				2
2025.07.04	00:31:57.574		0.86142			4
2025.07.04	00:32:00.003	0.86088				2
2025.07.04	00:32:10.568	0.86081	0.86135			6
2025.07.04	00:32:16.917	0.86095	0.86149			6
2025.07.04	00:32:41.394	0.86082	0.86136			6
2025.07.04	00:32:43.140		0.86131			4
2025.07.04	00:32:45.505		0.86134			4
2025.07.04	00:32:47.268		0.86135			4
2025.07.04	00:32:48.194	0.86087	0.86134			6
2025.07.04	00:32:56.348		0.86133			4
2025.07.04	00:33:03.457	0.86087				2
2025.07.04	00:33:18.454		0.86132			4
2025.07.04	00:33:32.138		0.86131			4
2025.07.04	00:33:38.603	0.86082	0.86120			6
2025.07.04	00:33:39.135	0.86080	0.86121			6
2025.07.04	00:33:39.479	0.86084				2
2025.07.04	00:33:41.481	0.86087				2
2025.07.04	00:33:43.651	0.86086				2
2025.07.04	00:33:43.996	0.86083				2
2025.07.04	00:33:44.632	0.86087				2
2025.07.04	00:33:44.940	0.86083				2
2025.07.04	00:33:45.516	0.86080				2
2025.07.04	00:33:46.286	0.86083				2
2025.07.04	00:33:59.268	0.86086	0.86127			6
2025.07.04	00:33:59.576		0.86128			4
2025.07.04	00:34:00.254	0.86086				2
2025.07.04	00:34:01.031		0.86129			4
2025.07.04	00:34:13.558		0.86128			4
2025.07.04	00:34:18.277		0.86129			4
2025.07.04	00:35:49.134	0.86081	0.86129			6
2025.07.04	00:35:56.471	0.86078				2
2025.07.04	00:35:57.368		0.86130			4
2025.07.04	00:36:02.124	0.86078				2
2025.07.04	00:36:03.557	0.86081				2
2025.07.04	00:36:04.363	0.86084				2
2025.07.04	00:36:09.463		0.86137			4
2025.07.04	00:36:09.937		0.86138			4
2025.07.04	00:36:39.041	0.86087	0.86141			6
2025.07.04	00:36:45.840	0.86089	0.86142			6
2025.07.04	00:36:48.427		0.86143			4
2025.07.04	00:37:00.473	0.86089				2
2025.07.04	00:37:21.203		0.86142			4
2025.07.04	00:37:29.945		0.86143			4
2025.07.04	00:37:31.861		0.86142			4
2025.07.04	00:37:38.387	0.86092	0.86149			6
2025.07.04	00:37:57.289	0.86094	0.86148			6
2025.07.04	00:38:00.555	0.86094				2
2025.07.04	00:38:52.326	0.86095	0.86149			6
2025.07.04	00:39:00.361	0.86095				2
2025.07.04	00:39:13.562	0.86098	0.86152			6
2025.07.04	00:39:15.933		0.86151			4
2025.07.04	00:39:47.339		0.86152			4
2025.07.04	00:39:53.570		0.86151			4
2025.07.04	00:40:00.961	0.86098				2
2025.07.04	00:40:03.555		0.86152			4
2025.07.04	00:40:03.906		0.86151			4
2025.07.04	00:40:08.804	0.86099				2
2025.07.04	00:40:13.380	0.86100				2
2025.07.04	00:40:15.701		0.86153			4
2025.07.04	00:40:16.200	0.86099				2
2025.07.04	00:40:21.303	0.86100				2
2025.07.04	00:40:22.075	0.86099				2
2025.07.04	00:40:23.559	0.86101	0.86155			6
2025.07.04	00:40:25.586	0.86104	0.86158			6
2025.07.04	00:40:34.304	0.86101	0.86155			6
2025.07.04	00:40:38.752	0.86105	0.86159			6
2025.07.04	00:40:47.055		0.86158			4
2025.07.04	00:40:50.945		0.86159			4
2025.07.04	00:41:00.209	0.86105				2
2025.07.04	00:41:14.378		0.86158			4
2025.07.04	00:41:15.081		0.86159			4
2025.07.04	00:41:24.469		0.86158			4
2025.07.04	00:41:27.277		0.86157			4
2025.07.04	00:41:31.155		0.86158			4
2025.07.04	00:41:33.750	0.86103	0.86157			6
2025.07.04	00:42:00.378	0.86103				2
2025.07.04	00:42:20.376		0.86156			4
2025.07.04	00:42:30.568		0.86157			4
2025.07.04	00:42:33.875		0.86156			4
2025.07.04	00:42:40.197	0.86106				2
2025.07.04	00:42:40.516	0.86103				2
2025.07.04	00:42:41.076		0.86157			4
2025.07.04	00:42:51.686	0.86106				2
2025.07.04	00:43:00.238	0.86106				2
2025.07.04	00:43:03.418		0.86152			4
2025.07.04	00:43:15.699		0.86153			4
2025.07.04	00:43:20.527	0.86102				2
2025.07.04	00:43:32.376		0.86152			4
2025.07.04	00:43:32.757	0.86105				2
2025.07.04	00:43:35.523	0.86101				2
2025.07.04	00:43:46.474		0.86151			4
2025.07.04	00:43:47.757	0.86104				2
2025.07.04	00:44:00.248	0.86104				2
2025.07.04	00:44:14.720		0.86152			4
2025.07.04	00:44:18.084		0.86151			4
2025.07.04	00:44:42.759	0.86103				2
2025.07.04	00:44:53.392		0.86150			4
2025.07.04	00:45:01.078	0.86103				2
2025.07.04	00:45:02.076	0.86106	0.86163			6
2025.07.04	00:45:04.537	0.86103	0.86150			6
2025.07.04	00:45:05.786	0.86100				2
2025.07.04	00:45:10.529	0.86112	0.86139			6
2025.07.04	00:45:12.276		0.86138			4
2025.07.04	00:45:24.472		0.86139			4
2025.07.04	00:45:38.004		0.86138			4
2025.07.04	00:45:40.654		0.86139			4
2025.07.04	00:45:42.203	0.86114				2
2025.07.04	00:45:44.973		0.86138			4
2025.07.04	00:46:00.404	0.86114				2
2025.07.04	00:46:15.407		0.86137			4
2025.07.04	00:46:20.530		0.86138			4
2025.07.04	00:46:23.676		0.86137			4
2025.07.04	00:46:56.079		0.86138			4
2025.07.04	00:47:01.864	0.86114	0.86137			6
2025.07.04	00:47:02.281	0.86116	0.86149			6
2025.07.04	00:47:04.400	0.86114	0.86137			6
2025.07.04	00:47:05.071		0.86136			4
2025.07.04	00:47:09.473		0.86137			4
2025.07.04	00:47:31.550		0.86134			4
2025.07.04	00:47:32.205	0.86112				2
2025.07.04	00:47:33.580		0.86135			4
2025.07.04	00:47:43.561		0.86134			4
2025.07.04	00:47:54.280		0.86133			4
2025.07.04	00:47:54.894		0.86134			4
2025.07.04	00:48:01.484	0.86112				2
2025.07.04	00:48:15.946		0.86133			4
2025.07.04	00:48:20.944		0.86134			4
2025.07.04	00:48:27.206	0.86111				2
2025.07.04	00:48:40.926		0.86133			4
2025.07.04	00:48:41.976		0.86132			4
2025.07.04	00:48:44.676		0.86133			4
2025.07.04	00:48:46.561		0.86134			4
2025.07.04	00:48:48.877		0.86133			4
2025.07.04	00:48:50.570		0.86134			4
2025.07.04	00:49:00.234	0.86111				2
2025.07.04	00:49:13.765		0.86133			4
2025.07.04	00:49:26.128		0.86132			4
2025.07.04	00:49:30.535		0.86133			4
2025.07.04	00:49:47.369		0.86132			4
2025.07.04	00:49:49.177		0.86133			4
2025.07.04	00:50:00.239	0.86111				2
2025.07.04	00:50:07.180		0.86134			4
2025.07.04	00:50:23.563		0.86133			4
2025.07.04	00:50:53.573		0.86134			4
2025.07.04	00:51:01.566	0.86111				2
2025.07.04	00:51:06.759		0.86133			4
2025.07.04	00:51:13.558		0.86134			4
2025.07.04	00:51:15.755		0.86133			4
2025.07.04	00:51:16.180		0.86132			4
2025.07.04	00:51:20.532		0.86133			4
2025.07.04	00:51:43.180		0.86134			4
2025.07.04	00:52:04.390	0.86111				2
2025.07.04	00:52:15.204		0.86133			4
2025.07.04	00:52:19.948		0.86134			4
2025.07.04	00:52:24.473		0.86135			4
2025.07.04	00:52:24.944		0.86134			4
2025.07.04	00:52:50.657		0.86132			4
2025.07.04	00:52:50.962		0.86133			4
2025.07.04	00:53:01.478	0.86111	0.86134			6
2025.07.04	00:53:11.079		0.86133			4
2025.07.04	00:53:19.776		0.86134			4
2025.07.04	00:53:46.044		0.86135			4
2025.07.04	00:54:03.278	0.86111				2
2025.07.04	00:54:21.556		0.86134			4
2025.07.04	00:54:24.577		0.86133			4
2025.07.04	00:54:24.894		0.86134			4
2025.07.04	00:54:30.578		0.86135			4
2025.07.04	00:54:45.585		0.86133			4
2025.07.04	00:54:46.444		0.86135			4
2025.07.04	00:54:52.214	0.86110				2
2025.07.04	00:54:54.700		0.86136			4
2025.07.04	00:55:00.126	0.86110				2
2025.07.04	00:55:06.728		0.86135			4
2025.07.04	00:55:20.428		0.86134			4
2025.07.04	00:55:43.061		0.86135			4
2025.07.04	00:55:52.063		0.86136			4
2025.07.04	00:55:54.474		0.86137			4
2025.07.04	00:55:56.041	0.86113	0.86138			6
2025.07.04	00:56:03.568	0.86113	0.86139			6
2025.07.04	00:56:09.478		0.86140			4
2025.07.04	00:56:13.576		0.86139			4
2025.07.04	00:56:37.780		0.86138			4
2025.07.04	00:56:53.560		0.86139			4
2025.07.04	00:57:02.131	0.86113				2
2025.07.04	00:57:03.566		0.86138			4
2025.07.04	00:57:11.053		0.86139			4
2025.07.04	00:57:20.304		0.86138			4
2025.07.04	00:57:25.294		0.86139			4
2025.07.04	00:57:28.844		0.86138			4
2025.07.04	00:57:50.078		0.86139			4
2025.07.04	00:58:00.611	0.86113	0.86138			6
2025.07.04	00:58:10.834		0.86139			4
2025.07.04	00:58:21.032		0.86138			4
2025.07.04	00:58:24.902		0.86139			4
2025.07.04	00:58:44.380		0.86138			4
2025.07.04	00:59:00.577	0.86113				2
2025.07.04	00:59:03.192	0.86111	0.86137			6
2025.07.04	00:59:09.475		0.86138			4
2025.07.04	00:59:13.560		0.86137			4
2025.07.04	00:59:34.781		0.86138			4
2025.07.04	00:59:38.541		0.86137			4
2025.07.04	00:59:41.376		0.86136			4
2025.07.04	00:59:48.498		0.86137			4
2025.07.04	00:59:50.076		0.86138			4
2025.07.04	00:59:56.966		0.86137			4
2025.07.04	00:59:58.460	0.86112				2
2025.07.04	01:00:00.310	0.86112				2
2025.07.04	01:00:00.620	0.86119				2
2025.07.04	01:00:01.002	0.86121	0.86138			6
2025.07.04	01:00:01.848	0.86119				2
2025.07.04	01:00:02.345	0.86106	0.86132			6
2025.07.04	01:00:02.679	0.86107	0.86134			6
2025.07.04	01:00:03.281	0.86087	0.86141			6
2025.07.04	01:00:03.584	0.86108	0.86134			6
2025.07.04	01:00:04.189	0.86109	0.86136			6
2025.07.04	01:00:04.796	0.86121	0.86138			6
2025.07.04	01:00:05.354	0.86122	0.86139			6
2025.07.04	01:00:05.658	0.86121				2
2025.07.04	01:00:05.961	0.86122				2
2025.07.04	01:00:07.387	0.86121				2
2025.07.04	01:00:08.491	0.86119	0.86138			6
2025.07.04	01:00:09.301	0.86120				2
2025.07.04	01:00:10.395	0.86122				2
2025.07.04	01:00:10.725	0.86123	0.86139			6
2025.07.04	01:00:11.616		0.86140			4
2025.07.04	01:00:13.969	0.86124				2
2025.07.04	01:00:14.369	0.86123				2
2025.07.04	01:00:16.555	0.86122	0.86138			6
2025.07.04	01:00:17.496	0.86121				2
2025.07.04	01:00:18.584	0.86120				2
2025.07.04	01:00:19.288		0.86137			4
2025.07.04	01:00:19.590		0.86138			4
2025.07.04	01:00:20.005	0.86117	0.86135			6
2025.07.04	01:00:20.383	0.86118	0.86136			6
2025.07.04	01:00:21.620	0.86119				2
2025.07.04	01:00:22.184	0.86117	0.86132			6
2025.07.04	01:00:22.570		0.86131			4
2025.07.04	01:00:22.941	0.86116				2
2025.07.04	01:00:23.701	0.86114				2
2025.07.04	01:00:24.099	0.86113				2
2025.07.04	01:00:26.678		0.86135			4
2025.07.04	01:00:27.463	0.86115	0.86137			6
2025.07.04	01:00:34.218		0.86135			4
2025.07.04	01:00:34.533		0.86133			4
2025.07.04	01:00:36.467		0.86134			4
2025.07.04	01:00:40.356		0.86133			4
2025.07.04	01:00:41.567	0.86114				2
2025.07.04	01:00:43.807	0.86115				2
2025.07.04	01:00:46.299	0.86116	0.86134			6
2025.07.04	01:00:51.546	0.86117				2
2025.07.04	01:00:53.398	0.86116				2
2025.07.04	01:00:53.830	0.86115	0.86133			6
2025.07.04	01:01:00.311	0.86115	0.86128			6
2025.07.04	01:01:00.685	0.86116				2
2025.07.04	01:01:03.480	0.86115				2
2025.07.04	01:01:03.937	0.86117	0.86130			6
2025.07.04	01:01:06.347	0.86116				2
2025.07.04	01:01:20.746	0.86115				2
2025.07.04	01:01:21.682	0.86104	0.86117			6
2025.07.04	01:01:23.964	0.86103				2
2025.07.04	01:01:30.367		0.86114			4
2025.07.04	01:01:32.970	0.86102				2
2025.07.04	01:01:35.725	0.86104	0.86116			6
2025.07.04	01:01:44.588	0.86103				2
2025.07.04	01:01:47.933	0.86104				2
2025.07.04	01:01:51.504	0.86105	0.86117			6
2025.07.04	01:01:53.679	0.86106				2
2025.07.04	01:01:57.699	0.86105				2
2025.07.04	01:01:59.380	0.86106				2
2025.07.04	01:02:00.488	0.86107	0.86121			6
2025.07.04	01:02:01.894	0.86108				2
2025.07.04	01:02:02.521	0.86109	0.86120			6
2025.07.04	01:02:04.926	0.86110				2
2025.07.04	01:02:05.324	0.86111				2
2025.07.04	01:02:13.362	0.86107	0.86118			6
2025.07.04	01:02:13.669	0.86106				2
2025.07.04	01:02:15.023		0.86117			4
2025.07.04	01:02:15.324		0.86118			4
2025.07.04	01:02:20.078	0.86108	0.86117			6
2025.07.04	01:02:21.859		0.86120			4
2025.07.04	01:02:22.167		0.86118			4
2025.07.04	01:02:22.506	0.86105	0.86117			6
2025.07.04	01:02:36.878	0.86106				2
2025.07.04	01:02:40.599	0.86104	0.86114			6
2025.07.04	01:02:57.442	0.86105	0.86118			6
2025.07.04	01:02:58.384	0.86104	0.86114			6
2025.07.04	01:03:00.928	0.86104				2
2025.07.04	01:03:02.080	0.86103				2
2025.07.04	01:03:09.279	0.86104				2
2025.07.04	01:03:13.041	0.86103				2
2025.07.04	01:03:16.763		0.86115			4
2025.07.04	01:03:17.761		0.86114			4
2025.07.04	01:03:19.761		0.86115			4
2025.07.04	01:03:20.462	0.86105	0.86117			6
2025.07.04	01:03:22.126	0.86104	0.86114			6
2025.07.04	01:03:27.534		0.86113			4
2025.07.04	01:03:31.631		0.86114			4
2025.07.04	01:03:35.082	0.86099	0.86109			6
2025.07.04	01:03:35.401		0.86110			4
2025.07.04	01:03:35.736	0.86098	0.86106			6
2025.07.04	01:03:36.044	0.86097				2
2025.07.04	01:03:36.352	0.86098				2
2025.07.04	01:03:40.355		0.86109			4
2025.07.04	01:03:40.659	0.86099				2
2025.07.04	01:03:40.981	0.86100				2
2025.07.04	01:03:42.676		0.86110			4
2025.07.04	01:03:50.290	0.86104	0.86114			6
2025.07.04	01:04:02.998	0.86104				2
2025.07.04	01:04:09.308	0.86103	0.86113			6
2025.07.04	01:04:41.677	0.86104				2
2025.07.04	01:04:49.778		0.86114			4
2025.07.04	01:04:50.510	0.86101	0.86110			6
2025.07.04	01:04:50.842		0.86109			4
2025.07.04	01:04:52.601	0.86106	0.86115			6
2025.07.04	01:04:55.722	0.86105	0.86114			6
2025.07.04	01:05:00.328	0.86102	0.86111			6
2025.07.04	01:05:01.232		0.86112			4
2025.07.04	01:05:01.666	0.86101	0.86111			6
2025.07.04	01:05:04.543	0.86100				2
2025.07.04	01:05:06.820	0.86101				2
2025.07.04	01:05:15.930	0.86104	0.86112			6
2025.07.04	01:05:20.459	0.86105	0.86113			6
2025.07.04	01:05:36.689	0.86102	0.86111			6
2025.07.04	01:05:37.484		0.86112			4
2025.07.04	01:05:43.479		0.86111			4
2025.07.04	01:05:50.538	0.86105	0.86115			6
2025.07.04	01:05:52.777	0.86104	0.86114			6
2025.07.04	01:05:55.417	0.86105				2
2025.07.04	01:06:01.115	0.86105	0.86112			6
2025.07.04	01:06:02.535	0.86104	0.86114			6
2025.07.04	01:06:04.507	0.86103				2
2025.07.04	01:06:04.895		0.86113			4
2025.07.04	01:06:15.391	0.86102	0.86114			6
2025.07.04	01:06:19.183		0.86113			4
2025.07.04	01:06:25.450		0.86114			4
2025.07.04	01:06:39.185		0.86113			4
2025.07.04	01:06:47.537	0.86101	0.86112			6
2025.07.04	01:06:51.578		0.86113			4
2025.07.04	01:06:53.110	0.86102				2
2025.07.04	01:06:59.322	0.86101				2
2025.07.04	01:07:00.521	0.86101	0.86111			6
2025.07.04	01:07:25.778		0.86110			4
2025.07.04	01:07:52.565		0.86111			4
2025.07.04	01:07:56.079	0.86104	0.86112			6
2025.07.04	01:08:00.422	0.86104	0.86114			6
2025.07.04	01:08:01.002		0.86111			4
2025.07.04	01:08:09.343	0.86103				2
2025.07.04	01:08:10.025	0.86104				2
2025.07.04	01:08:15.745	0.86103				2
2025.07.04	01:08:18.981	0.86104				2
2025.07.04	01:08:23.019	0.86108	0.86116			6
2025.07.04	01:08:23.321		0.86115			4
2025.07.04	01:08:29.124	0.86109				2
2025.07.04	01:08:29.429	0.86108				2
2025.07.04	01:08:43.290		0.86116			4
2025.07.04	01:08:57.926		0.86118			4
2025.07.04	01:09:00.357	0.86108				2
2025.07.04	01:09:06.699		0.86116			4
2025.07.04	01:09:07.605		0.86114			4
2025.07.04	01:09:12.581	0.86107				2
2025.07.04	01:09:25.540	0.86108	0.86116			6
2025.07.04	01:09:36.353	0.86104	0.86113			6
2025.07.04	01:09:41.551		0.86115			4
2025.07.04	01:09:48.303		0.86116			4
2025.07.04	01:10:00.665	0.86104				2
2025.07.04	01:10:02.231	0.86105				2
2025.07.04	01:10:02.539	0.86107				2
2025.07.04	01:10:09.578	0.86106				2
2025.07.04	01:10:10.726		0.86114			4
2025.07.04	01:10:12.294	0.86107				2
2025.07.04	01:10:19.536	0.86103	0.86108			6
2025.07.04	01:10:21.577	0.86104				2
2025.07.04	01:10:31.548	0.86102	0.86109			6
2025.07.04	01:10:36.181	0.86103				2
2025.07.04	01:10:39.834		0.86108			4
2025.07.04	01:10:40.317		0.86110			4
2025.07.04	01:10:53.548	0.86101				2
2025.07.04	01:11:00.958	0.86102				2
2025.07.04	01:11:01.263	0.86101				2
2025.07.04	01:11:02.611		0.86108			4
2025.07.04	01:11:09.483	0.86102				2
2025.07.04	01:11:16.178	0.86101				2
2025.07.04	01:11:17.263		0.86106			4
2025.07.04	01:11:43.537		0.86105			4
2025.07.04	01:11:43.841	0.86099	0.86104			6
2025.07.04	01:11:52.813		0.86106			4
2025.07.04	01:12:02.414	0.86099				2
2025.07.04	01:12:06.126	0.86100	0.86107			6
2025.07.04	01:12:06.439	0.86103	0.86109			6
2025.07.04	01:12:11.573	0.86102				2
2025.07.04	01:12:15.409	0.86103				2
2025.07.04	01:12:26.380	0.86101				2
2025.07.04	01:12:27.560	0.86104				2
2025.07.04	01:12:36.193	0.86103				2
2025.07.04	01:12:45.598		0.86110			4
2025.07.04	01:12:48.277	0.86104				2
2025.07.04	01:12:51.577		0.86109			4
2025.07.04	01:12:51.879	0.86103				2
2025.07.04	01:12:53.486	0.86102				2
2025.07.04	01:12:54.550	0.86101				2
2025.07.04	01:12:55.579	0.86102				2
2025.07.04	01:13:00.285	0.86102				2
2025.07.04	01:13:03.605		0.86108			4
2025.07.04	01:13:13.981	0.86103	0.86109			6
2025.07.04	01:13:22.603	0.86104	0.86111			6
2025.07.04	01:13:26.726	0.86105				2
2025.07.04	01:13:27.561		0.86112			4
2025.07.04	01:13:32.045		0.86111			4
2025.07.04	01:13:32.381		0.86112			4
2025.07.04	01:13:36.423		0.86113			4
2025.07.04	01:13:39.766		0.86112			4
2025.07.04	01:13:43.478		0.86113			4
2025.07.04	01:13:44.578		0.86111			4
2025.07.04	01:13:45.186		0.86112			4
2025.07.04	01:14:00.226	0.86105				2
2025.07.04	01:14:03.809		0.86111			4
2025.07.04	01:14:09.376		0.86112			4
2025.07.04	01:14:52.652		0.86113			4
2025.07.04	01:14:53.597	0.86106				2
2025.07.04	01:14:56.597	0.86105	0.86112			6
2025.07.04	01:15:00.379	0.86106	0.86113			6
2025.07.04	01:15:02.332		0.86112			4
2025.07.04	01:15:25.585	0.86105				2
2025.07.04	01:15:39.110		0.86113			4
2025.07.04	01:15:39.446		0.86112			4
2025.07.04	01:15:42.105	0.86104	0.86111			6
2025.07.04	01:15:43.090	0.86105				2
2025.07.04	01:15:49.993	0.86106	0.86112			6
2025.07.04	01:15:55.277	0.86107	0.86115			6
2025.07.04	01:15:59.199		0.86114			4
2025.07.04	01:16:00.371	0.86107				2
2025.07.04	01:16:02.617		0.86113			4
2025.07.04	01:16:20.903	0.86106	0.86112			6
2025.07.04	01:16:21.237		0.86113			4
2025.07.04	01:16:21.577		0.86112			4
2025.07.04	01:16:21.902		0.86113			4
2025.07.04	01:16:23.991		0.86112			4
2025.07.04	01:16:24.511		0.86113			4
2025.07.04	01:16:25.034		0.86112			4
2025.07.04	01:16:27.916	0.86111				2
2025.07.04	01:16:30.250		0.86113			4
2025.07.04	01:16:32.344		0.86112			4
2025.07.04	01:16:37.556	0.86110				2
2025.07.04	01:16:38.352	0.86112	0.86113			6
2025.07.04	01:16:38.674		0.86115			4
2025.07.04	01:16:39.089		0.86114			4
2025.07.04	01:16:39.398	0.86110				2
2025.07.04	01:16:39.699		0.86113			4
2025.07.04	01:16:40.857	0.86109	0.86114			6
2025.07.04	01:16:42.177	0.86108	0.86113			6
2025.07.04	01:16:43.683	0.86107	0.86114			6
2025.07.04	01:16:45.162	0.86106	0.86113			6
2025.07.04	01:16:45.481		0.86112			4
2025.07.04	01:16:47.849	0.86107				2
2025.07.04	01:16:48.360	0.86106				2
2025.07.04	01:16:52.169	0.86107	0.86113			6
2025.07.04	01:16:55.595		0.86112			4
2025.07.04	01:16:56.019	0.86106				2
2025.07.04	01:16:56.502	0.86107				2
2025.07.04	01:17:01.177	0.86106				2
2025.07.04	01:17:05.149	0.86107	0.86114			6
2025.07.04	01:17:06.059		0.86113			4
2025.07.04	01:17:09.358	0.86105	0.86110			6
2025.07.04	01:17:10.581	0.86106	0.86113			6
2025.07.04	01:17:12.356		0.86112			4
2025.07.04	01:17:14.256		0.86113			4
2025.07.04	01:17:14.644		0.86112			4
2025.07.04	01:17:16.274		0.86113			4
2025.07.04	01:17:16.775		0.86112			4
2025.07.04	01:17:21.157		0.86113			4
2025.07.04	01:17:22.140		0.86112			4
2025.07.04	01:17:25.703		0.86113			4
2025.07.04	01:17:32.129		0.86112			4
2025.07.04	01:17:32.437		0.86113			4
2025.07.04	01:17:33.673	0.86107	0.86112			6
2025.07.04	01:17:38.711		0.86114			4
2025.07.04	01:17:39.042		0.86113			4
2025.07.04	01:17:41.803	0.86106	0.86112			6
2025.07.04	01:17:43.406		0.86113			4
2025.07.04	01:17:45.106		0.86112			4
2025.07.04	01:17:54.579	0.86108	0.86114			6
2025.07.04	01:17:55.808		0.86113			4
2025.07.04	01:18:00.613	0.86108				2
2025.07.04	01:18:13.763		0.86114			4
2025.07.04	01:18:17.050		0.86113			4
2025.07.04	01:18:18.630		0.86116			4
2025.07.04	01:18:19.726	0.86107	0.86115			6
2025.07.04	01:18:21.532		0.86114			4
2025.07.04	01:18:23.777	0.86109	0.86115			6
2025.07.04	01:18:24.184		0.86116			4
2025.07.04	01:18:32.649	0.86108	0.86113			6
2025.07.04	01:18:33.972	0.86107				2
2025.07.04	01:18:36.801	0.86108	0.86115			6
2025.07.04	01:18:37.644	0.86109				2
2025.07.04	01:18:38.682		0.86116			4
2025.07.04	01:18:38.998		0.86114			4
2025.07.04	01:18:39.423	0.86110	0.86115			6
2025.07.04	01:18:40.858		0.86116			4
2025.07.04	01:18:41.198		0.86115			4
2025.07.04	01:18:41.649		0.86116			4
2025.07.04	01:18:42.170	0.86109	0.86117			6
2025.07.04	01:18:42.484	0.86110				2
2025.07.04	01:18:43.181	0.86109				2
2025.07.04	01:18:43.499	0.86110	0.86115			6
2025.07.04	01:18:46.696		0.86116			4
2025.07.04	01:18:47.439	0.86111	0.86117			6
2025.07.04	01:18:49.943		0.86118			4
2025.07.04	01:18:50.815	0.86110	0.86115			6
2025.07.04	01:18:56.775	0.86111	0.86118			6
2025.07.04	01:19:00.281	0.86111				2
2025.07.04	01:19:02.709		0.86117			4
2025.07.04	01:19:16.080	0.86110				2
2025.07.04	01:19:20.077	0.86111				2
2025.07.04	01:19:33.941	0.86110				2
2025.07.04	01:19:36.591	0.86111				2
2025.07.04	01:19:51.117		0.86116			4
2025.07.04	01:20:02.379	0.86111				2
2025.07.04	01:20:06.229		0.86117			4
2025.07.04	01:20:14.116		0.86116			4
2025.07.04	01:20:14.460		0.86117			4
2025.07.04	01:20:15.259		0.86116			4
2025.07.04	01:20:15.937		0.86117			4
2025.07.04	01:20:18.534		0.86116			4
2025.07.04	01:20:19.936		0.86117			4
2025.07.04	01:20:22.257	0.86112				2
2025.07.04	01:20:24.513	0.86111				2
2025.07.04	01:20:26.488	0.86112				2
2025.07.04	01:20:27.596	0.86108	0.86115			6
2025.07.04	01:20:30.703	0.86110				2
2025.07.04	01:20:31.005		0.86116			4
2025.07.04	01:20:36.087		0.86115			4
2025.07.04	01:20:36.718		0.86116			4
2025.07.04	01:20:37.348		0.86115			4
2025.07.04	01:20:37.680		0.86116			4
2025.07.04	01:20:38.032		0.86115			4
2025.07.04	01:20:43.514		0.86114			4
2025.07.04	01:20:51.265	0.86109	0.86115			6
2025.07.04	01:20:51.990		0.86116			4
2025.07.04	01:20:52.645		0.86115			4
2025.07.04	01:20:56.375		0.86114			4
2025.07.04	01:20:56.686		0.86113			4
2025.07.04	01:20:57.473		0.86114			4
2025.07.04	01:21:00.075	0.86109				2
2025.07.04	01:21:02.403		0.86115			4
2025.07.04	01:21:02.863		0.86114			4
2025.07.04	01:21:03.283		0.86115			4
2025.07.04	01:21:03.649		0.86114			4
2025.07.04	01:21:06.691	0.86110	0.86115			6
2025.07.04	01:21:11.494		0.86116			4
2025.07.04	01:21:12.242		0.86117			4
2025.07.04	01:21:15.682		0.86115			4
2025.07.04	01:21:19.690		0.86116			4
2025.07.04	01:21:20.296	0.86109	0.86114			6
2025.07.04	01:21:21.312	0.86110	0.86115			6
2025.07.04	01:21:22.308		0.86116			4
2025.07.04	01:21:31.246	0.86109				2
2025.07.04	01:21:32.018	0.86110				2
2025.07.04	01:21:35.379		0.86115			4
2025.07.04	01:21:35.823	0.86109	0.86116			6
2025.07.04	01:21:46.057	0.86110	0.86115			6
2025.07.04	01:21:47.490	0.86109				2
2025.07.04	01:21:48.385		0.86114			4
2025.07.04	01:21:49.211	0.86110	0.86115			6
2025.07.04	01:21:49.558	0.86109	0.86114			6
2025.07.04	01:21:51.577	0.86110				2
2025.07.04	01:21:56.204		0.86116			4
2025.07.04	01:21:57.513		0.86115			4
2025.07.04	01:22:00.457	0.86110	0.86116			6
2025.07.04	01:22:00.966		0.86115			4
2025.07.04	01:22:14.511	0.86108	0.86114			6
2025.07.04	01:22:17.402	0.86109				2
2025.07.04	01:22:24.933	0.86108	0.86113			6
2025.07.04	01:22:27.722		0.86114			4
2025.07.04	01:22:31.391	0.86109	0.86113			6
2025.07.04	01:22:33.973	0.86108	0.86114			6
2025.07.04	01:22:36.376	0.86109	0.86113			6
2025.07.04	01:22:39.920	0.86108				2
2025.07.04	01:22:49.247	0.86109	0.86115			6
2025.07.04	01:22:53.176		0.86114			4
2025.07.04	01:22:57.577	0.86106	0.86113			6
2025.07.04	01:22:59.724		0.86112			4
2025.07.04	01:23:00.868	0.86106				2
2025.07.04	01:23:12.894	0.86107	0.86113			6
2025.07.04	01:23:14.346	0.86108				2
2025.07.04	01:23:14.712	0.86106	0.86112			6
2025.07.04	01:23:23.767	0.86107				2
2025.07.04	01:23:24.868	0.86106				2
2025.07.04	01:23:43.847	0.86107				2
2025.07.04	01:23:48.712	0.86106				2
2025.07.04	01:24:00.023	0.86106				2
2025.07.04	01:24:02.146	0.86107				2
2025.07.04	01:24:13.777	0.86106	0.86113			6
2025.07.04	01:24:16.224	0.86107	0.86112			6
2025.07.04	01:24:17.352	0.86106	0.86113			6
2025.07.04	01:24:17.774	0.86108				2
2025.07.04	01:24:18.815		0.86114			4
2025.07.04	01:24:25.656	0.86109	0.86116			6
2025.07.04	01:24:27.145	0.86110				2
2025.07.04	01:24:27.944	0.86109	0.86115			6
2025.07.04	01:24:28.259		0.86116			4
2025.07.04	01:24:28.712		0.86115			4
2025.07.04	01:24:38.272		0.86116			4
2025.07.04	01:24:50.380		0.86115			4
2025.07.04	01:24:52.702		0.86114			4
2025.07.04	01:24:59.017		0.86116			4
2025.07.04	01:24:59.754		0.86115			4
2025.07.04	01:25:00.296	0.86109				2
2025.07.04	01:25:01.016		0.86114			4
2025.07.04	01:25:01.318		0.86115			4
2025.07.04	01:25:09.073		0.86116			4
2025.07.04	01:25:14.869	0.86110				2
2025.07.04	01:25:15.898	0.86109	0.86115			6
2025.07.04	01:25:16.977		0.86117			4
2025.07.04	01:25:22.712		0.86115			4
2025.07.04	01:25:30.938	0.86108				2
2025.07.04	01:25:35.379	0.86109	0.86116			6
2025.07.04	01:25:46.683		0.86115			4
2025.07.04	01:25:59.875		0.86114			4
2025.07.04	01:26:00.568	0.86109				2
2025.07.04	01:26:07.793		0.86115			4
2025.07.04	01:26:08.944		0.86116			4
2025.07.04	01:26:09.877		0.86115			4
2025.07.04	01:26:13.630		0.86116			4
2025.07.04	01:26:14.219		0.86115			4
2025.07.04	01:26:22.928		0.86114			4
2025.07.04	01:26:35.707	0.86108	0.86113			6
2025.07.04	01:27:00.206	0.86108				2
2025.07.04	01:27:17.343	0.86107				2
2025.07.04	01:27:35.742		0.86113			4
2025.07.04	01:27:40.019		0.86114			4
2025.07.04	01:27:40.382	0.86109	0.86115			6
2025.07.04	01:27:40.696	0.86108	0.86114			6
2025.07.04	01:27:43.915	0.86109	0.86115			6
2025.07.04	01:27:52.167	0.86110				2
2025.07.04	01:27:55.526	0.86109				2
2025.07.04	01:28:00.715	0.86109				2
2025.07.04	01:28:08.774		0.86116			4
2025.07.04	01:28:20.463		0.86115			4
2025.07.04	01:28:22.546	0.86110				2
2025.07.04	01:28:23.781		0.86114			4
2025.07.04	01:28:44.705		0.86113			4
2025.07.04	01:28:46.711	0.86109	0.86114			6
2025.07.04	01:29:00.568	0.86109				2
2025.07.04	01:29:18.774		0.86115			4
2025.07.04	01:29:22.375		0.86114			4
2025.07.04	01:29:23.393		0.86115			4
2025.07.04	01:29:24.477		0.86114			4
2025.07.04	01:29:24.815		0.86115			4
2025.07.04	01:29:27.825		0.86114			4
2025.07.04	01:29:30.274		0.86115			4
2025.07.04	01:29:34.670		0.86114			4
2025.07.04	01:29:36.613		0.86115			4
2025.07.04	01:29:47.343		0.86114			4
2025.07.04	01:29:48.007	0.86108	0.86113			6
2025.07.04	01:29:49.723		0.86112			4
2025.07.04	01:29:58.057	0.86107				2
2025.07.04	01:29:58.477		0.86113			4
2025.07.04	01:30:00.374	0.86108	0.86112			6
2025.07.04	01:30:02.333	0.86109	0.86110			6
2025.07.04	01:30:04.170	0.86110	0.86111			6
2025.07.04	01:30:04.777	0.86108	0.86112			6
2025.07.04	01:30:09.894	0.86109	0.86114			6
2025.07.04	01:30:10.205	0.86107	0.86113			6
2025.07.04	01:30:13.653	0.86108				2
2025.07.04	01:30:15.966		0.86114			4
2025.07.04	01:30:27.841		0.86113			4
2025.07.04	01:30:28.562		0.86114			4
2025.07.04	01:30:39.993		0.86113			4
2025.07.04	01:31:00.113	0.86108				2
2025.07.04	01:31:01.066		0.86112			4
2025.07.04	01:31:01.378		0.86113			4
2025.07.04	01:31:01.692		0.86114			4
2025.07.04	01:31:09.877		0.86113			4
2025.07.04	01:31:13.045		0.86114			4
2025.07.04	01:31:14.408	0.86109				2
2025.07.04	01:31:14.724	0.86110				2
2025.07.04	01:31:16.389	0.86111	0.86115			6
2025.07.04	01:31:47.178	0.86110				2
2025.07.04	01:31:48.560	0.86111				2
2025.07.04	01:31:49.140	0.86110				2
2025.07.04	01:31:49.685	0.86111	0.86117			6
2025.07.04	01:31:50.303	0.86110	0.86116			6
2025.07.04	01:31:51.337	0.86111	0.86117			6
2025.07.04	01:31:52.295		0.86116			4
2025.07.04	01:31:54.196		0.86117			4
2025.07.04	01:31:55.440		0.86116			4
2025.07.04	01:31:56.153		0.86117			4
2025.07.04	01:32:00.400	0.86111	0.86116			6
2025.07.04	01:32:00.904		0.86117			4
2025.07.04	01:32:11.502	0.86112	0.86119			6
2025.07.04	01:32:14.248	0.86114	0.86121			6
2025.07.04	01:32:14.563	0.86113	0.86118			6
2025.07.04	01:32:20.330	0.86116	0.86119			6
2025.07.04	01:32:21.167	0.86117	0.86120			6
2025.07.04	01:32:32.571	0.86116				2
2025.07.04	01:32:38.688	0.86113	0.86118			6
2025.07.04	01:32:42.036		0.86120			4
2025.07.04	01:32:43.830		0.86119			4
2025.07.04	01:32:45.772		0.86118			4
2025.07.04	01:32:55.813	0.86112				2
2025.07.04	01:32:56.138	0.86113				2
2025.07.04	01:32:56.599	0.86112	0.86117			6
2025.07.04	01:33:00.541	0.86113				2
2025.07.04	01:33:01.526		0.86116			4
2025.07.04	01:33:11.808	0.86115	0.86121			6
2025.07.04	01:33:12.264	0.86116				2
2025.07.04	01:33:36.990		0.86122			4
2025.07.04	01:33:38.684		0.86121			4
2025.07.04	01:33:39.760		0.86122			4
2025.07.04	01:33:42.066		0.86121			4
2025.07.04	01:33:42.519		0.86122			4
2025.07.04	01:33:49.513		0.86121			4
2025.07.04	01:33:51.778	0.86117				2
2025.07.04	01:34:00.231	0.86117				2
2025.07.04	01:34:02.802	0.86115				2
2025.07.04	01:34:04.576		0.86119			4
2025.07.04	01:34:12.603	0.86117				2
2025.07.04	01:34:42.579	0.86116				2
2025.07.04	01:35:00.781	0.86116				2
2025.07.04	01:35:02.471		0.86121			4
2025.07.04	01:35:10.350	0.86118				2
2025.07.04	01:35:12.389	0.86117	0.86123			6
2025.07.04	01:35:14.119	0.86116	0.86122			6
2025.07.04	01:35:21.719	0.86117				2
2025.07.04	01:35:24.757	0.86116				2
2025.07.04	01:35:37.215	0.86118	0.86123			6
2025.07.04	01:35:59.682	0.86119				2
2025.07.04	01:36:00.502	0.86119				2
2025.07.04	01:36:10.846	0.86118				2
2025.07.04	01:36:11.797	0.86119				2
2025.07.04	01:36:37.476		0.86123			4
2025.07.04	01:37:01.621	0.86117	0.86122			6
2025.07.04	01:37:07.229		0.86121			4
2025.07.04	01:37:12.256	0.86115	0.86119			6
2025.07.04	01:37:26.376	0.86114				2
2025.07.04	01:37:31.049	0.86115				2
2025.07.04	01:37:35.377	0.86114				2
2025.07.04	01:37:36.272		0.86118			4
2025.07.04	01:37:41.377	0.86113				2
2025.07.04	01:37:47.585	0.86115	0.86120			6
2025.07.04	01:37:50.415	0.86114	0.86118			6
2025.07.04	01:37:58.824	0.86113				2
2025.07.04	01:38:00.049	0.86113				2
2025.07.04	01:38:09.764	0.86116	0.86121			6
2025.07.04	01:38:12.547	0.86119				2
2025.07.04	01:38:12.905		0.86122			4
2025.07.04	01:38:14.124		0.86120			4
2025.07.04	01:38:20.976		0.86121			4
2025.07.04	01:38:22.519		0.86122			4
2025.07.04	01:38:23.569		0.86121			4
2025.07.04	01:38:24.664		0.86122			4
2025.07.04	01:38:25.845		0.86121			4
2025.07.04	01:38:28.779	0.86118				2
2025.07.04	01:38:30.956	0.86119				2
2025.07.04	01:38:47.974		0.86122			4
2025.07.04	01:38:49.080		0.86121			4
2025.07.04	01:38:53.602	0.86118				2
2025.07.04	01:38:54.766		0.86122			4
2025.07.04	01:38:58.104		0.86121			4
2025.07.04	01:39:00.386	0.86118				2
2025.07.04	01:39:03.289		0.86122			4
2025.07.04	01:39:04.480		0.86121			4
2025.07.04	01:39:05.227	0.86116				2
2025.07.04	01:39:12.402	0.86119	0.86122			6
2025.07.04	01:39:20.558	0.86120				2
2025.07.04	01:39:23.160	0.86119				2
2025.07.04	01:39:28.426	0.86117	0.86121			6
2025.07.04	01:40:00.595	0.86117				2
2025.07.04	01:40:23.313	0.86119	0.86122			6
2025.07.04	01:40:40.485		0.86121			4
2025.07.04	01:40:49.094		0.86122			4
2025.07.04	01:41:00.389	0.86119				2
2025.07.04	01:41:13.866		0.86121			4
2025.07.04	01:41:16.088	0.86120	0.86122			6
2025.07.04	01:41:23.327	0.86119	0.86121			6
2025.07.04	01:41:28.411		0.86122			4
2025.07.04	01:41:33.361	0.86120	0.86121			6
2025.07.04	01:41:41.076	0.86119				2
2025.07.04	01:41:48.895	0.86120				2
2025.07.04	01:42:00.952	0.86119				2
2025.07.04	01:42:01.300	0.86120				2
2025.07.04	01:42:23.216	0.86118				2
2025.07.04	01:42:38.977		0.86121			4
2025.07.04	01:42:56.968	0.86117				2
2025.07.04	01:42:57.283	0.86118				2
2025.07.04	01:43:06.784	0.86116				2
2025.07.04	01:43:07.409	0.86115				2
2025.07.04	01:43:13.051	0.86116				2
2025.07.04	01:43:22.835	0.86114	0.86118			6
2025.07.04	01:43:30.547	0.86113				2
2025.07.04	01:43:31.219		0.86117			4
2025.07.04	01:43:32.239	0.86114				2
2025.07.04	01:43:35.792	0.86113				2
2025.07.04	01:43:36.682		0.86118			4
2025.07.04	01:43:41.925	0.86114				2
2025.07.04	01:43:42.956	0.86116	0.86122			6
2025.07.04	01:43:43.391		0.86120			4
2025.07.04	01:43:44.111		0.86122			4
2025.07.04	01:43:45.184	0.86113	0.86119			6
2025.07.04	01:43:50.054		0.86118			4
2025.07.04	01:43:50.971	0.86112	0.86117			6
2025.07.04	01:44:00.584	0.86112				2
2025.07.04	01:44:02.207	0.86113				2
2025.07.04	01:44:07.342	0.86114	0.86118			6
2025.07.04	01:44:11.177		0.86117			4
2025.07.04	01:44:12.806	0.86113				2
2025.07.04	01:44:14.235	0.86114	0.86119			6
2025.07.04	01:44:26.574	0.86115				2
2025.07.04	01:44:28.420	0.86114				2
2025.07.04	01:44:28.969	0.86115				2
2025.07.04	01:44:29.482	0.86114				2
2025.07.04	01:44:43.130	0.86115				2
2025.07.04	01:44:44.276	0.86114				2
2025.07.04	01:44:49.108	0.86115	0.86120			6
2025.07.04	01:44:57.057	0.86116				2
2025.07.04	01:44:59.467		0.86121			4
2025.07.04	01:45:00.585	0.86116				2
2025.07.04	01:45:03.207	0.86115	0.86120			6
2025.07.04	01:45:09.083	0.86116				2
2025.07.04	01:45:36.916		0.86122			4
2025.07.04	01:45:40.949		0.86120			4
2025.07.04	01:46:00.622	0.86116				2
2025.07.04	01:46:01.399	0.86117	0.86121			6
2025.07.04	01:46:40.568		0.86122			4
2025.07.04	01:46:51.523		0.86121			4
2025.07.04	01:46:52.476	0.86116				2
2025.07.04	01:47:00.093	0.86116				2
2025.07.04	01:47:05.050	0.86117				2
2025.07.04	01:47:16.476	0.86116				2
2025.07.04	01:47:22.622	0.86117				2
2025.07.04	01:47:37.465	0.86116	0.86120			6
2025.07.04	01:47:39.893	0.86115				2
2025.07.04	01:47:56.617		0.86119			4
2025.07.04	01:48:00.342	0.86115				2
2025.07.04	01:48:08.976		0.86120			4
2025.07.04	01:48:10.688		0.86119			4
2025.07.04	01:48:11.287		0.86120			4
2025.07.04	01:48:11.842		0.86119			4
2025.07.04	01:48:14.551	0.86116	0.86120			6
2025.07.04	01:48:16.569	0.86117	0.86121			6
2025.07.04	01:48:17.984	0.86116				2
2025.07.04	01:48:31.868	0.86117				2
2025.07.04	01:48:33.636	0.86116				2
2025.07.04	01:48:34.122	0.86117				2
2025.07.04	01:48:39.105	0.86116				2
2025.07.04	01:49:00.570	0.86116				2
2025.07.04	01:49:16.737		0.86121			4
2025.07.04	01:49:35.014	0.86117				2
2025.07.04	01:49:41.181		0.86122			4
2025.07.04	01:49:46.266		0.86121			4
2025.07.04	01:49:54.111	0.86120	0.86123			6
2025.07.04	01:49:55.915		0.86122			4
2025.07.04	01:50:00.104	0.86120				2
2025.07.04	01:50:15.477	0.86119				2
2025.07.04	01:50:22.321	0.86120				2
2025.07.04	01:50:31.857	0.86117	0.86121			6
2025.07.04	01:50:38.043	0.86118				2
2025.07.04	01:50:48.877	0.86117				2
2025.07.04	01:51:00.931	0.86117				2
2025.07.04	01:51:32.456		0.86121			4
2025.07.04	01:51:36.636	0.86120	0.86122			6
2025.07.04	01:51:36.941	0.86119	0.86121			6
2025.07.04	01:51:37.262	0.86118				2
2025.07.04	01:51:46.029	0.86119				2
2025.07.04	01:51:52.294	0.86118				2
2025.07.04	01:52:00.570	0.86118				2
2025.07.04	01:52:28.627	0.86119	0.86122			6
2025.07.04	01:52:28.938	0.86120				2
2025.07.04	01:52:29.810	0.86119				2
2025.07.04	01:52:33.185	0.86121				2
2025.07.04	01:52:35.809	0.86120				2
2025.07.04	01:52:36.934	0.86119				2
2025.07.04	01:52:47.077	0.86120				2
2025.07.04	01:52:51.805	0.86118	0.86121			6
2025.07.04	01:52:56.623	0.86117				2
2025.07.04	01:53:02.085	0.86117				2
2025.07.04	01:53:16.108	0.86116				2
2025.07.04	01:53:17.098	0.86115	0.86118			6
2025.07.04	01:53:24.278		0.86119			4
2025.07.04	01:53:25.704	0.86114				2
2025.07.04	01:53:34.268		0.86118			4
2025.07.04	01:53:45.790		0.86117			4
2025.07.04	01:54:01.588	0.86114				2
2025.07.04	01:54:47.380		0.86117			4
2025.07.04	01:54:58.552	0.86116	0.86119			6
2025.07.04	01:55:00.976	0.86116				2
2025.07.04	01:55:31.735	0.86117				2
2025.07.04	01:55:32.306	0.86119	0.86122			6
2025.07.04	01:55:51.301	0.86117				2
2025.07.04	01:55:54.121	0.86118				2
2025.07.04	01:55:57.562	0.86119				2
2025.07.04	01:56:01.906	0.86119				2
2025.07.04	01:56:31.135	0.86120				2
2025.07.04	01:56:32.626		0.86122			4
2025.07.04	01:57:00.397	0.86120				2
2025.07.04	01:57:00.948	0.86119				2
2025.07.04	01:57:14.362	0.86121	0.86126			6
2025.07.04	01:57:15.143	0.86122				2
2025.07.04	01:57:22.830	0.86121	0.86125			6
2025.07.04	01:57:38.405	0.86120				2
2025.07.04	01:57:45.169		0.86124			4
2025.07.04	01:57:54.991	0.86121	0.86125			6
2025.07.04	01:57:58.467	0.86120				2
2025.07.04	01:58:02.926	0.86120				2
2025.07.04	01:58:06.745		0.86124			4
2025.07.04	01:58:11.825	0.86121				2
2025.07.04	01:58:12.381		0.86125			4
2025.07.04	01:58:20.386	0.86120	0.86124			6
2025.07.04	01:58:40.766		0.86122			4
2025.07.04	01:58:41.069	0.86118				2
2025.07.04	01:58:44.624	0.86119				2
2025.07.04	01:58:53.658	0.86122	0.86126			6
2025.07.04	01:58:55.138	0.86124				2
2025.07.04	01:59:00.629	0.86124				2
2025.07.04	01:59:01.431	0.86125	0.86127			6
2025.07.04	01:59:01.741	0.86126	0.86129			6
2025.07.04	01:59:07.393	0.86125				2
2025.07.04	01:59:15.037		0.86127			4
2025.07.04	01:59:30.667		0.86129			4
2025.07.04	01:59:48.577	0.86126				2
2025.07.04	01:59:57.755	0.86127	0.86131			6
2025.07.04	01:59:58.128	0.86126	0.86130			6
2025.07.04	02:00:00.112	0.86126				2
2025.07.04	02:00:01.002	0.86127				2
2025.07.04	02:00:10.851	0.86126	0.86128			6
2025.07.04	02:00:11.391	0.86125	0.86127			6
2025.07.04	02:00:13.727	0.86130	0.86132			6
2025.07.04	02:00:15.318	0.86129				2
2025.07.04	02:00:16.422	0.86127	0.86131			6
2025.07.04	02:00:26.073	0.86128				2
2025.07.04	02:00:29.774	0.86127				2
2025.07.04	02:00:30.523		0.86129			4
2025.07.04	02:00:31.540		0.86130			4
2025.07.04	02:00:42.305		0.86131			4
2025.07.04	02:00:44.523	0.86128	0.86132			6
2025.07.04	02:00:45.196	0.86129	0.86131			6
2025.07.04	02:00:46.176		0.86132			4
2025.07.04	02:00:48.084	0.86130				2
2025.07.04	02:00:53.929	0.86129				2
2025.07.04	02:01:03.491	0.86128	0.86131			6
2025.07.04	02:01:08.473	0.86127	0.86130			6
2025.07.04	02:01:16.204		0.86131			4
2025.07.04	02:01:21.179	0.86128				2
2025.07.04	02:01:27.093		0.86132			4
2025.07.04	02:01:30.282	0.86127	0.86131			6
2025.07.04	02:01:31.091		0.86129			4
2025.07.04	02:01:31.422		0.86131			4
2025.07.04	02:01:31.978		0.86129			4
2025.07.04	02:01:32.617		0.86131			4
2025.07.04	02:01:33.420		0.86129			4
2025.07.04	02:01:36.549	0.86126				2
2025.07.04	02:01:40.388	0.86125	0.86127			6
2025.07.04	02:01:40.699	0.86122	0.86126			6
2025.07.04	02:01:55.389	0.86121				2
2025.07.04	02:01:55.815		0.86124			4
2025.07.04	02:01:58.267		0.86125			4
2025.07.04	02:01:58.588		0.86124			4
2025.07.04	02:02:00.662	0.86125	0.86127			6
2025.07.04	02:02:00.973	0.86123				2
2025.07.04	02:02:02.440	0.86122	0.86125			6
2025.07.04	02:02:12.855	0.86121	0.86124			6
2025.07.04	02:02:28.293	0.86124	0.86125			6
2025.07.04	02:02:30.720	0.86121	0.86124			6
2025.07.04	02:02:38.046	0.86120				2
2025.07.04	02:02:45.443		0.86123			4
2025.07.04	02:02:47.952	0.86117	0.86120			6
2025.07.04	02:02:49.071	0.86116				2
2025.07.04	02:02:49.396		0.86119			4
2025.07.04	02:02:50.365		0.86120			4
2025.07.04	02:02:59.713	0.86119	0.86122			6
2025.07.04	02:03:00.077	0.86119				2
2025.07.04	02:03:02.438	0.86118	0.86121			6
2025.07.04	02:03:05.738	0.86117	0.86118			6
2025.07.04	02:03:06.059	0.86116				2
2025.07.04	02:03:09.257	0.86118	0.86122			6
2025.07.04	02:03:17.621	0.86116	0.86119			6
2025.07.04	02:03:18.512	0.86115	0.86117			6
2025.07.04	02:03:31.614	0.86114				2
2025.07.04	02:03:35.996	0.86116	0.86118			6
2025.07.04	02:03:36.302		0.86119			4
2025.07.04	02:03:36.828	0.86113	0.86117			6
2025.07.04	02:03:40.770	0.86114				2
2025.07.04	02:03:41.424	0.86112				2
2025.07.04	02:03:46.066	0.86109	0.86112			6
2025.07.04	02:03:52.328		0.86110			4
2025.07.04	02:03:54.408		0.86111			4
2025.07.04	02:04:00.297	0.86109				2
2025.07.04	02:04:04.647		0.86110			4
2025.07.04	02:04:11.660		0.86112			4
2025.07.04	02:04:11.982		0.86111			4
2025.07.04	02:04:18.576	0.86108	0.86110			6
2025.07.04	02:04:26.843	0.86107				2
2025.07.04	02:04:27.579	0.86108	0.86109			6
2025.07.04	02:04:30.002	0.86107	0.86110			6
2025.07.04	02:04:30.510		0.86111			4
2025.07.04	02:04:36.849	0.86108	0.86112			6
2025.07.04	02:04:37.160	0.86109				2
2025.07.04	02:04:38.921	0.86111	0.86114			6
2025.07.04	02:04:42.370	0.86110	0.86113			6
2025.07.04	02:04:42.691	0.86109				2
2025.07.04	02:04:49.785		0.86112			4
2025.07.04	02:04:54.834		0.86110			4
2025.07.04	02:05:00.333	0.86109				2
2025.07.04	02:05:06.165		0.86112			4
2025.07.04	02:05:09.835	0.86107	0.86108			6
2025.07.04	02:05:10.139	0.86106				2
2025.07.04	02:05:42.578	0.86109	0.86113			6
2025.07.04	02:05:45.191		0.86112			4
2025.07.04	02:05:45.718	0.86110	0.86113			6
2025.07.04	02:06:00.185	0.86110				2
2025.07.04	02:06:20.388		0.86114			4
2025.07.04	02:06:21.082	0.86111				2
2025.07.04	02:06:23.643		0.86115			4
2025.07.04	02:06:25.389	0.86112				2
2025.07.04	02:06:27.526	0.86113	0.86118			6
2025.07.04	02:06:27.842		0.86116			4
2025.07.04	02:06:36.381	0.86114	0.86118			6
2025.07.04	02:07:00.569	0.86114				2
2025.07.04	02:07:20.094		0.86117			4
2025.07.04	02:07:35.293	0.86113				2
2025.07.04	02:07:59.295		0.86118			4
2025.07.04	02:08:00.278	0.86113				2
2025.07.04	02:08:03.597		0.86117			4
2025.07.04	02:08:07.482		0.86118			4
2025.07.04	02:08:07.803		0.86117			4
2025.07.04	02:08:33.106	0.86114	0.86119			6
2025.07.04	02:08:34.346	0.86115				2
2025.07.04	02:09:00.571	0.86115	0.86118			6
2025.07.04	02:09:40.698	0.86117	0.86121			6
2025.07.04	02:09:48.692		0.86120			4
2025.07.04	02:09:49.313		0.86121			4
2025.07.04	02:09:51.404		0.86120			4
2025.07.04	02:09:53.203	0.86116	0.86118			6
2025.07.04	02:09:57.491	0.86114	0.86117			6
2025.07.04	02:10:00.354	0.86114				2
2025.07.04	02:10:19.067	0.86112	0.86115			6
2025.07.04	02:10:36.388	0.86111	0.86114			6
2025.07.04	02:10:40.703	0.86110	0.86113			6
2025.07.04	02:10:54.384	0.86109				2
2025.07.04	02:11:00.280	0.86109				2
2025.07.04	02:11:01.713		0.86112			4
2025.07.04	02:11:16.237		0.86111			4
2025.07.04	02:11:21.263	0.86108				2
2025.07.04	02:11:55.675	0.86109	0.86113			6
2025.07.04	02:12:00.382	0.86109				2
2025.07.04	02:12:02.662		0.86114			4
2025.07.04	02:12:02.979	0.86110	0.86115			6
2025.07.04	02:12:04.818		0.86114			4
2025.07.04	02:12:05.172	0.86109	0.86115			6
2025.07.04	02:12:24.467		0.86114			4
2025.07.04	02:12:33.590	0.86110				2
2025.07.04	02:12:33.921		0.86115			4
2025.07.04	02:12:35.332	0.86111				2
2025.07.04	02:13:00.905	0.86111	0.86116			6
2025.07.04	02:13:17.118		0.86114			4
2025.07.04	02:13:20.491	0.86114	0.86115			6
2025.07.04	02:13:24.470		0.86116			4
2025.07.04	02:13:31.374	0.86113	0.86115			6
2025.07.04	02:13:36.941		0.86114			4
2025.07.04	02:13:50.304		0.86115			4
2025.07.04	02:13:50.927		0.86114			4
2025.07.04	02:13:51.548		0.86115			4
2025.07.04	02:13:52.293		0.86114			4
2025.07.04	02:13:57.844		0.86115			4
2025.07.04	02:14:00.105	0.86113				2
2025.07.04	02:14:10.264		0.86116			4
2025.07.04	02:14:11.449		0.86114			4
2025.07.04	02:14:11.870		0.86115			4
2025.07.04	02:14:15.354	0.86112				2
2025.07.04	02:14:35.885		0.86116			4
2025.07.04	02:14:36.204		0.86115			4
2025.07.04	02:14:38.178		0.86116			4
2025.07.04	02:14:50.301	0.86113				2
2025.07.04	02:15:00.008	0.86113				2
2025.07.04	02:15:39.396		0.86116			4
2025.07.04	02:15:51.274	0.86112	0.86115			6
2025.07.04	02:16:01.085	0.86112				2
2025.07.04	02:16:32.507		0.86116			4
2025.07.04	02:16:33.377		0.86115			4
2025.07.04	02:17:00.862	0.86112	0.86116			6
2025.07.04	02:17:18.821	0.86113				2
2025.07.04	02:17:55.102	0.86114				2
2025.07.04	02:17:55.410	0.86113				2
2025.07.04	02:18:00.268	0.86113				2
2025.07.04	02:18:01.031		0.86116			4
2025.07.04	02:18:21.771	0.86111	0.86115			6
2025.07.04	02:18:31.512		0.86114			4
2025.07.04	02:18:31.844	0.86109	0.86113			6
2025.07.04	02:18:42.872		0.86112			4
2025.07.04	02:19:01.526	0.86109				2
2025.07.04	02:19:03.538		0.86113			4
2025.07.04	02:20:00.014	0.86109				2
2025.07.04	02:20:03.597	0.86110	0.86114			6
2025.07.04	02:20:21.083	0.86111				2
2025.07.04	02:20:21.437		0.86115			4
2025.07.04	02:21:00.869	0.86111				2
2025.07.04	02:21:14.272	0.86115	0.86119			6
2025.07.04	02:21:16.269		0.86118			4
2025.07.04	02:21:17.671	0.86114	0.86117			6
2025.07.04	02:21:42.487	0.86113	0.86116			6
2025.07.04	02:22:02.908	0.86113				2
2025.07.04	02:22:11.633	0.86112	0.86115			6
2025.07.04	02:22:13.273	0.86110	0.86114			6
2025.07.04	02:22:22.376		0.86113			4
2025.07.04	02:22:30.585	0.86111				2
2025.07.04	02:22:35.244		0.86114			4
2025.07.04	02:22:36.518	0.86112				2
2025.07.04	02:22:44.528		0.86115			4
2025.07.04	02:22:46.765	0.86113	0.86117			6
2025.07.04	02:22:52.624	0.86114				2
2025.07.04	02:23:00.305	0.86114				2
2025.07.04	02:23:47.688		0.86117			4
2025.07.04	02:24:00.569	0.86114	0.86118			6
2025.07.04	02:24:03.457	0.86115				2
2025.07.04	02:25:00.439	0.86115				2
2025.07.04	02:25:03.523		0.86118			4
2025.07.04	02:25:10.643		0.86119			4
2025.07.04	02:25:15.710	0.86114	0.86118			6
2025.07.04	02:25:16.048	0.86115	0.86117			6
2025.07.04	02:25:17.078	0.86114				2
2025.07.04	02:25:21.175	0.86115	0.86116			6
2025.07.04	02:25:21.489	0.86114				2
2025.07.04	02:25:28.352		0.86117			4
2025.07.04	02:25:46.880	0.86113				2
2025.07.04	02:25:52.287		0.86116			4
2025.07.04	02:25:58.731	0.86114				2
2025.07.04	02:25:59.497		0.86117			4
2025.07.04	02:26:00.161	0.86114	0.86116			6
2025.07.04	02:26:01.426		0.86117			4
2025.07.04	02:26:04.947	0.86113	0.86116			6
2025.07.04	02:26:09.811		0.86117			4
2025.07.04	02:26:12.480		0.86116			4
2025.07.04	02:26:12.866	0.86117	0.86120			6
2025.07.04	02:26:21.387	0.86116				2
2025.07.04	02:26:30.037	0.86114	0.86117			6
2025.07.04	02:26:30.363		0.86118			4
2025.07.04	02:26:32.790		0.86116			4
2025.07.04	02:26:36.720		0.86115			4
2025.07.04	02:26:40.190		0.86116			4
2025.07.04	02:26:42.103		0.86115			4
2025.07.04	02:26:47.503		0.86116			4
2025.07.04	02:26:47.814		0.86115			4
2025.07.04	02:26:52.642	0.86113	0.86114			6
2025.07.04	02:26:55.585	0.86115	0.86116			6
2025.07.04	02:26:59.295	0.86114	0.86115			6
2025.07.04	02:27:00.306	0.86114				2
2025.07.04	02:27:10.282	0.86112	0.86113			6
2025.07.04	02:27:10.648	0.86115	0.86116			6
2025.07.04	02:27:10.958		0.86117			4
2025.07.04	02:27:11.431		0.86118			4
2025.07.04	02:27:11.921		0.86117			4
2025.07.04	02:27:13.196	0.86116	0.86119			6
2025.07.04	02:27:13.500	0.86117	0.86118			6
2025.07.04	02:28:00.356	0.86117				2
2025.07.04	02:28:02.218	0.86116	0.86117			6
2025.07.04	02:28:02.677		0.86119			4
2025.07.04	02:28:03.548		0.86118			4
2025.07.04	02:28:27.216		0.86119			4
2025.07.04	02:28:28.288		0.86118			4
2025.07.04	02:28:50.015	0.86119	0.86121			6
2025.07.04	02:28:55.573	0.86121	0.86122			6
2025.07.04	02:28:57.972		0.86123			4
2025.07.04	02:28:58.699	0.86122	0.86125			6
2025.07.04	02:28:59.589		0.86124			4
2025.07.04	02:29:00.038	0.86122	0.86125			6
2025.07.04	02:29:00.399		0.86124			4
2025.07.04	02:29:02.418		0.86123			4
2025.07.04	02:29:48.739	0.86119	0.86121			6
2025.07.04	02:29:53.105	0.86118	0.86119			6
2025.07.04	02:29:54.132		0.86120			4
2025.07.04	02:29:54.470		0.86119			4
2025.07.04	02:29:55.628		0.86120			4
2025.07.04	02:29:59.560	0.86120	0.86122			6
2025.07.04	02:30:00.561	0.86120				2
2025.07.04	02:30:18.140	0.86119	0.86121			6
2025.07.04	02:30:18.461	0.86118				2
2025.07.04	02:30:23.369	0.86121	0.86123			6
2025.07.04	02:30:24.033		0.86124			4
2025.07.04	02:30:26.028	0.86120	0.86121			6
2025.07.04	02:30:28.349	0.86121	0.86122			6
2025.07.04	02:30:31.629	0.86120	0.86121			6
2025.07.04	02:30:42.016	0.86119				2
2025.07.04	02:30:53.537	0.86121	0.86124			6
2025.07.04	02:30:53.841	0.86122	0.86123			6
2025.07.04	02:31:00.544	0.86122	0.86124			6
2025.07.04	02:31:01.616		0.86123			4
2025.07.04	02:31:01.920		0.86124			4
2025.07.04	02:31:02.247	0.86127	0.86128			6
2025.07.04	02:31:02.559	0.86125	0.86127			6
2025.07.04	02:31:04.118	0.86126	0.86128			6
2025.07.04	02:31:05.075	0.86125				2
2025.07.04	02:31:06.662	0.86127	0.86131			6
2025.07.04	02:31:10.179	0.86131	0.86134			6
2025.07.04	02:31:12.088	0.86132				2
2025.07.04	02:31:12.417	0.86131				2
2025.07.04	02:31:13.386	0.86134	0.86138			6
2025.07.04	02:31:15.171		0.86137			4
2025.07.04	02:31:22.018		0.86136			4
2025.07.04	02:31:25.155	0.86131	0.86134			6
2025.07.04	02:31:25.511	0.86136	0.86141			6
2025.07.04	02:31:25.819	0.86137				2
2025.07.04	02:31:26.149		0.86140			4
2025.07.04	02:31:28.916		0.86139			4
2025.07.04	02:31:30.332	0.86132	0.86134			6
2025.07.04	02:31:31.313	0.86131				2
2025.07.04	02:31:31.621	0.86130	0.86133			6
2025.07.04	02:31:31.949	0.86128				2
2025.07.04	02:31:36.361	0.86130				2
2025.07.04	02:31:38.953	0.86133	0.86137			6
2025.07.04	02:31:40.310	0.86134	0.86138			6
2025.07.04	02:31:40.716	0.86133				2
2025.07.04	02:31:41.577	0.86134	0.86139			6
2025.07.04	02:31:44.638	0.86135				2
2025.07.04	02:31:45.317	0.86134	0.86137			6
2025.07.04	02:31:45.625		0.86138			4
2025.07.04	02:31:47.948	0.86135				2
2025.07.04	02:31:48.390	0.86136				2
2025.07.04	02:31:52.059		0.86139			4
2025.07.04	02:31:53.172	0.86138	0.86140			6
2025.07.04	02:31:53.496	0.86136				2
2025.07.04	02:31:55.265	0.86137				2
2025.07.04	02:31:58.695		0.86139			4
2025.07.04	02:32:00.034	0.86137				2
2025.07.04	02:32:00.825	0.86138	0.86140			6
2025.07.04	02:32:01.183	0.86137				2
2025.07.04	02:32:01.493	0.86140	0.86144			6
2025.07.04	02:32:01.821	0.86141	0.86143			6
2025.07.04	02:32:02.175	0.86140				2
2025.07.04	02:32:02.628		0.86141			4
2025.07.04	02:32:03.482	0.86139	0.86140			6
2025.07.04	02:32:03.931	0.86135	0.86137			6
2025.07.04	02:32:04.239		0.86138			4
2025.07.04	02:32:04.543		0.86137			4
2025.07.04	02:32:04.857	0.86136	0.86138			6
2025.07.04	02:32:05.812	0.86137	0.86139			6
2025.07.04	02:32:09.203	0.86138				2
2025.07.04	02:32:09.539	0.86139	0.86140			6
2025.07.04	02:32:10.662	0.86140	0.86141			6
2025.07.04	02:32:11.277	0.86139	0.86140			6
2025.07.04	02:32:11.718	0.86138	0.86139			6
2025.07.04	02:32:12.075	0.86135	0.86137			6
2025.07.04	02:32:12.389	0.86138	0.86139			6
2025.07.04	02:32:12.763	0.86137	0.86138			6
2025.07.04	02:32:13.112		0.86139			4
2025.07.04	02:32:13.645	0.86136				2
2025.07.04	02:32:13.977	0.86137				2
2025.07.04	02:32:15.690	0.86136				2
2025.07.04	02:32:16.924	0.86137				2
2025.07.04	02:32:17.238	0.86136				2
2025.07.04	02:32:18.966		0.86138			4
2025.07.04	02:32:22.095	0.86137	0.86139			6
2025.07.04	02:32:22.739	0.86136				2
2025.07.04	02:32:23.636		0.86138			4
2025.07.04	02:32:24.437	0.86140	0.86143			6
2025.07.04	02:32:25.303		0.86142			4
2025.07.04	02:32:26.365	0.86141				2
2025.07.04	02:32:27.553	0.86140	0.86143			6
2025.07.04	02:32:28.677		0.86142			4
2025.07.04	02:32:29.727	0.86141				2
2025.07.04	02:32:32.426		0.86143			4
2025.07.04	02:32:32.761		0.86142			4
2025.07.04	02:32:33.588		0.86143			4
2025.07.04	02:32:37.739	0.86143	0.86144			6
2025.07.04	02:32:38.061	0.86142	0.86143			6
2025.07.04	02:32:40.159	0.86143	0.86144			6
2025.07.04	02:32:42.384	0.86142	0.86143			6
2025.07.04	02:32:43.103	0.86141	0.86142			6
2025.07.04	02:32:43.530	0.86142	0.86143			6
2025.07.04	02:32:44.417	0.86141	0.86142			6
2025.07.04	02:32:45.370	0.86138	0.86139			6
2025.07.04	02:32:45.673	0.86137				2
2025.07.04	02:32:46.356	0.86138	0.86140			6
2025.07.04	02:32:47.838		0.86141			4
2025.07.04	02:32:51.065	0.86140	0.86143			6
2025.07.04	02:32:51.399	0.86139	0.86142			6
2025.07.04	02:32:52.565	0.86141				2
2025.07.04	02:32:53.548	0.86140				2
2025.07.04	02:32:53.859		0.86141			4
2025.07.04	02:32:54.526	0.86141	0.86142			6
2025.07.04	02:32:54.828	0.86140	0.86141			6
2025.07.04	02:32:55.388	0.86141	0.86142			6
2025.07.04	02:32:56.314	0.86139	0.86141			6
2025.07.04	02:32:57.519	0.86140	0.86142			6
2025.07.04	02:32:57.898		0.86141			4
2025.07.04	02:33:00.317	0.86139				2
2025.07.04	02:33:00.646	0.86140				2
2025.07.04	02:33:00.966	0.86141	0.86142			6
2025.07.04	02:33:01.669	0.86142	0.86143			6
2025.07.04	02:33:02.422		0.86144			4
2025.07.04	02:33:02.905	0.86143				2
2025.07.04	02:33:03.246	0.86141				2
2025.07.04	02:33:03.549	0.86142				2
2025.07.04	02:33:04.984	0.86141				2
2025.07.04	02:33:07.368	0.86140	0.86142			6
2025.07.04	02:33:07.886	0.86141	0.86143			6
2025.07.04	02:33:10.459		0.86142			4
2025.07.04	02:33:11.805	0.86140	0.86141			6
2025.07.04	02:33:13.177	0.86139	0.86140			6
2025.07.04	02:33:13.479		0.86141			4
2025.07.04	02:33:13.852		0.86140			4
2025.07.04	02:33:16.624	0.86138				2
2025.07.04	02:33:20.127	0.86139				2
2025.07.04	02:33:20.442	0.86140	0.86142			6
2025.07.04	02:33:28.672		0.86143			4
2025.07.04	02:33:28.978		0.86142			4
2025.07.04	02:33:32.931		0.86143			4
2025.07.04	02:33:36.494	0.86141				2
2025.07.04	02:33:40.244	0.86140				2
2025.07.04	02:33:40.818		0.86142			4
2025.07.04	02:33:43.994		0.86143			4
2025.07.04	02:33:47.881		0.86142			4
2025.07.04	02:33:50.345	0.86139	0.86140			6
2025.07.04	02:33:54.175	0.86138				2
2025.07.04	02:33:55.536		0.86139			4
2025.07.04	02:33:59.841	0.86137	0.86138			6
2025.07.04	02:34:00.624	0.86138	0.86139			6
2025.07.04	02:34:01.448	0.86137	0.86138			6
2025.07.04	02:34:04.121		0.86139			4
2025.07.04	02:34:04.424	0.86136	0.86137			6
2025.07.04	02:34:05.392	0.86134	0.86136			6
2025.07.04	02:34:09.775	0.86133				2
2025.07.04	02:34:14.194	0.86138	0.86142			6
2025.07.04	02:34:14.500	0.86139	0.86141			6
2025.07.04	02:34:18.201	0.86137	0.86140			6
2025.07.04	02:34:19.669	0.86138				2
2025.07.04	02:34:21.451		0.86139			4
2025.07.04	02:34:22.442	0.86136	0.86137			6
2025.07.04	02:34:24.147		0.86138			4
2025.07.04	02:34:25.485		0.86137			4
2025.07.04	02:34:32.981	0.86134	0.86136			6
2025.07.04	02:34:42.687	0.86135				2
2025.07.04	02:34:43.343	0.86134				2
2025.07.04	02:34:45.357	0.86135				2
2025.07.04	02:34:50.118	0.86134				2
2025.07.04	02:34:50.433	0.86132	0.86133			6
2025.07.04	02:34:50.739	0.86131	0.86132			6
2025.07.04	02:34:51.948	0.86132	0.86133			6
2025.07.04	02:34:59.225	0.86137	0.86138			6
2025.07.04	02:34:59.539	0.86136	0.86137			6
2025.07.04	02:35:00.352	0.86136				2
2025.07.04	02:35:05.378	0.86137	0.86138			6
2025.07.04	02:35:05.746	0.86136	0.86137			6
2025.07.04	02:35:07.283	0.86137	0.86138			6
2025.07.04	02:35:17.663		0.86141			4
2025.07.04	02:35:18.413		0.86138			4
2025.07.04	02:35:21.028	0.86138	0.86139			6
2025.07.04	02:35:22.044		0.86140			4
2025.07.04	02:35:32.248		0.86141			4
2025.07.04	02:35:35.099		0.86140			4
2025.07.04	02:35:43.631	0.86141	0.86142			6
2025.07.04	02:35:44.232	0.86138	0.86141			6
2025.07.04	02:35:44.536	0.86139	0.86142			6
2025.07.04	02:35:44.840	0.86138	0.86141			6
2025.07.04	02:35:45.144		0.86142			4
2025.07.04	02:35:46.050	0.86137	0.86138			6
2025.07.04	02:35:46.353	0.86132	0.86135			6
2025.07.04	02:35:50.439	0.86133				2
2025.07.04	02:35:51.574		0.86136			4
2025.07.04	02:35:53.787	0.86134	0.86137			6
2025.07.04	02:36:00.317	0.86134				2
2025.07.04	02:36:04.016		0.86136			4
2025.07.04	02:36:05.601	0.86135				2
2025.07.04	02:36:08.354	0.86134				2
2025.07.04	02:36:15.859	0.86135				2
2025.07.04	02:36:18.877	0.86134				2
2025.07.04	02:36:19.834	0.86135				2
2025.07.04	02:36:20.365	0.86134				2
2025.07.04	02:36:22.894		0.86137			4
2025.07.04	02:36:23.198	0.86135	0.86136			6
2025.07.04	02:36:29.102	0.86134				2
2025.07.04	02:36:31.454	0.86135				2
2025.07.04	02:36:34.690	0.86134				2
2025.07.04	02:36:37.593	0.86135				2
2025.07.04	02:36:38.524	0.86134				2
2025.07.04	02:36:39.078	0.86135				2
2025.07.04	02:36:42.398	0.86134				2
2025.07.04	02:36:43.474	0.86135				2
2025.07.04	02:36:43.890	0.86134				2
2025.07.04	02:36:45.076	0.86135				2
2025.07.04	02:36:45.579	0.86134				2
2025.07.04	02:36:51.188	0.86132	0.86134			6
2025.07.04	02:36:55.478	0.86133				2
2025.07.04	02:36:55.783	0.86132				2
2025.07.04	02:37:00.803	0.86132				2
2025.07.04	02:37:05.345		0.86135			4
2025.07.04	02:37:05.759		0.86134			4
2025.07.04	02:37:08.441	0.86131	0.86132			6
2025.07.04	02:37:08.759		0.86133			4
2025.07.04	02:37:13.982	0.86132	0.86134			6
2025.07.04	02:37:14.524	0.86131	0.86133			6
2025.07.04	02:37:27.470	0.86132				2
2025.07.04	02:37:30.447	0.86134	0.86135			6
2025.07.04	02:37:40.997	0.86135	0.86137			6
2025.07.04	02:37:51.831	0.86136				2
2025.07.04	02:37:57.762	0.86135	0.86136			6
2025.07.04	02:38:00.801	0.86135				2
2025.07.04	02:38:02.092	0.86136	0.86137			6
2025.07.04	02:38:02.504	0.86139	0.86140			6
2025.07.04	02:38:05.100	0.86138				2
2025.07.04	02:38:33.188	0.86139				2
2025.07.04	02:38:34.760	0.86138				2
2025.07.04	02:38:37.383	0.86142	0.86143			6
2025.07.04	02:38:40.938	0.86141				2
2025.07.04	02:38:45.524	0.86140	0.86141			6
2025.07.04	02:38:50.378	0.86139	0.86140			6
2025.07.04	02:38:53.541	0.86138	0.86139			6
2025.07.04	02:38:58.873	0.86137	0.86138			6
2025.07.04	02:39:01.180	0.86138	0.86139			6
2025.07.04	02:39:01.725	0.86137	0.86138			6
2025.07.04	02:39:08.867	0.86139	0.86140			6
2025.07.04	02:39:09.273	0.86138	0.86139			6
2025.07.04	02:39:11.119	0.86141	0.86142			6
2025.07.04	02:39:11.461	0.86140	0.86141			6
2025.07.04	02:39:13.215	0.86139	0.86140			6
2025.07.04	02:39:16.142	0.86140	0.86141			6
2025.07.04	02:39:30.487	0.86138	0.86139			6
2025.07.04	02:39:31.512	0.86139	0.86140			6
2025.07.04	02:39:40.686	0.86138	0.86139			6
2025.07.04	02:39:54.483	0.86136	0.86137			6
2025.07.04	02:39:54.834	0.86137	0.86138			6
2025.07.04	02:40:00.547	0.86137				2
2025.07.04	02:40:06.011	0.86138	0.86139			6
2025.07.04	02:40:07.141	0.86137	0.86138			6
2025.07.04	02:40:23.354	0.86136	0.86137			6
2025.07.04	02:40:25.881	0.86137	0.86138			6
2025.07.04	02:40:34.655	0.86133	0.86134			6
2025.07.04	02:40:34.959	0.86134	0.86135			6
2025.07.04	02:40:39.830	0.86131	0.86134			6
2025.07.04	02:40:42.768	0.86135	0.86136			6
2025.07.04	02:40:46.911	0.86136	0.86137			6
2025.07.04	02:40:49.847	0.86134	0.86135			6
2025.07.04	02:40:51.068		0.86136			4
2025.07.04	02:40:51.427	0.86136	0.86137			6
2025.07.04	02:40:53.288	0.86134	0.86135			6
2025.07.04	02:40:53.590	0.86135	0.86136			6
2025.07.04	02:40:55.557	0.86136	0.86137			6
2025.07.04	02:41:00.317	0.86138	0.86139			6
2025.07.04	02:41:02.797	0.86137	0.86138			6
2025.07.04	02:41:03.100	0.86138	0.86139			6
2025.07.04	02:41:04.100	0.86137	0.86138			6
2025.07.04	02:41:07.730	0.86136	0.86137			6
2025.07.04	02:41:14.623	0.86135	0.86136			6
2025.07.04	02:41:18.454	0.86136	0.86137			6
2025.07.04	02:41:20.721	0.86134	0.86135			6
2025.07.04	02:41:21.028	0.86130	0.86131			6
2025.07.04	02:41:23.136	0.86131	0.86132			6
2025.07.04	02:41:30.235	0.86130	0.86131			6
2025.07.04	02:41:32.662	0.86131	0.86132			6
2025.07.04	02:41:33.547	0.86126	0.86127			6
2025.07.04	02:41:33.862	0.86125	0.86126			6
2025.07.04	02:41:47.315	0.86127	0.86128			6
2025.07.04	02:41:54.650	0.86123	0.86125			6
2025.07.04	02:41:54.959		0.86126			4
2025.07.04	02:41:59.379	0.86122	0.86125			6
2025.07.04	02:42:00.453	0.86122				2
2025.07.04	02:42:05.665	0.86123	0.86126			6
2025.07.04	02:42:11.865		0.86125			4
2025.07.04	02:42:13.970	0.86122				2
2025.07.04	02:42:19.693	0.86123				2
2025.07.04	02:42:23.237	0.86122	0.86126			6
2025.07.04	02:42:25.751	0.86123				2
2025.07.04	02:42:28.286	0.86124	0.86127			6
2025.07.04	02:42:29.155		0.86126			4
2025.07.04	02:42:31.027		0.86127			4
2025.07.04	02:42:32.256	0.86123				2
2025.07.04	02:42:33.720		0.86126			4
2025.07.04	02:42:37.691	0.86122	0.86125			6
2025.07.04	02:42:41.216	0.86123				2
2025.07.04	02:42:43.495	0.86122				2
2025.07.04	02:42:44.367	0.86124	0.86126			6
2025.07.04	02:42:48.354	0.86123				2
2025.07.04	02:42:52.378	0.86127	0.86129			6
2025.07.04	02:42:52.704	0.86126	0.86128			6
2025.07.04	02:42:57.520	0.86125	0.86127			6
2025.07.04	02:42:57.824	0.86124				2
2025.07.04	02:43:00.690	0.86124				2
2025.07.04	02:43:02.224		0.86128			4
2025.07.04	02:43:02.913		0.86127			4
2025.07.04	02:43:03.278	0.86125	0.86129			6
2025.07.04	02:43:07.700		0.86128			4
2025.07.04	02:43:09.941	0.86127	0.86129			6
2025.07.04	02:43:10.984		0.86130			4
2025.07.04	02:43:11.747		0.86129			4
2025.07.04	02:43:12.461		0.86130			4
2025.07.04	02:43:12.851		0.86129			4
2025.07.04	02:43:13.591	0.86128	0.86130			6
2025.07.04	02:43:14.339		0.86129			4
2025.07.04	02:43:15.392		0.86130			4
2025.07.04	02:43:15.988		0.86129			4
2025.07.04	02:43:16.391		0.86130			4
2025.07.04	02:43:16.992		0.86129			4
2025.07.04	02:43:17.887		0.86130			4
2025.07.04	02:43:18.287		0.86129			4
2025.07.04	02:43:20.463		0.86130			4
2025.07.04	02:43:21.098		0.86129			4
2025.07.04	02:43:22.916	0.86127				2
2025.07.04	02:43:24.495	0.86126				2
2025.07.04	02:43:28.257		0.86128			4
2025.07.04	02:43:30.039	0.86127	0.86129			6
2025.07.04	02:43:31.121	0.86126	0.86128			6
2025.07.04	02:43:32.099		0.86129			4
2025.07.04	02:43:32.452		0.86128			4
2025.07.04	02:43:33.442		0.86129			4
2025.07.04	02:43:33.745	0.86131	0.86133			6
2025.07.04	02:43:34.745	0.86134	0.86138			6
2025.07.04	02:43:35.191		0.86137			4
2025.07.04	02:43:35.549	0.86133	0.86135			6
2025.07.04	02:43:42.161		0.86136			4
2025.07.04	02:43:43.036	0.86134	0.86137			6
2025.07.04	02:43:44.070		0.86136			4
2025.07.04	02:43:53.724	0.86133	0.86135			6
2025.07.04	02:43:56.376	0.86134				2
2025.07.04	02:43:58.731	0.86133				2
2025.07.04	02:43:59.674	0.86135	0.86138			6
2025.07.04	02:43:59.981	0.86136				2
2025.07.04	02:44:00.351	0.86136				2
2025.07.04	02:44:00.751	0.86135				2
2025.07.04	02:44:05.378	0.86136				2
2025.07.04	02:44:08.374	0.86133	0.86136			6
2025.07.04	02:44:11.544	0.86134	0.86135			6
2025.07.04	02:44:12.687		0.86136			4
2025.07.04	02:44:16.628		0.86135			4
2025.07.04	02:44:19.178		0.86136			4
2025.07.04	02:44:19.807		0.86135			4
2025.07.04	02:44:45.534		0.86136			4
2025.07.04	02:44:46.703	0.86136	0.86139			6
2025.07.04	02:44:48.364		0.86138			4
2025.07.04	02:44:50.411		0.86139			4
2025.07.04	02:44:56.563	0.86135	0.86138			6
2025.07.04	02:45:01.532	0.86136	0.86137			6
2025.07.04	02:45:05.542	0.86133	0.86135			6
2025.07.04	02:45:06.592		0.86134			4
2025.07.04	02:45:07.920		0.86135			4
2025.07.04	02:45:16.302	0.86135	0.86136			6
2025.07.04	02:45:24.345		0.86138			4
2025.07.04	02:45:26.458		0.86136			4
2025.07.04	02:45:28.392	0.86136	0.86138			6
2025.07.04	02:45:28.704		0.86137			4
2025.07.04	02:45:49.941	0.86135				2
2025.07.04	02:45:52.805	0.86132	0.86135			6
2025.07.04	02:45:53.771	0.86133				2
2025.07.04	02:45:55.145	0.86134				2
2025.07.04	02:45:58.506		0.86136			4
2025.07.04	02:46:00.382	0.86134	0.86135			6
2025.07.04	02:46:07.615		0.86137			4
2025.07.04	02:46:09.078		0.86135			4
2025.07.04	02:46:13.870	0.86132				2
2025.07.04	02:46:14.172	0.86133				2
2025.07.04	02:46:14.731	0.86132				2
2025.07.04	02:46:30.836	0.86131	0.86134			6
2025.07.04	02:46:31.936	0.86132				2
2025.07.04	02:46:33.723	0.86131				2
2025.07.04	02:46:45.706	0.86132				2
2025.07.04	02:46:47.994	0.86131				2
2025.07.04	02:46:58.422	0.86132				2
2025.07.04	02:46:59.503	0.86131				2
2025.07.04	02:47:00.962	0.86131	0.86133			6
2025.07.04	02:47:01.333	0.86132				2
2025.07.04	02:47:05.275	0.86133	0.86134			6
2025.07.04	02:47:14.090	0.86132	0.86133			6
2025.07.04	02:47:16.226	0.86130				2
2025.07.04	02:47:16.728	0.86131				2
2025.07.04	02:47:20.764	0.86132	0.86134			6
2025.07.04	02:47:39.765		0.86133			4
2025.07.04	02:47:43.844	0.86135	0.86136			6
2025.07.04	02:47:53.839	0.86134				2
2025.07.04	02:47:56.227		0.86135			4
2025.07.04	02:47:56.982	0.86133				2
2025.07.04	02:47:57.350	0.86132	0.86134			6
2025.07.04	02:47:57.672		0.86136			4
2025.07.04	02:47:58.133		0.86135			4
2025.07.04	02:48:00.530	0.86132				2
2025.07.04	02:48:05.901		0.86134			4
2025.07.04	02:48:06.983	0.86131	0.86133			6
2025.07.04	02:48:07.290		0.86132			4
2025.07.04	02:48:11.120	0.86130				2
2025.07.04	02:48:14.042		0.86133			4
2025.07.04	02:48:19.758		0.86131			4
2025.07.04	02:48:21.179	0.86131	0.86132			6
2025.07.04	02:48:41.744	0.86130	0.86131			6
2025.07.04	02:48:48.556		0.86132			4
2025.07.04	02:48:51.465	0.86128	0.86130			6
2025.07.04	02:49:00.315	0.86128				2
2025.07.04	02:49:26.889	0.86127				2
2025.07.04	02:49:33.564	0.86126	0.86129			6
2025.07.04	02:49:40.813	0.86128				2
2025.07.04	02:49:41.337	0.86125	0.86128			6
2025.07.04	02:49:52.584	0.86126	0.86129			6
2025.07.04	02:49:52.927		0.86128			4
2025.07.04	02:49:54.349		0.86129			4
2025.07.04	02:49:58.937		0.86128			4
2025.07.04	02:49:59.749	0.86128	0.86129			6
2025.07.04	02:50:00.321	0.86128				2
2025.07.04	02:50:03.461		0.86130			4
2025.07.04	02:50:07.735		0.86129			4
2025.07.04	02:50:19.311		0.86130			4
2025.07.04	02:50:21.388		0.86131			4
2025.07.04	02:50:22.739		0.86130			4
2025.07.04	02:50:27.157	0.86127				2
2025.07.04	02:50:27.461	0.86126	0.86129			6
2025.07.04	02:50:35.841		0.86128			4
2025.07.04	02:50:39.714	0.86125				2
2025.07.04	02:50:54.806	0.86124	0.86127			6
2025.07.04	02:51:00.443	0.86124				2
2025.07.04	02:51:04.580	0.86125				2
2025.07.04	02:51:16.054		0.86128			4
2025.07.04	02:51:30.569		0.86127			4
2025.07.04	02:51:32.569	0.86127	0.86128			6
2025.07.04	02:51:34.349	0.86126				2
2025.07.04	02:51:38.654		0.86127			4
2025.07.04	02:51:39.439	0.86124				2
2025.07.04	02:51:40.289		0.86126			4
2025.07.04	02:51:43.136	0.86125	0.86127			6
2025.07.04	02:52:00.053	0.86125				2
2025.07.04	02:52:10.179	0.86126	0.86128			6
2025.07.04	02:52:11.724		0.86127			4
2025.07.04	02:52:16.969	0.86130	0.86131			6
2025.07.04	02:52:18.923	0.86129				2
2025.07.04	02:52:19.526		0.86130			4
2025.07.04	02:52:19.850		0.86131			4
2025.07.04	02:52:21.606		0.86130			4
2025.07.04	02:52:27.358	0.86128	0.86129			6
2025.07.04	02:52:41.038		0.86130			4
2025.07.04	02:53:00.568	0.86128				2
2025.07.04	02:53:00.899		0.86129			4
2025.07.04	02:53:01.263		0.86130			4
2025.07.04	02:53:05.722	0.86126	0.86129			6
2025.07.04	02:53:06.026	0.86125	0.86128			6
2025.07.04	02:53:06.396		0.86127			4
2025.07.04	02:53:24.584	0.86127	0.86128			6
2025.07.04	02:53:28.462	0.86123	0.86125			6
2025.07.04	02:53:29.698		0.86126			4
2025.07.04	02:53:30.385		0.86125			4
2025.07.04	02:53:30.788	0.86124	0.86126			6
2025.07.04	02:53:33.690	0.86123	0.86125			6
2025.07.04	02:53:35.021	0.86124				2
2025.07.04	02:53:42.297		0.86126			4
2025.07.04	02:53:43.017	0.86123				2
2025.07.04	02:53:45.867		0.86125			4
2025.07.04	02:53:47.908	0.86122				2
2025.07.04	02:53:58.098		0.86124			4
2025.07.04	02:54:01.294	0.86122				2
2025.07.04	02:54:06.364	0.86123				2
2025.07.04	02:54:07.360	0.86125	0.86127			6
2025.07.04	02:54:12.018	0.86124	0.86125			6
2025.07.04	02:54:12.331		0.86126			4
2025.07.04	02:54:13.797	0.86123				2
2025.07.04	02:54:14.957		0.86125			4
2025.07.04	02:54:35.687	0.86122				2
2025.07.04	02:54:46.355		0.86124			4
2025.07.04	02:54:50.159		0.86125			4
2025.07.04	02:55:00.374	0.86122	0.86124			6
2025.07.04	02:55:01.915		0.86125			4
2025.07.04	02:55:06.219		0.86124			4
2025.07.04	02:55:07.530		0.86125			4
2025.07.04	02:55:09.194	0.86124				2
2025.07.04	02:55:12.521		0.86126			4
2025.07.04	02:55:13.969	0.86123	0.86125			6
2025.07.04	02:55:14.617	0.86122				2
2025.07.04	02:55:15.439	0.86123				2
2025.07.04	02:55:20.598	0.86124				2
2025.07.04	02:55:23.080	0.86123				2
2025.07.04	02:55:29.454	0.86124				2
2025.07.04	02:55:33.549	0.86123				2
2025.07.04	02:55:39.270	0.86122				2
2025.07.04	02:55:39.826	0.86123				2
2025.07.04	02:55:42.353		0.86126			4
2025.07.04	02:55:42.760		0.86125			4
2025.07.04	02:55:43.379	0.86122	0.86124			6
2025.07.04	02:55:44.428	0.86121				2
2025.07.04	02:55:45.648	0.86122				2
2025.07.04	02:55:46.894	0.86121				2
2025.07.04	02:55:47.278	0.86122				2
2025.07.04	02:55:48.371		0.86125			4
2025.07.04	02:55:49.703	0.86123				2
2025.07.04	02:55:50.626	0.86124				2
2025.07.04	02:56:00.006	0.86122				2
2025.07.04	02:56:00.319		0.86124			4
2025.07.04	02:56:00.697	0.86121				2
2025.07.04	02:56:01.347	0.86122				2
2025.07.04	02:56:13.513	0.86121				2
2025.07.04	02:56:15.558		0.86123			4
2025.07.04	02:56:17.521		0.86124			4
2025.07.04	02:56:25.087	0.86122	0.86125			6
2025.07.04	02:56:28.975	0.86124	0.86126			6
2025.07.04	02:56:31.441	0.86123				2
2025.07.04	02:56:37.858		0.86125			4
2025.07.04	02:56:39.531	0.86122				2
2025.07.04	02:56:41.872	0.86124	0.86126			6
2025.07.04	02:56:42.211	0.86125				2
2025.07.04	02:56:53.375	0.86126	0.86129			6
2025.07.04	02:56:53.678		0.86128			4
2025.07.04	02:56:57.436	0.86125	0.86127			6
2025.07.04	02:56:57.740		0.86129			4
2025.07.04	02:56:58.049	0.86126	0.86127			6
2025.07.04	02:57:00.291	0.86126				2
2025.07.04	02:57:00.962	0.86124				2
2025.07.04	02:57:01.295		0.86126			4
2025.07.04	02:57:04.160		0.86127			4
2025.07.04	02:57:07.033		0.86126			4
2025.07.04	02:57:11.234		0.86127			4
2025.07.04	02:57:11.548	0.86125				2
2025.07.04	02:57:14.306		0.86126			4
2025.07.04	02:57:21.743	0.86124	0.86125			6
2025.07.04	02:57:23.789	0.86127	0.86128			6
2025.07.04	02:57:28.994	0.86125	0.86127			6
2025.07.04	02:57:31.736		0.86128			4
2025.07.04	02:57:32.041		0.86129			4
2025.07.04	02:57:32.568	0.86126				2
2025.07.04	02:57:34.333		0.86128			4
2025.07.04	02:57:35.415	0.86125				2
2025.07.04	02:57:40.426	0.86124	0.86127			6
2025.07.04	02:57:44.222		0.86126			4
2025.07.04	02:57:44.581		0.86127			4
2025.07.04	02:57:50.695	0.86125				2
2025.07.04	02:57:55.433	0.86124				2
2025.07.04	02:58:00.416	0.86125				2
2025.07.04	02:58:02.748		0.86126			4
2025.07.04	02:58:03.524	0.86126	0.86129			6
2025.07.04	02:58:03.839	0.86124	0.86127			6
2025.07.04	02:58:08.387	0.86123	0.86126			6
2025.07.04	02:58:09.146		0.86125			4
2025.07.04	02:58:09.800	0.86122	0.86124			6
2025.07.04	02:58:12.321	0.86121				2
2025.07.04	02:58:12.828	0.86122				2
2025.07.04	02:58:13.826	0.86121				2
2025.07.04	02:58:14.525	0.86122				2
2025.07.04	02:58:14.905	0.86121				2
2025.07.04	02:58:17.525	0.86122	0.86125			6
2025.07.04	02:58:23.572	0.86123				2
2025.07.04	02:58:35.882	0.86122				2
2025.07.04	02:58:43.889		0.86124			4
2025.07.04	02:58:45.889		0.86125			4
2025.07.04	02:58:49.412		0.86124			4
2025.07.04	02:58:58.093	0.86121				2
2025.07.04	02:58:58.471	0.86120	0.86122			6
2025.07.04	02:59:00.101	0.86119				2
2025.07.04	02:59:13.426	0.86120				2
2025.07.04	02:59:13.771	0.86119	0.86121			6
2025.07.04	02:59:14.256		0.86120			4
2025.07.04	02:59:14.818	0.86118				2
2025.07.04	02:59:16.224		0.86119			4
2025.07.04	02:59:17.502	0.86117	0.86120			6
2025.07.04	02:59:17.818	0.86116	0.86117			6
2025.07.04	02:59:18.122	0.86117	0.86120			6
2025.07.04	02:59:18.440	0.86118	0.86121			6
2025.07.04	02:59:18.757	0.86119				2
2025.07.04	02:59:19.409	0.86120	0.86122			6
2025.07.04	02:59:20.525	0.86119	0.86121			6
2025.07.04	02:59:20.838	0.86120				2
2025.07.04	02:59:22.399		0.86122			4
2025.07.04	02:59:23.371	0.86119	0.86121			6
2025.07.04	02:59:39.789	0.86117	0.86119			6
2025.07.04	02:59:40.100		0.86120			4
2025.07.04	02:59:41.481		0.86119			4
2025.07.04	02:59:44.662		0.86120			4
2025.07.04	02:59:44.964	0.86121	0.86122			6
2025.07.04	02:59:48.380	0.86119	0.86121			6
2025.07.04	02:59:50.441	0.86120				2
2025.07.04	03:00:00.328	0.86120	0.86123			6
2025.07.04	03:00:01.400		0.86121			4
2025.07.04	03:00:02.012	0.86119				2
2025.07.04	03:00:02.335	0.86120	0.86122			6
2025.07.04	03:00:02.640	0.86119				2
2025.07.04	03:00:02.965	0.86120				2
2025.07.04	03:00:04.910	0.86123	0.86125			6
2025.07.04	03:00:07.318	0.86124				2
2025.07.04	03:00:08.197		0.86126			4
2025.07.04	03:00:08.704	0.86123	0.86125			6
2025.07.04	03:00:10.687	0.86122				2
2025.07.04	03:00:10.999		0.86124			4
2025.07.04	03:00:11.359	0.86123	0.86125			6
2025.07.04	03:00:12.594	0.86124				2
2025.07.04	03:00:12.947	0.86123				2
2025.07.04	03:00:13.777	0.86124	0.86126			6
2025.07.04	03:00:14.406	0.86125				2
2025.07.04	03:00:15.464	0.86124				2
2025.07.04	03:00:16.302	0.86123	0.86125			6
2025.07.04	03:00:16.620	0.86124	0.86126			6
2025.07.04	03:00:17.260	0.86122	0.86125			6
2025.07.04	03:00:17.561	0.86121	0.86123			6
2025.07.04	03:00:18.661		0.86124			4
2025.07.04	03:00:24.048	0.86122				2
2025.07.04	03:00:25.295	0.86121				2
2025.07.04	03:00:25.840	0.86120	0.86123			6
2025.07.04	03:00:26.158		0.86121			4
2025.07.04	03:00:26.473		0.86122			4
2025.07.04	03:00:27.422		0.86123			4
2025.07.04	03:00:30.235	0.86121	0.86124			6
2025.07.04	03:00:33.120		0.86123			4
2025.07.04	03:00:33.496		0.86124			4
2025.07.04	03:00:36.302	0.86122				2
2025.07.04	03:00:37.374	0.86121				2
2025.07.04	03:00:39.411	0.86120	0.86123			6
2025.07.04	03:00:39.874		0.86122			4
2025.07.04	03:00:40.768	0.86118	0.86120			6
2025.07.04	03:00:41.386	0.86117	0.86118			6
2025.07.04	03:00:41.701	0.86119	0.86120			6
2025.07.04	03:00:42.020	0.86118	0.86121			6
2025.07.04	03:00:42.327	0.86119	0.86120			6
2025.07.04	03:00:42.668	0.86118				2
2025.07.04	03:00:43.112	0.86122	0.86124			6
2025.07.04	03:00:44.616	0.86123	0.86125			6
2025.07.04	03:00:45.326	0.86122	0.86124			6
2025.07.04	03:00:45.654		0.86125			4
2025.07.04	03:00:45.960	0.86123	0.86124			6
2025.07.04	03:00:46.279	0.86122				2
2025.07.04	03:00:47.027		0.86125			4
2025.07.04	03:00:47.371	0.86123				2
2025.07.04	03:00:49.947		0.86124			4
2025.07.04	03:00:50.261	0.86122				2
2025.07.04	03:00:55.127	0.86119	0.86122			6
2025.07.04	03:00:55.457	0.86122	0.86124			6
2025.07.04	03:00:56.533	0.86121				2
2025.07.04	03:00:56.855	0.86120	0.86123			6
2025.07.04	03:00:58.879		0.86122			4
2025.07.04	03:00:59.777	0.86121	0.86124			6
2025.07.04	03:01:00.452	0.86121				2
2025.07.04	03:01:00.897	0.86123				2
2025.07.04	03:01:01.526		0.86125			4
2025.07.04	03:01:02.134		0.86124			4
2025.07.04	03:01:02.448	0.86121	0.86122			6
2025.07.04	03:01:02.772	0.86122	0.86123			6
2025.07.04	03:01:03.173	0.86121				2
2025.07.04	03:01:04.378		0.86124			4
2025.07.04	03:01:05.090	0.86122				2
2025.07.04	03:01:05.397	0.86121				2
2025.07.04	03:01:05.701	0.86122				2
2025.07.04	03:01:08.597	0.86121				2
2025.07.04	03:01:08.941	0.86122				2
2025.07.04	03:01:13.634		0.86125			4
2025.07.04	03:01:16.424		0.86124			4
2025.07.04	03:01:18.361	0.86121				2
2025.07.04	03:01:23.968	0.86122				2
2025.07.04	03:01:25.661	0.86121				2
2025.07.04	03:01:29.278		0.86123			4
2025.07.04	03:01:29.581		0.86124			4
2025.07.04	03:01:30.156	0.86120	0.86122			6
2025.07.04	03:01:31.310	0.86119				2
2025.07.04	03:01:32.126	0.86122	0.86124			6
2025.07.04	03:01:32.780	0.86119	0.86122			6
2025.07.04	03:01:33.706	0.86118	0.86121			6
2025.07.04	03:01:34.085		0.86120			4
2025.07.04	03:01:35.841		0.86121			4
2025.07.04	03:01:38.429		0.86120			4
2025.07.04	03:01:39.939		0.86121			4
2025.07.04	03:01:40.285	0.86119				2
2025.07.04	03:01:41.731	0.86118				2
2025.07.04	03:01:44.026	0.86119				2
2025.07.04	03:01:44.364	0.86118				2
2025.07.04	03:01:51.467		0.86120			4
2025.07.04	03:01:51.779	0.86119	0.86121			6
2025.07.04	03:01:52.114	0.86118				2
2025.07.04	03:01:52.807	0.86122	0.86124			6
2025.07.04	03:01:53.120		0.86123			4
2025.07.04	03:01:53.474		0.86124			4
2025.07.04	03:01:56.757	0.86116	0.86119			6
2025.07.04	03:01:58.382		0.86118			4
2025.07.04	03:01:59.952	0.86113	0.86116			6
2025.07.04	03:02:00.405	0.86113	0.86115			6
2025.07.04	03:02:00.837	0.86116	0.86118			6
2025.07.04	03:02:01.140	0.86117	0.86119			6
2025.07.04	03:02:01.464		0.86118			4
2025.07.04	03:02:01.776	0.86116	0.86117			6
2025.07.04	03:02:02.079		0.86119			4
2025.07.04	03:02:05.085	0.86117	0.86120			6
2025.07.04	03:02:05.402	0.86116	0.86119			6
2025.07.04	03:02:15.840	0.86117	0.86120			6
2025.07.04	03:02:17.264		0.86119			4
2025.07.04	03:02:18.351	0.86116				2
2025.07.04	03:02:19.377	0.86114	0.86116			6
2025.07.04	03:02:19.682	0.86115	0.86118			6
2025.07.04	03:02:24.706		0.86117			4
2025.07.04	03:02:25.684	0.86117	0.86119			6
2025.07.04	03:02:26.976		0.86120			4
2025.07.04	03:02:27.928	0.86118	0.86121			6
2025.07.04	03:02:31.043	0.86119	0.86122			6
2025.07.04	03:02:38.375	0.86118	0.86119			6
2025.07.04	03:02:38.812	0.86117	0.86120			6
2025.07.04	03:02:42.586	0.86118	0.86121			6
2025.07.04	03:02:42.899	0.86119				2
2025.07.04	03:02:44.131	0.86118	0.86120			6
2025.07.04	03:02:46.377		0.86121			4
2025.07.04	03:02:48.824		0.86120			4
2025.07.04	03:02:54.766		0.86121			4
2025.07.04	03:03:00.291	0.86118				2
2025.07.04	03:03:05.423	0.86119				2
2025.07.04	03:03:11.461	0.86120	0.86122			6
2025.07.04	03:03:11.762	0.86119				2
2025.07.04	03:03:19.674	0.86120				2
2025.07.04	03:03:21.267		0.86123			4
2025.07.04	03:03:22.200	0.86122	0.86124			6
2025.07.04	03:03:22.933		0.86125			4
2025.07.04	03:03:24.773		0.86124			4
2025.07.04	03:03:25.840		0.86125			4
2025.07.04	03:03:29.223		0.86124			4
2025.07.04	03:03:30.823		0.86125			4
2025.07.04	03:03:31.153		0.86124			4
2025.07.04	03:03:32.514		0.86125			4
2025.07.04	03:03:32.827		0.86124			4
2025.07.04	03:03:33.477	0.86123				2
2025.07.04	03:03:33.916	0.86122				2
2025.07.04	03:03:34.729		0.86123			4
2025.07.04	03:03:39.591	0.86123	0.86126			6
2025.07.04	03:03:41.443	0.86125				2
2025.07.04	03:03:45.497	0.86126	0.86127			6
2025.07.04	03:03:46.706	0.86125	0.86126			6
2025.07.04	03:03:47.822	0.86124	0.86125			6
2025.07.04	03:03:48.548	0.86125	0.86126			6
2025.07.04	03:03:48.898	0.86124				2
2025.07.04	03:03:59.377	0.86126	0.86127			6
2025.07.04	03:04:00.175	0.86126				2
2025.07.04	03:04:01.423	0.86124	0.86126			6
2025.07.04	03:04:06.744	0.86123				2
2025.07.04	03:04:10.442		0.86125			4
2025.07.04	03:04:10.813		0.86126			4
2025.07.04	03:04:11.720	0.86125	0.86127			6
2025.07.04	03:04:13.423	0.86126				2
2025.07.04	03:04:17.878	0.86125				2
2025.07.04	03:04:18.388	0.86124				2
2025.07.04	03:04:18.723	0.86125				2
2025.07.04	03:04:19.189	0.86124				2
2025.07.04	03:04:20.981	0.86122	0.86125			6
2025.07.04	03:04:23.685	0.86123				2
2025.07.04	03:04:24.507	0.86122				2
2025.07.04	03:04:28.906	0.86123				2
2025.07.04	03:04:29.574	0.86122				2
2025.07.04	03:04:30.390	0.86124				2
2025.07.04	03:04:32.054	0.86122				2
2025.07.04	03:04:32.702	0.86123				2
2025.07.04	03:04:36.047	0.86125	0.86126			6
2025.07.04	03:04:36.706	0.86126	0.86127			6
2025.07.04	03:04:37.020	0.86125				2
2025.07.04	03:04:37.425		0.86128			4
2025.07.04	03:04:39.477	0.86126				2
2025.07.04	03:04:41.334	0.86124	0.86125			6
2025.07.04	03:04:41.657		0.86126			4
2025.07.04	03:04:42.269		0.86127			4
2025.07.04	03:04:43.919	0.86123	0.86125			6
2025.07.04	03:04:44.760	0.86124				2
2025.07.04	03:04:45.080		0.86126			4
2025.07.04	03:04:45.712	0.86126	0.86128			6
2025.07.04	03:04:46.024	0.86125				2
2025.07.04	03:04:46.395	0.86124	0.86127			6
2025.07.04	03:04:48.396	0.86123	0.86125			6
2025.07.04	03:04:50.411	0.86122				2
2025.07.04	03:04:53.899		0.86123			4
2025.07.04	03:04:55.428	0.86123	0.86124			6
2025.07.04	03:04:56.035	0.86124	0.86125			6
2025.07.04	03:04:56.336	0.86123	0.86124			6
2025.07.04	03:04:56.637	0.86122	0.86125			6
2025.07.04	03:04:59.654	0.86123				2
2025.07.04	03:05:00.489	0.86123				2
2025.07.04	03:05:02.269		0.86126			4
2025.07.04	03:05:03.864	0.86124	0.86127			6
2025.07.04	03:05:06.021	0.86126				2
2025.07.04	03:05:06.420	0.86124				2
2025.07.04	03:05:07.205	0.86125	0.86126			6
2025.07.04	03:05:07.508	0.86124				2
2025.07.04	03:05:07.819	0.86125	0.86127			6
2025.07.04	03:05:10.136	0.86124				2
2025.07.04	03:05:10.578	0.86125				2
2025.07.04	03:05:11.098	0.86124	0.86126			6
2025.07.04	03:05:11.797		0.86127			4
2025.07.04	03:05:13.558	0.86123	0.86126			6
2025.07.04	03:05:16.158		0.86125			4
2025.07.04	03:05:17.172		0.86126			4
2025.07.04	03:05:17.865	0.86124				2
2025.07.04	03:05:18.545		0.86127			4
2025.07.04	03:05:22.781	0.86125	0.86128			6
2025.07.04	03:05:23.926	0.86126				2
2025.07.04	03:05:30.358		0.86129			4
2025.07.04	03:05:31.546		0.86128			4
2025.07.04	03:05:48.191		0.86129			4
2025.07.04	03:05:52.215	0.86127				2
2025.07.04	03:05:57.380		0.86130			4
2025.07.04	03:05:57.777	0.86128	0.86131			6
2025.07.04	03:06:00.108	0.86128				2
2025.07.04	03:06:03.270	0.86127	0.86129			6
2025.07.04	03:06:03.578		0.86130			4
2025.07.04	03:06:06.281	0.86128				2
2025.07.04	03:06:09.064	0.86129	0.86131			6
2025.07.04	03:06:10.362	0.86130	0.86132			6
2025.07.04	03:06:17.077		0.86131			4
2025.07.04	03:06:22.312	0.86129	0.86130			6
2025.07.04	03:06:28.224	0.86130	0.86132			6
2025.07.04	03:06:28.618	0.86131				2
2025.07.04	03:06:29.873		0.86133			4
2025.07.04	03:06:31.206	0.86132				2
2025.07.04	03:06:32.292	0.86129	0.86132			6
2025.07.04	03:06:32.936		0.86131			4
2025.07.04	03:06:33.505	0.86130	0.86132			6
2025.07.04	03:06:38.211	0.86129				2
2025.07.04	03:06:38.520	0.86130				2
2025.07.04	03:06:38.825	0.86129				2
2025.07.04	03:06:39.154	0.86130				2
2025.07.04	03:06:40.501	0.86131				2
2025.07.04	03:06:41.128	0.86130				2
2025.07.04	03:06:41.846	0.86131				2
2025.07.04	03:06:43.120	0.86130				2
2025.07.04	03:06:43.522	0.86131	0.86133			6
2025.07.04	03:06:45.610	0.86132				2
2025.07.04	03:06:46.305	0.86130				2
2025.07.04	03:06:46.624	0.86132				2
2025.07.04	03:06:47.776	0.86130				2
2025.07.04	03:06:49.779	0.86131				2
2025.07.04	03:06:51.348	0.86129	0.86132			6
2025.07.04	03:06:51.783	0.86130				2
2025.07.04	03:06:52.297	0.86129				2
2025.07.04	03:06:52.771	0.86130				2
2025.07.04	03:06:54.765		0.86133			4
2025.07.04	03:06:55.074	0.86131				2
2025.07.04	03:06:56.140	0.86130				2
2025.07.04	03:07:00.624	0.86130				2
2025.07.04	03:07:02.034	0.86129	0.86132			6
2025.07.04	03:07:02.823		0.86131			4
2025.07.04	03:07:07.269	0.86128	0.86130			6
2025.07.04	03:07:07.668	0.86127				2
2025.07.04	03:07:08.425	0.86128				2
2025.07.04	03:07:17.213	0.86130	0.86131			6
2025.07.04	03:07:17.619	0.86129				2
2025.07.04	03:07:18.123	0.86128				2
2025.07.04	03:07:20.218	0.86129				2
2025.07.04	03:07:20.559	0.86128				2
2025.07.04	03:07:21.849	0.86129				2
2025.07.04	03:07:25.158		0.86132			4
2025.07.04	03:07:26.568	0.86131	0.86133			6
2025.07.04	03:07:26.879	0.86130	0.86132			6
2025.07.04	03:07:27.266		0.86131			4
2025.07.04	03:07:27.589		0.86132			4
2025.07.04	03:07:28.714	0.86131	0.86134			6
2025.07.04	03:07:29.017		0.86133			4
2025.07.04	03:07:29.470		0.86134			4
2025.07.04	03:07:30.585	0.86132				2
2025.07.04	03:07:33.017	0.86131				2
2025.07.04	03:07:33.427	0.86133	0.86135			6
2025.07.04	03:07:38.677		0.86136			4
2025.07.04	03:07:41.525		0.86135			4
2025.07.04	03:07:41.841	0.86132				2
2025.07.04	03:07:44.017		0.86134			4
2025.07.04	03:07:49.960	0.86135	0.86136			6
2025.07.04	03:07:53.278		0.86137			4
2025.07.04	03:08:00.144	0.86135				2
2025.07.04	03:08:02.841	0.86138	0.86139			6
2025.07.04	03:08:04.894	0.86137	0.86138			6
2025.07.04	03:08:06.278	0.86138	0.86139			6
2025.07.04	03:08:06.594	0.86137				2
2025.07.04	03:08:08.031		0.86138			4
2025.07.04	03:08:13.793	0.86135				2
2025.07.04	03:08:14.548	0.86136				2
2025.07.04	03:08:15.789	0.86135	0.86137			6
2025.07.04	03:08:16.120	0.86136	0.86138			6
2025.07.04	03:08:16.430	0.86135				2
2025.07.04	03:08:16.888	0.86136				2
2025.07.04	03:08:17.883	0.86137				2
2025.07.04	03:08:20.014	0.86136				2
2025.07.04	03:08:20.981		0.86139			4
2025.07.04	03:08:24.831	0.86138	0.86140			6
2025.07.04	03:08:25.153	0.86137	0.86139			6
2025.07.04	03:08:29.188	0.86136				2
2025.07.04	03:08:30.127	0.86138				2
2025.07.04	03:08:30.944	0.86135	0.86137			6
2025.07.04	03:08:31.260	0.86134	0.86136			6
2025.07.04	03:08:34.312	0.86135	0.86137			6
2025.07.04	03:08:34.623		0.86136			4
2025.07.04	03:08:37.360		0.86137			4
2025.07.04	03:08:37.689	0.86136				2
2025.07.04	03:08:38.017	0.86135				2
2025.07.04	03:08:38.377	0.86136				2
2025.07.04	03:08:41.842	0.86135	0.86136			6
2025.07.04	03:08:52.741	0.86134	0.86135			6
2025.07.04	03:08:53.900	0.86133				2
2025.07.04	03:09:00.129	0.86133				2
2025.07.04	03:09:06.861	0.86134				2
2025.07.04	03:09:08.113	0.86133				2
2025.07.04	03:09:11.688		0.86134			4
2025.07.04	03:09:12.000		0.86136			4
2025.07.04	03:09:12.447		0.86135			4
2025.07.04	03:09:13.310	0.86132				2
2025.07.04	03:09:13.615		0.86134			4
2025.07.04	03:09:17.573		0.86135			4
2025.07.04	03:09:18.847		0.86134			4
2025.07.04	03:09:20.672		0.86135			4
2025.07.04	03:09:21.464		0.86134			4
2025.07.04	03:09:21.822		0.86135			4
2025.07.04	03:09:23.723	0.86133				2
2025.07.04	03:09:24.061	0.86132				2
2025.07.04	03:09:36.610	0.86135	0.86138			6
2025.07.04	03:09:37.471	0.86136				2
2025.07.04	03:09:39.819	0.86135				2
2025.07.04	03:09:40.137	0.86137				2
2025.07.04	03:09:41.919	0.86136				2
2025.07.04	03:09:46.676	0.86135	0.86137			6
2025.07.04	03:09:47.003	0.86134				2
2025.07.04	03:09:47.308		0.86136			4
2025.07.04	03:09:48.007		0.86137			4
2025.07.04	03:09:48.420		0.86136			4
2025.07.04	03:09:49.346		0.86137			4
2025.07.04	03:09:49.660		0.86136			4
2025.07.04	03:09:53.763		0.86137			4
2025.07.04	03:09:54.078		0.86136			4
2025.07.04	03:09:55.177		0.86137			4
2025.07.04	03:09:57.299	0.86135				2
2025.07.04	03:09:58.041	0.86136	0.86138			6
2025.07.04	03:09:58.353	0.86135				2
2025.07.04	03:09:58.702		0.86137			4
2025.07.04	03:09:59.795	0.86137	0.86138			6
2025.07.04	03:10:01.095	0.86136				2
2025.07.04	03:10:01.589	0.86134	0.86137			6
2025.07.04	03:10:03.893	0.86135				2
2025.07.04	03:10:04.225	0.86134	0.86136			6
2025.07.04	03:10:05.753	0.86135				2
2025.07.04	03:10:06.093	0.86134				2
2025.07.04	03:10:13.624		0.86135			4
2025.07.04	03:10:17.119	0.86133	0.86136			6
2025.07.04	03:10:17.483		0.86135			4
2025.07.04	03:10:18.202	0.86134				2
2025.07.04	03:10:20.079	0.86133				2
2025.07.04	03:10:20.406		0.86136			4
2025.07.04	03:10:20.958	0.86132	0.86134			6
2025.07.04	03:10:21.610		0.86135			4
2025.07.04	03:10:22.366		0.86133			4
2025.07.04	03:10:23.561	0.86131	0.86132			6
2025.07.04	03:10:23.905		0.86133			4
2025.07.04	03:10:25.773	0.86132	0.86134			6
2025.07.04	03:10:26.441		0.86133			4
2025.07.04	03:10:31.428	0.86133	0.86134			6
2025.07.04	03:10:31.737	0.86132	0.86133			6
2025.07.04	03:10:36.712	0.86130	0.86132			6
2025.07.04	03:10:37.019	0.86131	0.86133			6
2025.07.04	03:10:37.795	0.86132	0.86134			6
2025.07.04	03:10:38.592	0.86131				2
2025.07.04	03:10:42.217		0.86133			4
2025.07.04	03:10:43.230		0.86134			4
2025.07.04	03:10:43.653		0.86132			4
2025.07.04	03:10:45.393	0.86132	0.86134			6
2025.07.04	03:10:48.703	0.86133				2
2025.07.04	03:10:49.423	0.86132				2
2025.07.04	03:10:50.402		0.86135			4
2025.07.04	03:10:53.076	0.86131	0.86134			6
2025.07.04	03:10:54.598		0.86133			4
2025.07.04	03:10:57.363		0.86132			4
2025.07.04	03:10:57.672		0.86133			4
2025.07.04	03:10:59.125		0.86134			4
2025.07.04	03:10:59.884	0.86133	0.86135			6
2025.07.04	03:11:00.383	0.86133				2
2025.07.04	03:11:04.477	0.86134	0.86136			6
2025.07.04	03:11:09.808	0.86133	0.86135			6
2025.07.04	03:11:10.109	0.86132	0.86134			6
2025.07.04	03:11:10.419		0.86133			4
2025.07.04	03:11:11.072	0.86131	0.86134			6
2025.07.04	03:11:11.822	0.86132				2
2025.07.04	03:11:14.679	0.86131	0.86133			6
2025.07.04	03:11:15.331		0.86132			4
2025.07.04	03:11:17.927		0.86133			4
2025.07.04	03:11:18.304		0.86132			4
2025.07.04	03:11:18.612	0.86130				2
2025.07.04	03:11:19.066		0.86133			4
2025.07.04	03:11:21.185	0.86131				2
2025.07.04	03:11:22.631		0.86134			4
2025.07.04	03:11:24.087	0.86132				2
2025.07.04	03:11:39.080		0.86135			4
2025.07.04	03:11:39.466	0.86133	0.86134			6
2025.07.04	03:11:40.199	0.86130	0.86131			6
2025.07.04	03:11:40.593	0.86129				2
2025.07.04	03:11:41.986		0.86132			4
2025.07.04	03:11:42.484		0.86131			4
2025.07.04	03:11:42.799		0.86132			4
2025.07.04	03:11:46.573		0.86131			4
2025.07.04	03:11:48.129	0.86128	0.86130			6
2025.07.04	03:11:48.446	0.86127	0.86128			6
2025.07.04	03:11:48.824		0.86129			4
2025.07.04	03:11:57.695		0.86128			4
2025.07.04	03:12:01.577	0.86127				2
2025.07.04	03:12:02.245		0.86129			4
2025.07.04	03:12:06.716		0.86130			4
2025.07.04	03:12:09.264	0.86124	0.86126			6
2025.07.04	03:12:09.571	0.86125	0.86127			6
2025.07.04	03:12:09.923	0.86124	0.86126			6
2025.07.04	03:12:12.966	0.86127	0.86128			6
2025.07.04	03:12:16.344	0.86126				2
2025.07.04	03:12:17.044		0.86127			4
2025.07.04	03:12:17.919	0.86125	0.86126			6
2025.07.04	03:12:24.927	0.86126	0.86127			6
2025.07.04	03:12:25.238		0.86128			4
2025.07.04	03:12:26.345		0.86127			4
2025.07.04	03:12:26.896		0.86128			4
2025.07.04	03:12:30.607		0.86127			4
2025.07.04	03:12:34.480	0.86127	0.86128			6
2025.07.04	03:12:34.810	0.86126	0.86127			6
2025.07.04	03:12:36.635		0.86128			4
2025.07.04	03:12:36.967		0.86127			4
2025.07.04	03:12:38.727	0.86124	0.86126			6
2025.07.04	03:12:40.398		0.86128			4
2025.07.04	03:12:41.329		0.86126			4
2025.07.04	03:12:41.917		0.86127			4
2025.07.04	03:12:42.755		0.86126			4
2025.07.04	03:12:44.473		0.86127			4
2025.07.04	03:12:45.074		0.86126			4
2025.07.04	03:12:47.805		0.86127			4
2025.07.04	03:12:48.127	0.86126				2
2025.07.04	03:12:48.429	0.86125	0.86126			6
2025.07.04	03:12:50.618		0.86127			4
2025.07.04	03:12:50.978	0.86126				2
2025.07.04	03:12:52.267	0.86125				2
2025.07.04	03:12:53.176	0.86126				2
2025.07.04	03:12:54.448	0.86125	0.86126			6
2025.07.04	03:12:54.844	0.86126	0.86127			6
2025.07.04	03:12:56.869	0.86123	0.86126			6
2025.07.04	03:12:57.173	0.86124	0.86125			6
2025.07.04	03:13:00.429	0.86124				2
2025.07.04	03:13:05.203	0.86122	0.86123			6
2025.07.04	03:13:05.849	0.86121	0.86122			6
2025.07.04	03:13:22.443	0.86122	0.86123			6
2025.07.04	03:13:23.736	0.86121	0.86122			6
2025.07.04	03:13:25.461		0.86123			4
2025.07.04	03:13:26.326		0.86122			4
2025.07.04	03:13:29.184		0.86123			4
2025.07.04	03:13:29.931		0.86122			4
2025.07.04	03:13:32.423		0.86123			4
2025.07.04	03:13:32.876		0.86122			4
2025.07.04	03:13:33.179	0.86120	0.86121			6
2025.07.04	03:13:34.053	0.86121	0.86122			6
2025.07.04	03:13:37.045		0.86123			4
2025.07.04	03:13:39.431		0.86122			4
2025.07.04	03:13:39.769	0.86120				2
2025.07.04	03:13:40.138		0.86121			4
2025.07.04	03:13:49.817		0.86122			4
2025.07.04	03:13:51.091		0.86121			4
2025.07.04	03:14:00.107	0.86120				2
2025.07.04	03:14:01.801		0.86123			4
2025.07.04	03:14:02.109	0.86121				2
2025.07.04	03:14:02.421	0.86122	0.86124			6
2025.07.04	03:14:02.733	0.86121				2
2025.07.04	03:14:03.039	0.86122				2
2025.07.04	03:14:03.826		0.86123			4
2025.07.04	03:14:04.166	0.86121				2
2025.07.04	03:14:06.220	0.86122				2
2025.07.04	03:14:10.927	0.86123	0.86124			6
2025.07.04	03:14:22.268	0.86124	0.86126			6
2025.07.04	03:14:23.145		0.86127			4
2025.07.04	03:14:23.963		0.86126			4
2025.07.04	03:14:26.229	0.86123	0.86124			6
2025.07.04	03:14:26.718		0.86125			4
2025.07.04	03:14:30.421		0.86124			4
2025.07.04	03:14:31.019	0.86124	0.86125			6
2025.07.04	03:14:34.807	0.86125	0.86127			6
2025.07.04	03:14:35.146		0.86126			4
2025.07.04	03:14:35.920		0.86127			4
2025.07.04	03:14:36.229		0.86126			4
2025.07.04	03:14:37.126	0.86124	0.86125			6
2025.07.04	03:14:38.651	0.86123				2
2025.07.04	03:14:39.195		0.86126			4
2025.07.04	03:14:39.774		0.86125			4
2025.07.04	03:14:40.597		0.86124			4
2025.07.04	03:14:41.217		0.86125			4
2025.07.04	03:14:43.800	0.86124	0.86126			6
2025.07.04	03:14:44.110	0.86123				2
2025.07.04	03:14:49.921		0.86125			4
2025.07.04	03:14:50.962		0.86126			4
2025.07.04	03:14:53.919		0.86125			4
2025.07.04	03:14:54.295		0.86126			4
2025.07.04	03:15:00.863	0.86123				2
2025.07.04	03:15:01.195	0.86124	0.86125			6
2025.07.04	03:15:08.559	0.86122				2
2025.07.04	03:15:08.865	0.86123	0.86124			6
2025.07.04	03:15:14.990	0.86122				2
2025.07.04	03:15:15.776	0.86123	0.86125			6
2025.07.04	03:15:20.528	0.86125	0.86126			6
2025.07.04	03:15:22.056		0.86127			4
2025.07.04	03:15:22.850		0.86128			4
2025.07.04	03:15:25.382		0.86126			4
2025.07.04	03:15:25.776		0.86127			4
2025.07.04	03:15:28.049	0.86124				2
2025.07.04	03:15:28.791		0.86126			4
2025.07.04	03:15:30.377	0.86125				2
2025.07.04	03:15:30.681	0.86126	0.86128			6
2025.07.04	03:15:31.051	0.86127				2
2025.07.04	03:15:31.360	0.86126	0.86127			6
2025.07.04	03:15:31.667	0.86127	0.86128			6
2025.07.04	03:15:32.670	0.86128	0.86129			6
2025.07.04	03:15:32.980	0.86127	0.86130			6
2025.07.04	03:15:40.576	0.86128				2
2025.07.04	03:15:41.627	0.86127				2
2025.07.04	03:15:43.590	0.86128				2
2025.07.04	03:15:46.867	0.86127	0.86128			6
2025.07.04	03:15:48.837	0.86126				2
2025.07.04	03:15:49.138	0.86125	0.86126			6
2025.07.04	03:16:00.379	0.86125				2
