<DATE>	<TIME>	<BID>	<ASK>	<LAST>	<VOLUME>	<FLAGS>
2025.10.13	00:03:31.388	0.86904	0.87101			6
2025.10.13	00:03:40.885	0.86902	0.87094			6
2025.10.13	00:04:06.876	0.86902				2
2025.10.13	00:04:16.279	0.86908	0.87098			6
2025.10.13	00:04:16.949	0.86902	0.87094			6
2025.10.13	00:04:17.933	0.86900	0.87093			6
2025.10.13	00:04:19.964		0.87094			4
2025.10.13	00:04:20.283		0.87091			4
2025.10.13	00:04:21.681		0.87096			4
2025.10.13	00:04:23.051	0.86901				2
2025.10.13	00:04:24.068	0.86900				2
2025.10.13	00:04:25.000	0.86893	0.87061			6
2025.10.13	00:04:26.111	0.86894	0.87096			6
2025.10.13	00:04:28.485	0.86893	0.87061			6
2025.10.13	00:04:29.574	0.86894	0.87098			6
2025.10.13	00:04:31.593	0.86893	0.87076			6
2025.10.13	00:04:32.949	0.86897	0.87082			6
2025.10.13	00:04:35.094	0.86896	0.87053			6
2025.10.13	00:04:35.649	0.86893	0.87047			6
2025.10.13	00:04:36.747	0.86897	0.87081			6
2025.10.13	00:04:40.949	0.86901	0.87087			6
2025.10.13	00:04:42.341		0.87077			4
2025.10.13	00:05:11.073	0.86901				2
2025.10.13	00:05:28.349	0.86909				2
2025.10.13	00:05:31.432	0.86910				2
2025.10.13	00:05:33.269	0.86893	0.87076			6
2025.10.13	00:05:37.747		0.87054			4
2025.10.13	00:05:41.103		0.87074			4
2025.10.13	00:05:43.269	0.86897	0.87079			6
2025.10.13	00:05:45.269	0.86901	0.87081			6
2025.10.13	00:05:45.579		0.87079			4
2025.10.13	00:05:47.890	0.86902	0.87081			6
2025.10.13	00:05:49.269	0.86906				2
2025.10.13	00:05:53.268	0.86905				2
2025.10.13	00:05:56.599	0.86909				2
2025.10.13	00:05:57.281	0.86905				2
2025.10.13	00:05:59.268	0.86909				2
2025.10.13	00:06:02.269	0.86905				2
2025.10.13	00:06:04.268	0.86909				2
2025.10.13	00:06:32.347		0.87070			4
2025.10.13	00:06:35.566	0.86908				2
2025.10.13	00:06:40.313	0.86909				2
2025.10.13	00:06:50.491	0.86912	0.87112			6
2025.10.13	00:07:07.915	0.86912				2
2025.10.13	00:07:45.500		0.87110			4
2025.10.13	00:07:56.049	0.86910	0.87090			6
2025.10.13	00:08:15.592	0.86911	0.87099			6
2025.10.13	00:08:57.143		0.87081			4
2025.10.13	00:09:07.695	0.86911				2
2025.10.13	00:09:57.695		0.87081			4
2025.10.13	00:10:00.396	0.86941	0.87034			6
2025.10.13	00:10:04.551	0.86932	0.87043			6
2025.10.13	00:10:14.875	0.86935	0.87045			6
2025.10.13	00:10:20.631	0.86932	0.87043			6
2025.10.13	00:10:22.385	0.86942	0.87049			6
2025.10.13	00:10:28.748	0.86944	0.87069			6
2025.10.13	00:10:30.706	0.86929	0.87053			6
2025.10.13	00:10:32.346		0.87052			4
2025.10.13	00:10:39.547	0.86930	0.87051			6
2025.10.13	00:10:42.246	0.86925	0.87032			6
2025.10.13	00:10:42.650	0.86922	0.87027			6
2025.10.13	00:10:43.925		0.87030			4
2025.10.13	00:10:44.456	0.86930	0.87055			6
2025.10.13	00:10:48.095	0.86929	0.87056			6
2025.10.13	00:10:51.594	0.86927	0.87050			6
2025.10.13	00:10:55.326	0.86928	0.87059			6
2025.10.13	00:10:58.328	0.86930	0.87062			6
2025.10.13	00:10:59.661	0.86928				2
2025.10.13	00:11:01.307	0.86928				2
2025.10.13	00:11:09.847	0.86929				2
2025.10.13	00:11:27.744	0.86931				2
2025.10.13	00:11:31.125	0.86929				2
2025.10.13	00:11:42.631	0.86928				2
2025.10.13	00:11:47.948	0.86929				2
2025.10.13	00:11:59.721	0.86942	0.87060			6
2025.10.13	00:12:01.153	0.86943	0.87059			6
2025.10.13	00:12:03.035	0.86945	0.87057			6
2025.10.13	00:12:04.321	0.86943	0.87062			6
2025.10.13	00:12:05.145	0.86941	0.87064			6
2025.10.13	00:12:08.128	0.86940	0.87066			6
2025.10.13	00:12:08.476	0.86947	0.87074			6
2025.10.13	00:12:08.808	0.86945				2
2025.10.13	00:12:13.749	0.86946				2
2025.10.13	00:12:15.067	0.86964	0.87083			6
2025.10.13	00:12:15.373	0.86967	0.87072			6
2025.10.13	00:12:15.878	0.86968	0.87071			6
2025.10.13	00:12:17.347	0.86969				2
2025.10.13	00:12:23.047	0.86968				2
2025.10.13	00:12:25.460	0.86970				2
2025.10.13	00:12:28.228		0.87068			4
2025.10.13	00:12:28.746	0.86971				2
2025.10.13	00:12:31.128	0.86969				2
2025.10.13	00:12:36.547	0.86973				2
2025.10.13	00:12:36.854		0.87067			4
2025.10.13	00:12:37.191	0.86971	0.87098			6
2025.10.13	00:12:37.526	0.86974	0.87086			6
2025.10.13	00:12:37.839		0.87068			4
2025.10.13	00:12:40.209	0.86970				2
2025.10.13	00:12:41.208	0.86966				2
2025.10.13	00:12:45.209	0.86970				2
2025.10.13	00:12:46.209	0.86966				2
2025.10.13	00:12:46.808	0.86970				2
2025.10.13	00:12:47.483		0.87067			4
2025.10.13	00:12:49.702		0.87066			4
2025.10.13	00:12:54.208	0.86974				2
2025.10.13	00:12:55.148	0.86970				2
2025.10.13	00:12:58.209	0.86974				2
2025.10.13	00:12:59.808	0.86970				2
2025.10.13	00:13:00.449	0.86970				2
2025.10.13	00:13:01.208	0.86974				2
2025.10.13	00:13:01.809	0.86970				2
2025.10.13	00:13:07.148	0.86966				2
2025.10.13	00:13:07.809	0.86970				2
2025.10.13	00:13:11.210	0.86974				2
2025.10.13	00:13:24.085		0.87112			4
2025.10.13	00:13:26.347	0.86967				2
2025.10.13	00:13:26.658	0.86971	0.87101			6
2025.10.13	00:14:02.215	0.86971				2
2025.10.13	00:14:27.847		0.87101			4
2025.10.13	00:14:42.003		0.87095			4
2025.10.13	00:15:00.406	0.86971				2
2025.10.13	00:15:00.765	0.86970	0.87048			6
2025.10.13	00:15:01.146	0.86964	0.87069			6
2025.10.13	00:15:01.458	0.86969	0.87105			6
2025.10.13	00:15:01.769	0.86970	0.87074			6
2025.10.13	00:15:02.261	0.86969	0.87105			6
2025.10.13	00:15:02.591	0.86968	0.87093			6
2025.10.13	00:15:04.414	0.86969				2
2025.10.13	00:15:17.350		0.87096			4
2025.10.13	00:15:18.349		0.87100			4
2025.10.13	00:15:20.929		0.87101			4
2025.10.13	00:15:21.588	0.86972				2
2025.10.13	00:15:22.503	0.86990	0.87081			6
2025.10.13	00:15:26.346	0.86987	0.87074			6
2025.10.13	00:15:33.147	0.86983	0.87071			6
2025.10.13	00:15:37.794	0.86982				2
2025.10.13	00:16:00.248	0.86982	0.87072			6
2025.10.13	00:16:05.347	0.86975	0.87064			6
2025.10.13	00:16:07.976	0.86976	0.87071			6
2025.10.13	00:16:08.516	0.86975	0.87073			6
2025.10.13	00:16:08.856	0.86974	0.87084			6
2025.10.13	00:16:09.157	0.86973	0.87061			6
2025.10.13	00:16:09.952		0.87057			4
2025.10.13	00:16:11.218	0.86979	0.87062			6
2025.10.13	00:16:14.231	0.86974	0.87063			6
2025.10.13	00:16:14.564		0.87062			4
2025.10.13	00:16:29.198		0.87064			4
2025.10.13	00:16:29.914	0.86987	0.87075			6
2025.10.13	00:16:30.640	0.86988	0.87074			6
2025.10.13	00:16:31.055		0.87112			4
2025.10.13	00:16:31.424	0.86987	0.87097			6
2025.10.13	00:16:32.140	0.86989	0.87100			6
2025.10.13	00:16:32.459	0.86987	0.87093			6
2025.10.13	00:16:33.646		0.87100			4
2025.10.13	00:16:34.141	0.86988	0.87083			6
2025.10.13	00:16:34.501	0.86987	0.87112			6
2025.10.13	00:16:36.697		0.87077			4
2025.10.13	00:16:37.143		0.87104			4
2025.10.13	00:16:37.640	0.86988	0.87083			6
2025.10.13	00:16:37.942		0.87112			4
2025.10.13	00:16:38.257		0.87098			4
2025.10.13	00:16:38.638	0.86986	0.87101			6
2025.10.13	00:16:38.941		0.87077			4
2025.10.13	00:16:39.641		0.87099			4
2025.10.13	00:16:39.959		0.87077			4
2025.10.13	00:16:40.642		0.87110			4
2025.10.13	00:16:40.958		0.87099			4
2025.10.13	00:16:41.639		0.87109			4
2025.10.13	00:16:42.964		0.87087			4
2025.10.13	00:16:43.292		0.87112			4
2025.10.13	00:16:43.598		0.87087			4
2025.10.13	00:16:43.973	0.86987	0.87099			6
2025.10.13	00:16:44.465	0.86986	0.87087			6
2025.10.13	00:16:44.968		0.87086			4
2025.10.13	00:16:45.467		0.87099			4
2025.10.13	00:16:45.772	0.86985	0.87098			6
2025.10.13	00:16:46.077	0.86986	0.87087			6
2025.10.13	00:16:46.467		0.87086			4
2025.10.13	00:16:46.964		0.87098			4
2025.10.13	00:16:50.097	0.87000	0.87096			6
2025.10.13	00:16:51.536	0.87002				2
2025.10.13	00:17:02.646	0.87002				2
2025.10.13	00:17:14.046	0.87001				2
2025.10.13	00:17:21.550	0.87000	0.87087			6
2025.10.13	00:17:22.453		0.87088			4
2025.10.13	00:17:25.036	0.86996	0.87092			6
2025.10.13	00:17:26.463		0.87091			4
2025.10.13	00:17:37.133	0.87007	0.87095			6
2025.10.13	00:17:45.655	0.86994	0.87090			6
2025.10.13	00:17:46.930		0.87091			4
2025.10.13	00:17:59.535	0.87006	0.87093			6
2025.10.13	00:18:01.124	0.87006				2
2025.10.13	00:18:13.967	0.87009	0.87102			6
2025.10.13	00:18:14.567		0.87101			4
2025.10.13	00:18:37.147	0.87010				2
2025.10.13	00:18:42.063		0.87100			4
2025.10.13	00:18:45.546	0.87009				2
2025.10.13	00:19:01.160	0.87010	0.87099			6
2025.10.13	00:19:01.748	0.87011				2
2025.10.13	00:19:03.547	0.87010				2
2025.10.13	00:19:08.110	0.87011				2
2025.10.13	00:19:08.785	0.87014	0.87108			6
2025.10.13	00:19:11.946		0.87109			4
2025.10.13	00:19:22.146		0.87108			4
2025.10.13	00:19:33.847	0.87015				2
2025.10.13	00:19:39.312	0.87024	0.87122			6
2025.10.13	00:19:50.347	0.87023	0.87119			6
2025.10.13	00:20:01.123	0.87023				2
2025.10.13	00:20:06.784	0.87032	0.87122			6
2025.10.13	00:20:09.670	0.87026	0.87109			6
2025.10.13	00:20:11.044		0.87104			4
2025.10.13	00:20:21.113	0.87031				2
2025.10.13	00:20:21.691	0.87027				2
2025.10.13	00:20:23.329	0.87025				2
2025.10.13	00:20:35.347	0.87024				2
2025.10.13	00:20:36.815	0.87026				2
2025.10.13	00:20:37.643	0.87025				2
2025.10.13	00:20:41.947	0.87024				2
2025.10.13	00:20:46.165	0.87020				2
2025.10.13	00:20:46.476	0.87021				2
2025.10.13	00:21:00.436	0.87017	0.87103			6
2025.10.13	00:21:44.229	0.87019	0.87112			6
2025.10.13	00:21:48.249	0.87018				2
2025.10.13	00:21:57.323	0.87009				2
2025.10.13	00:22:00.847	0.87009				2
2025.10.13	00:22:02.897	0.87012				2
2025.10.13	00:22:05.768	0.87010				2
2025.10.13	00:22:07.860	0.87008				2
2025.10.13	00:22:19.856	0.87010				2
2025.10.13	00:22:24.852	0.87000				2
2025.10.13	00:22:37.145	0.87003				2
2025.10.13	00:22:42.023		0.87118			4
2025.10.13	00:22:48.983	0.86996	0.87156			6
2025.10.13	00:22:52.222	0.87003	0.87118			6
2025.10.13	00:23:00.247	0.87003				2
2025.10.13	00:23:15.767	0.87020	0.87126			6
2025.10.13	00:23:16.537	0.87022				2
2025.10.13	00:23:24.699	0.87025				2
2025.10.13	00:23:25.747	0.87022				2
2025.10.13	00:23:27.765	0.87011				2
2025.10.13	00:23:28.078	0.87010				2
2025.10.13	00:23:32.092	0.87009				2
2025.10.13	00:23:32.981	0.87016				2
2025.10.13	00:23:39.521	0.87022				2
2025.10.13	00:23:56.700	0.87025				2
2025.10.13	00:23:58.747	0.87022				2
2025.10.13	00:23:59.650	0.87025				2
2025.10.13	00:24:00.849	0.87029				2
2025.10.13	00:24:05.703	0.87022				2
2025.10.13	00:24:16.747		0.87126			4
2025.10.13	00:24:42.546	0.87025				2
2025.10.13	00:24:43.532	0.87022				2
2025.10.13	00:24:43.848	0.87025				2
2025.10.13	00:24:45.220		0.87147			4
2025.10.13	00:24:46.609		0.87140			4
2025.10.13	00:24:50.041		0.87147			4
2025.10.13	00:24:50.649	0.87029				2
2025.10.13	00:24:51.073	0.87025				2
2025.10.13	00:24:51.849	0.87029				2
2025.10.13	00:24:52.747	0.87032				2
2025.10.13	00:24:54.849	0.87029				2
2025.10.13	00:24:55.849	0.87031				2
2025.10.13	00:24:56.849	0.87028	0.87144			6
2025.10.13	00:24:57.849	0.87031	0.87147			6
2025.10.13	00:24:58.849	0.87034				2
2025.10.13	00:25:00.547	0.87034				2
2025.10.13	00:25:01.747	0.87031				2
2025.10.13	00:25:05.937		0.87129			4
2025.10.13	00:25:06.850	0.87034				2
2025.10.13	00:25:20.768	0.87045				2
2025.10.13	00:25:27.854	0.87035				2
2025.10.13	00:25:36.390	0.87022				2
2025.10.13	00:26:00.938	0.87022	0.87126			6
2025.10.13	00:26:15.307	0.87020				2
2025.10.13	00:26:39.877	0.87022				2
2025.10.13	00:26:42.850	0.87028				2
2025.10.13	00:26:55.941		0.87129			4
2025.10.13	00:27:00.248	0.87028				2
2025.10.13	00:27:56.646		0.87129			4
2025.10.13	00:28:00.546	0.87028				2
2025.10.13	00:28:14.359	0.87031				2
2025.10.13	00:28:15.246	0.87028				2
2025.10.13	00:28:16.299	0.87031				2
2025.10.13	00:28:17.360	0.87028				2
2025.10.13	00:28:18.248	0.87031				2
2025.10.13	00:28:29.361	0.87034				2
2025.10.13	00:28:33.246	0.87040				2
2025.10.13	00:28:56.947		0.87129			4
2025.10.13	00:29:00.245	0.87040				2
2025.10.13	00:29:43.971	0.87041				2
2025.10.13	00:29:57.848		0.87129			4
2025.10.13	00:30:00.245	0.87040	0.87119			6
2025.10.13	00:30:26.290	0.87032				2
2025.10.13	00:30:28.298		0.87123			4
2025.10.13	00:30:29.272		0.87119			4
2025.10.13	00:30:33.036	0.87031				2
2025.10.13	00:30:40.450	0.87032				2
2025.10.13	00:30:41.391	0.87016	0.87099			6
2025.10.13	00:30:50.348		0.87098			4
2025.10.13	00:30:55.748		0.87099			4
2025.10.13	00:31:01.069	0.87016				2
2025.10.13	00:31:03.686	0.87027	0.87110			6
2025.10.13	00:31:12.541	0.87026	0.87099			6
2025.10.13	00:31:13.030	0.87029				2
2025.10.13	00:31:14.031	0.87016				2
2025.10.13	00:31:33.686	0.87027	0.87110			6
2025.10.13	00:31:35.540	0.87029				2
2025.10.13	00:31:36.690		0.87099			4
2025.10.13	00:31:42.329		0.87110			4
2025.10.13	00:31:43.326		0.87117			4
2025.10.13	00:32:01.123	0.87029				2
2025.10.13	00:32:37.365		0.87125			4
2025.10.13	00:33:02.347	0.87029				2
2025.10.13	00:33:07.077	0.87027				2
2025.10.13	00:33:08.046	0.87028				2
2025.10.13	00:33:28.747	0.87027				2
2025.10.13	00:33:29.948	0.87028				2
2025.10.13	00:33:31.013		0.87128			4
2025.10.13	00:33:37.977		0.87108			4
2025.10.13	00:33:40.749	0.87027				2
2025.10.13	00:33:59.311	0.87024	0.87099			6
2025.10.13	00:34:00.547	0.87024				2
2025.10.13	00:34:02.156	0.87016				2
2025.10.13	00:34:14.841	0.87017				2
2025.10.13	00:34:22.092	0.86960	0.87093			6
2025.10.13	00:34:23.130		0.87095			4
2025.10.13	00:34:23.630		0.87093			4
2025.10.13	00:34:24.138		0.87095			4
2025.10.13	00:34:24.629		0.87093			4
2025.10.13	00:34:25.129		0.87095			4
2025.10.13	00:34:25.628		0.87093			4
2025.10.13	00:34:26.130	0.86982	0.87096			6
2025.10.13	00:34:26.628		0.87094			4
2025.10.13	00:34:27.130		0.87095			4
2025.10.13	00:34:27.628		0.87094			4
2025.10.13	00:34:28.129		0.87095			4
2025.10.13	00:34:28.628		0.87094			4
2025.10.13	00:34:29.129		0.87095			4
2025.10.13	00:34:29.629		0.87094			4
2025.10.13	00:34:30.131		0.87095			4
2025.10.13	00:34:30.631		0.87094			4
2025.10.13	00:34:31.129		0.87095			4
2025.10.13	00:34:31.631		0.87094			4
2025.10.13	00:34:32.130		0.87096			4
2025.10.13	00:34:32.501		0.87092			4
2025.10.13	00:34:32.895		0.87090			4
2025.10.13	00:34:34.746		0.87089			4
2025.10.13	00:34:36.247		0.87090			4
2025.10.13	00:34:37.847	0.86979	0.87085			6
2025.10.13	00:34:38.347		0.87086			4
2025.10.13	00:34:38.884		0.87084			4
2025.10.13	00:34:39.384		0.87083			4
2025.10.13	00:34:41.128		0.87084			4
2025.10.13	00:34:42.680		0.87079			4
2025.10.13	00:34:43.495	0.86982	0.87080			6
2025.10.13	00:34:46.566	0.86979	0.87079			6
2025.10.13	00:34:48.548		0.87078			4
2025.10.13	00:34:48.991		0.87079			4
2025.10.13	00:35:01.726	0.86979	0.87077			6
2025.10.13	00:35:02.946		0.87079			4
2025.10.13	00:35:22.688		0.87080			4
2025.10.13	00:35:23.751		0.87079			4
2025.10.13	00:35:30.451		0.87080			4
2025.10.13	00:35:37.017		0.87081			4
2025.10.13	00:35:38.049		0.87080			4
2025.10.13	00:35:46.147		0.87079			4
2025.10.13	00:35:52.750		0.87080			4
2025.10.13	00:36:03.847	0.86979				2
2025.10.13	00:36:05.646		0.87079			4
2025.10.13	00:36:07.146		0.87080			4
2025.10.13	00:36:09.247		0.87079			4
2025.10.13	00:36:13.299		0.87080			4
2025.10.13	00:36:14.347		0.87079			4
2025.10.13	00:36:18.549		0.87080			4
2025.10.13	00:36:21.846		0.87079			4
2025.10.13	00:36:23.781	0.86981				2
2025.10.13	00:36:24.459		0.87078			4
2025.10.13	00:36:24.982		0.87079			4
2025.10.13	00:36:25.960		0.87078			4
2025.10.13	00:36:33.248		0.87075			4
2025.10.13	00:36:36.486		0.87074			4
2025.10.13	00:36:36.868		0.87073			4
2025.10.13	00:36:38.049		0.87074			4
2025.10.13	00:36:45.005		0.87075			4
2025.10.13	00:36:46.149		0.87074			4
2025.10.13	00:36:48.065		0.87077			4
2025.10.13	00:36:49.148		0.87076			4
2025.10.13	00:36:52.032		0.87075			4
2025.10.13	00:36:53.078		0.87074			4
2025.10.13	00:36:54.163		0.87075			4
2025.10.13	00:36:56.051		0.87074			4
2025.10.13	00:37:00.169	0.86981	0.87075			6
2025.10.13	00:37:02.056		0.87074			4
2025.10.13	00:37:04.000		0.87073			4
2025.10.13	00:37:04.962		0.87077			4
2025.10.13	00:37:06.846		0.87078			4
2025.10.13	00:37:08.048		0.87077			4
2025.10.13	00:37:08.401		0.87078			4
2025.10.13	00:37:09.547		0.87077			4
2025.10.13	00:37:10.698		0.87078			4
2025.10.13	00:37:16.642		0.87077			4
2025.10.13	00:37:22.064		0.87078			4
2025.10.13	00:37:24.196		0.87079			4
2025.10.13	00:37:25.148		0.87078			4
2025.10.13	00:37:27.848		0.87079			4
2025.10.13	00:37:28.447		0.87078			4
2025.10.13	00:37:34.448		0.87079			4
2025.10.13	00:37:48.102		0.87080			4
2025.10.13	00:37:55.109		0.87081			4
2025.10.13	00:37:56.109		0.87079			4
2025.10.13	00:37:57.045		0.87080			4
2025.10.13	00:37:57.509		0.87082			4
2025.10.13	00:38:00.736	0.86981				2
2025.10.13	00:38:02.109		0.87081			4
2025.10.13	00:38:05.528		0.87082			4
2025.10.13	00:38:06.847		0.87081			4
2025.10.13	00:38:10.147		0.87082			4
2025.10.13	00:38:11.627		0.87081			4
2025.10.13	00:38:13.158		0.87080			4
2025.10.13	00:38:14.190		0.87081			4
2025.10.13	00:38:20.031		0.87082			4
2025.10.13	00:38:21.314	0.86978	0.87081			6
2025.10.13	00:39:01.747	0.86978				2
2025.10.13	00:39:10.206		0.87077			4
2025.10.13	00:39:11.046		0.87076			4
2025.10.13	00:39:13.267		0.87074			4
2025.10.13	00:39:14.280	0.86986	0.87075			6
2025.10.13	00:39:33.964	0.86948	0.87072			6
2025.10.13	00:39:36.245		0.87071			4
2025.10.13	00:39:41.947		0.87072			4
2025.10.13	00:39:52.339		0.87071			4
2025.10.13	00:39:57.538		0.87070			4
2025.10.13	00:39:58.392	0.86964				2
2025.10.13	00:40:02.046	0.86965	0.87071			6
2025.10.13	00:40:07.639	0.86970	0.87073			6
2025.10.13	00:40:12.996		0.87074			4
2025.10.13	00:40:18.109		0.87073			4
2025.10.13	00:40:22.082		0.87074			4
2025.10.13	00:40:24.079		0.87073			4
2025.10.13	00:40:28.846		0.87098			4
2025.10.13	00:40:29.258	0.86951	0.87099			6
2025.10.13	00:40:30.051		0.87089			4
2025.10.13	00:40:31.736	0.86952	0.87088			6
2025.10.13	00:40:32.044		0.87089			4
2025.10.13	00:40:32.540	0.86949	0.87090			6
2025.10.13	00:40:33.079		0.87088			4
2025.10.13	00:40:33.992		0.87087			4
2025.10.13	00:40:39.250		0.87086			4
2025.10.13	00:40:40.842	0.86955	0.87095			6
2025.10.13	00:40:41.349		0.87086			4
2025.10.13	00:40:41.743		0.87078			4
2025.10.13	00:40:42.051		0.87081			4
2025.10.13	00:40:42.546		0.87080			4
2025.10.13	00:40:42.859		0.87078			4
2025.10.13	00:40:43.448		0.87076			4
2025.10.13	00:40:44.049		0.87075			4
2025.10.13	00:40:44.648		0.87074			4
2025.10.13	00:40:45.246		0.87073			4
2025.10.13	00:40:46.148		0.87072			4
2025.10.13	00:40:47.049		0.87070			4
2025.10.13	00:40:47.648		0.87069			4
2025.10.13	00:40:48.273		0.87068			4
2025.10.13	00:40:49.447		0.87067			4
2025.10.13	00:40:50.049		0.87068			4
2025.10.13	00:40:50.948		0.87067			4
2025.10.13	00:40:52.051		0.87061			4
2025.10.13	00:40:53.176	0.86956	0.87060			6
2025.10.13	00:40:54.049		0.87062			4
2025.10.13	00:41:01.124	0.86956				2
2025.10.13	00:41:02.111		0.87061			4
2025.10.13	00:41:06.110		0.87062			4
2025.10.13	00:41:07.282		0.87061			4
2025.10.13	00:41:09.447	0.86927	0.87074			6
2025.10.13	00:41:10.049	0.86919	0.87076			6
2025.10.13	00:41:11.000	0.86907				2
2025.10.13	00:41:11.642		0.87068			4
2025.10.13	00:41:13.747		0.87067			4
2025.10.13	00:41:14.589		0.87066			4
2025.10.13	00:41:15.152		0.87065			4
2025.10.13	00:41:16.148	0.86906	0.87061			6
2025.10.13	00:41:16.471		0.87060			4
2025.10.13	00:41:16.867		0.87078			4
2025.10.13	00:41:17.170	0.86905				2
2025.10.13	00:41:17.471		0.87076			4
2025.10.13	00:41:17.777	0.86906	0.87075			6
2025.10.13	00:41:18.081	0.86913	0.87094			6
2025.10.13	00:41:18.426		0.87091			4
2025.10.13	00:41:18.755		0.87094			4
2025.10.13	00:41:19.070	0.86914				2
2025.10.13	00:41:19.406		0.87086			4
2025.10.13	00:41:20.050	0.86917				2
2025.10.13	00:41:25.051	0.86916	0.87082			6
2025.10.13	00:41:25.997	0.86922	0.87073			6
2025.10.13	00:41:26.427		0.87080			4
2025.10.13	00:41:26.878		0.87075			4
2025.10.13	00:41:27.546	0.86923				2
2025.10.13	00:41:28.141	0.86921	0.87070			6
2025.10.13	00:41:28.450		0.87075			4
2025.10.13	00:41:29.346	0.86925				2
2025.10.13	00:41:31.049	0.86924				2
2025.10.13	00:41:33.783	0.86922				2
2025.10.13	00:41:34.145	0.86923				2
2025.10.13	00:41:34.747	0.86924				2
2025.10.13	00:41:35.168	0.86919	0.87067			6
2025.10.13	00:41:36.982	0.86918				2
2025.10.13	00:41:40.491	0.86916				2
2025.10.13	00:41:42.159	0.86915				2
2025.10.13	00:41:50.646	0.86916				2
2025.10.13	00:41:53.744	0.86915				2
2025.10.13	00:41:55.147	0.86916				2
2025.10.13	00:41:56.171	0.86903	0.87029			6
2025.10.13	00:41:57.128	0.86909	0.87019			6
2025.10.13	00:41:58.051	0.86910	0.87017			6
2025.10.13	00:42:00.471	0.86918	0.87026			6
2025.10.13	00:42:03.846	0.86917				2
2025.10.13	00:42:06.761	0.86920	0.87023			6
2025.10.13	00:42:16.036	0.86921				2
2025.10.13	00:42:17.133	0.86919				2
2025.10.13	00:42:19.449	0.86918				2
2025.10.13	00:42:20.080	0.86919				2
2025.10.13	00:42:21.621	0.86927	0.87034			6
2025.10.13	00:42:22.538	0.86926	0.87035			6
2025.10.13	00:42:24.195	0.86927				2
2025.10.13	00:42:30.427	0.86928	0.87064			6
2025.10.13	00:42:31.616	0.86931	0.87061			6
2025.10.13	00:42:32.941	0.86932	0.87060			6
2025.10.13	00:42:35.950	0.86933				2
2025.10.13	00:42:37.157	0.86937	0.87056			6
2025.10.13	00:42:39.416	0.86935	0.87046			6
2025.10.13	00:42:40.341	0.86930	0.87025			6
2025.10.13	00:42:40.940	0.86931				2
2025.10.13	00:42:45.435	0.86928	0.87022			6
2025.10.13	00:42:46.273	0.86926	0.87023			6
2025.10.13	00:42:48.700	0.86933	0.87039			6
2025.10.13	00:42:50.946	0.86934	0.87038			6
2025.10.13	00:42:53.089	0.86932	0.87040			6
2025.10.13	00:43:02.347	0.86932				2
2025.10.13	00:43:09.924	0.86930	0.87042			6
2025.10.13	00:43:12.835	0.86932				2
2025.10.13	00:43:13.160	0.86934	0.87044			6
2025.10.13	00:43:13.549	0.86936	0.87042			6
2025.10.13	00:43:15.968	0.86935	0.87043			6
2025.10.13	00:43:16.903	0.86937	0.87059			6
2025.10.13	00:43:18.284	0.86936	0.87056			6
2025.10.13	00:43:19.102	0.86938	0.87059			6
2025.10.13	00:43:20.862	0.86937	0.87060			6
2025.10.13	00:43:24.576	0.86938	0.87059			6
2025.10.13	00:43:27.687	0.86939	0.87058			6
2025.10.13	00:43:33.370	0.86936	0.87060			6
2025.10.13	00:43:40.731	0.86941	0.87056			6
2025.10.13	00:43:42.211	0.86938	0.87059			6
2025.10.13	00:43:43.552	0.86943	0.87055			6
2025.10.13	00:43:44.748		0.87056			4
2025.10.13	00:43:46.211	0.86940	0.87059			6
2025.10.13	00:43:46.930	0.86944	0.87055			6
2025.10.13	00:43:49.878	0.86940	0.87058			6
2025.10.13	00:43:50.769	0.86955	0.87064			6
2025.10.13	00:43:51.155	0.86954	0.87065			6
2025.10.13	00:43:58.497		0.87058			4
2025.10.13	00:43:58.915	0.86953				2
2025.10.13	00:43:59.929		0.87059			4
2025.10.13	00:44:00.271	0.86960	0.87061			6
2025.10.13	00:44:05.312	0.86940	0.87062			6
2025.10.13	00:44:07.329	0.86941				2
2025.10.13	00:44:08.863		0.87061			4
2025.10.13	00:44:09.429	0.86940				2
2025.10.13	00:44:10.920	0.86941				2
2025.10.13	00:44:13.575		0.87060			4
2025.10.13	00:44:13.877	0.86940	0.87061			6
2025.10.13	00:44:14.185	0.86941	0.87062			6
2025.10.13	00:44:14.497	0.86940				2
2025.10.13	00:44:14.800	0.86941	0.87061			6
2025.10.13	00:44:15.116	0.86940	0.87062			6
2025.10.13	00:44:15.432	0.86939				2
2025.10.13	00:44:16.045		0.87063			4
2025.10.13	00:44:16.660	0.86942				2
2025.10.13	00:44:16.976	0.86941				2
2025.10.13	00:44:17.296	0.86940				2
2025.10.13	00:44:17.605		0.87064			4
2025.10.13	00:44:18.222	0.86941				2
2025.10.13	00:44:18.839	0.86940				2
2025.10.13	00:44:19.469		0.87065			4
2025.10.13	00:44:19.777	0.86941				2
2025.10.13	00:44:20.082	0.86940				2
2025.10.13	00:44:20.398	0.86941				2
2025.10.13	00:44:20.709	0.86940	0.87064			6
2025.10.13	00:44:21.017	0.86941	0.87065			6
2025.10.13	00:44:21.325		0.87064			4
2025.10.13	00:44:21.638		0.87065			4
2025.10.13	00:44:21.940		0.87063			4
2025.10.13	00:44:22.257		0.87064			4
2025.10.13	00:44:22.561	0.86940	0.87065			6
2025.10.13	00:44:22.880		0.87064			4
2025.10.13	00:44:23.185	0.86941				2
2025.10.13	00:44:23.499	0.86940				2
2025.10.13	00:44:23.800	0.86941				2
2025.10.13	00:44:24.117		0.87065			4
2025.10.13	00:44:25.045	0.86940				2
2025.10.13	00:44:25.358	0.86941				2
2025.10.13	00:44:25.661	0.86940				2
2025.10.13	00:44:25.977	0.86936	0.87063			6
2025.10.13	00:44:26.279	0.86941	0.87064			6
2025.10.13	00:44:26.585	0.86940				2
2025.10.13	00:44:27.197	0.86941	0.87065			6
2025.10.13	00:44:27.822		0.87064			4
2025.10.13	00:44:28.757	0.86940				2
2025.10.13	00:44:29.065	0.86941				2
2025.10.13	00:44:29.378		0.87065			4
2025.10.13	00:44:29.679	0.86942	0.87064			6
2025.10.13	00:44:29.981		0.87063			4
2025.10.13	00:44:30.298	0.86940	0.87065			6
2025.10.13	00:44:30.918	0.86941				2
2025.10.13	00:44:31.230	0.86940				2
2025.10.13	00:44:31.538		0.87064			4
2025.10.13	00:44:31.842	0.86941				2
2025.10.13	00:44:32.462	0.86940	0.87065			6
2025.10.13	00:44:32.771		0.87063			4
2025.10.13	00:44:33.386		0.87064			4
2025.10.13	00:44:33.699		0.87063			4
2025.10.13	00:44:34.002		0.87064			4
2025.10.13	00:44:34.316	0.86942	0.87063			6
2025.10.13	00:44:35.241	0.86941				2
2025.10.13	00:44:35.545	0.86942				2
2025.10.13	00:44:35.859		0.87064			4
2025.10.13	00:44:36.161	0.86941				2
2025.10.13	00:44:36.781		0.87063			4
2025.10.13	00:44:37.405		0.87064			4
2025.10.13	00:44:37.718	0.86942				2
2025.10.13	00:44:38.020	0.86941				2
2025.10.13	00:44:38.337		0.87063			4
2025.10.13	00:44:38.958	0.86942	0.87064			6
2025.10.13	00:44:39.264	0.86941	0.87063			6
2025.10.13	00:44:39.581	0.86943	0.87062			6
2025.10.13	00:44:40.202	0.86942				2
2025.10.13	00:44:40.517	0.86943	0.87063			6
2025.10.13	00:44:40.828		0.87062			4
2025.10.13	00:44:41.138	0.86942				2
2025.10.13	00:44:41.441	0.86943				2
2025.10.13	00:44:41.757	0.86942				2
2025.10.13	00:44:42.071	0.86943				2
2025.10.13	00:44:42.382	0.86942				2
2025.10.13	00:44:42.685		0.87063			4
2025.10.13	00:44:42.997	0.86938	0.87067			6
2025.10.13	00:44:43.359	0.86941	0.87064			6
2025.10.13	00:44:50.048	0.86942	0.87063			6
2025.10.13	00:44:52.961	0.86940	0.87065			6
2025.10.13	00:44:53.309	0.86944	0.87062			6
2025.10.13	00:44:53.617	0.86942	0.87061			6
2025.10.13	00:44:53.920	0.86943				2
2025.10.13	00:44:54.239	0.86942	0.87062			6
2025.10.13	00:44:54.545		0.87061			4
2025.10.13	00:44:54.858	0.86943				2
2025.10.13	00:44:55.158	0.86942				2
2025.10.13	00:44:55.466	0.86943				2
2025.10.13	00:44:55.778	0.86942				2
2025.10.13	00:44:56.080	0.86943				2
2025.10.13	00:44:56.397	0.86942				2
2025.10.13	00:44:56.697	0.86945	0.87059			6
2025.10.13	00:44:57.018	0.86941	0.87063			6
2025.10.13	00:44:57.407		0.87062			4
2025.10.13	00:45:00.118	0.86942				2
2025.10.13	00:45:02.412	0.86943	0.87061			6
2025.10.13	00:45:02.946		0.87075			4
2025.10.13	00:45:03.904	0.86945	0.87077			6
2025.10.13	00:45:04.857	0.86943	0.87074			6
2025.10.13	00:45:05.205	0.86942	0.87073			6
2025.10.13	00:45:05.509	0.86945	0.87076			6
2025.10.13	00:45:06.159	0.86942	0.87074			6
2025.10.13	00:45:06.461	0.86946	0.87058			6
2025.10.13	00:45:06.868	0.86943	0.87061			6
2025.10.13	00:45:08.161	0.86945	0.87059			6
2025.10.13	00:45:09.095	0.86943	0.87061			6
2025.10.13	00:45:10.528	0.86955	0.87049			6
2025.10.13	00:45:13.101	0.86948	0.87039			6
2025.10.13	00:45:16.330	0.86949				2
2025.10.13	00:45:17.449	0.86950	0.87038			6
2025.10.13	00:45:20.221	0.86949	0.87039			6
2025.10.13	00:45:22.209	0.86948	0.87040			6
2025.10.13	00:45:24.523	0.86949	0.87039			6
2025.10.13	00:45:25.517	0.86950	0.87037			6
2025.10.13	00:45:26.958	0.86951				2
2025.10.13	00:45:28.086	0.86949	0.87039			6
2025.10.13	00:45:29.564	0.86950	0.87037			6
2025.10.13	00:45:30.398	0.86949	0.87038			6
2025.10.13	00:45:30.700	0.86962	0.87046			6
2025.10.13	00:45:31.019	0.86948	0.87041			6
2025.10.13	00:45:32.052	0.86946	0.87043			6
2025.10.13	00:45:32.358	0.86947	0.87042			6
2025.10.13	00:45:33.974	0.86960	0.87048			6
2025.10.13	00:45:34.278	0.86961	0.87047			6
2025.10.13	00:45:36.302	0.86964	0.87045			6
2025.10.13	00:45:38.271	0.86949	0.87040			6
2025.10.13	00:45:38.583	0.86946	0.87043			6
2025.10.13	00:45:38.901	0.86948	0.87041			6
2025.10.13	00:45:42.100	0.86949	0.87040			6
2025.10.13	00:45:44.917	0.86946	0.87043			6
2025.10.13	00:45:45.226	0.86945	0.87044			6
2025.10.13	00:45:45.985	0.86947	0.87042			6
2025.10.13	00:45:48.430	0.86949	0.87040			6
2025.10.13	00:45:48.749	0.86946	0.87043			6
2025.10.13	00:45:49.916	0.86947	0.87042			6
2025.10.13	00:45:50.916	0.86949	0.87040			6
2025.10.13	00:45:51.985	0.86950	0.87039			6
2025.10.13	00:46:01.331	0.86951	0.87038			6
2025.10.13	00:46:04.157	0.86952	0.87037			6
2025.10.13	00:46:04.608	0.86949	0.87040			6
2025.10.13	00:46:05.683	0.86950	0.87039			6
2025.10.13	00:46:06.014	0.86951	0.87038			6
2025.10.13	00:46:06.983	0.86949	0.87040			6
2025.10.13	00:46:09.946	0.86951	0.87038			6
2025.10.13	00:46:10.684	0.86952	0.87037			6
2025.10.13	00:46:14.927	0.86953	0.87036			6
2025.10.13	00:46:16.143	0.86957	0.87065			6
2025.10.13	00:46:21.243		0.87064			4
2025.10.13	00:46:24.935	0.86958				2
2025.10.13	00:46:27.633	0.86953	0.87068			6
2025.10.13	00:46:28.053	0.86950	0.87072			6
2025.10.13	00:46:30.510		0.87092			4
2025.10.13	00:46:30.817		0.87072			4
2025.10.13	00:46:32.703		0.87093			4
2025.10.13	00:46:33.737	0.86949	0.87094			6
2025.10.13	00:46:34.067	0.86951	0.87093			6
2025.10.13	00:46:34.590		0.87094			4
2025.10.13	00:46:36.887	0.86954	0.87091			6
2025.10.13	00:46:38.027	0.86953	0.87092			6
2025.10.13	00:46:38.990	0.86952	0.87093			6
2025.10.13	00:46:39.846	0.86953	0.87091			6
2025.10.13	00:46:41.879	0.86952	0.87093			6
2025.10.13	00:46:45.248		0.87092			4
2025.10.13	00:46:47.900	0.86951	0.87093			6
2025.10.13	00:46:53.009	0.86952	0.87092			6
2025.10.13	00:46:53.425		0.87093			4
2025.10.13	00:46:53.900		0.87092			4
2025.10.13	00:46:57.393	0.86954	0.87091			6
2025.10.13	00:46:59.891	0.86953	0.87092			6
2025.10.13	00:47:00.646	0.86953				2
2025.10.13	00:47:03.164	0.86946	0.87055			6
2025.10.13	00:47:03.807	0.86950	0.87059			6
2025.10.13	00:47:04.458	0.86948	0.87057			6
2025.10.13	00:47:05.762	0.86947	0.87056			6
2025.10.13	00:47:06.413	0.86954	0.87091			6
2025.10.13	00:47:07.149		0.87090			4
2025.10.13	00:47:07.563	0.86956	0.87088			6
2025.10.13	00:47:07.899	0.86955	0.87089			6
2025.10.13	00:47:09.123	0.86954	0.87091			6
2025.10.13	00:47:09.969	0.86957	0.87087			6
2025.10.13	00:47:10.304	0.86955	0.87089			6
2025.10.13	00:47:13.223	0.86956				2
2025.10.13	00:47:15.921	0.86957	0.87087			6
2025.10.13	00:47:16.303	0.86955	0.87089			6
2025.10.13	00:47:16.890	0.86954	0.87091			6
2025.10.13	00:47:18.303	0.86953	0.87092			6
2025.10.13	00:47:29.534	0.86952	0.87090			6
2025.10.13	00:47:29.892	0.86953	0.87089			6
2025.10.13	00:47:30.898	0.86954	0.87088			6
2025.10.13	00:47:33.891	0.86953	0.87089			6
2025.10.13	00:47:34.606	0.86954				2
2025.10.13	00:47:34.962	0.86955	0.87088			6
2025.10.13	00:47:38.991	0.86949	0.87087			6
2025.10.13	00:47:39.894	0.86948				2
2025.10.13	00:47:42.848	0.86947	0.87088			6
2025.10.13	00:47:45.836	0.86957	0.87085			6
2025.10.13	00:47:46.309	0.86955	0.87088			6
2025.10.13	00:47:46.932	0.86954				2
2025.10.13	00:47:47.860	0.86956				2
2025.10.13	00:47:48.169	0.86954	0.87089			6
2025.10.13	00:47:51.546	0.86955	0.87088			6
2025.10.13	00:47:55.469		0.87087			4
2025.10.13	00:47:57.416	0.86958	0.87084			6
2025.10.13	00:47:57.909	0.86955	0.87087			6
2025.10.13	00:48:00.042	0.86955	0.87088			6
2025.10.13	00:48:01.148	0.86958	0.87084			6
2025.10.13	00:48:02.159	0.86955	0.87087			6
2025.10.13	00:48:03.586	0.86956				2
2025.10.13	00:48:03.892	0.86955				2
2025.10.13	00:48:04.750	0.86959	0.87091			6
2025.10.13	00:48:05.309	0.86962	0.87101			6
2025.10.13	00:48:05.618		0.87099			4
2025.10.13	00:48:07.052	0.86960				2
2025.10.13	00:48:10.283	0.86958	0.87100			6
2025.10.13	00:48:10.602	0.86960	0.87098			6
2025.10.13	00:48:11.804	0.86959	0.87099			6
2025.10.13	00:48:18.062	0.86964	0.87095			6
2025.10.13	00:48:18.587	0.86967	0.87092			6
2025.10.13	00:48:21.591		0.87091			4
2025.10.13	00:48:23.342	0.86966	0.87084			6
2025.10.13	00:48:23.687	0.86967	0.87091			6
2025.10.13	00:48:24.904	0.86964	0.87084			6
2025.10.13	00:48:26.892	0.86963	0.87085			6
2025.10.13	00:48:28.172		0.87086			4
2025.10.13	00:48:28.512	0.86964	0.87084			6
2025.10.13	00:48:29.453		0.87087			4
2025.10.13	00:48:32.025	0.86962	0.87081			6
2025.10.13	00:48:32.946		0.87080			4
2025.10.13	00:48:33.611	0.86963	0.87086			6
2025.10.13	00:48:34.032	0.86962	0.87088			6
2025.10.13	00:48:35.462	0.86961	0.87081			6
2025.10.13	00:48:36.032	0.86959	0.87083			6
2025.10.13	00:48:37.212	0.86962	0.87080			6
2025.10.13	00:48:39.204	0.86965	0.87091			6
2025.10.13	00:48:40.050	0.86967	0.87089			6
2025.10.13	00:48:54.200	0.86963	0.87092			6
2025.10.13	00:48:54.832	0.86961	0.87095			6
2025.10.13	00:48:57.386	0.86962	0.87094			6
2025.10.13	00:48:59.831	0.86953	0.87090			6
2025.10.13	00:49:00.385	0.86949	0.87094			6
2025.10.13	00:49:08.695	0.86955	0.87096			6
2025.10.13	00:49:09.050	0.86956	0.87094			6
2025.10.13	00:49:09.909	0.86951	0.87092			6
2025.10.13	00:49:11.049	0.86949	0.87094			6
2025.10.13	00:49:12.925		0.87075			4
2025.10.13	00:49:14.990		0.87092			4
2025.10.13	00:49:15.708		0.87094			4
2025.10.13	00:49:24.819		0.87093			4
2025.10.13	00:49:30.120	0.86948	0.87094			6
2025.10.13	00:49:47.365	0.86949				2
2025.10.13	00:49:57.470		0.87093			4
2025.10.13	00:50:02.215	0.86949				2
2025.10.13	00:50:04.336		0.87094			4
2025.10.13	00:50:06.052	0.86950	0.87093			6
2025.10.13	00:50:08.365	0.86955	0.87095			6
2025.10.13	00:50:09.052	0.86957	0.87093			6
2025.10.13	00:50:09.381		0.87092			4
2025.10.13	00:50:09.685	0.86951	0.87091			6
2025.10.13	00:50:10.050		0.87093			4
2025.10.13	00:50:10.363	0.86950	0.87092			6
2025.10.13	00:50:10.877	0.86951	0.87091			6
2025.10.13	00:50:11.836	0.86950	0.87092			6
2025.10.13	00:50:13.803		0.87093			4
2025.10.13	00:50:16.746		0.87092			4
2025.10.13	00:50:18.890	0.86956	0.87086			6
2025.10.13	00:50:19.241		0.87087			4
2025.10.13	00:50:20.745	0.86955	0.87088			6
2025.10.13	00:50:21.793	0.86961				2
2025.10.13	00:50:23.556	0.86962	0.87087			6
2025.10.13	00:50:35.609	0.86963				2
2025.10.13	00:50:37.045	0.86962	0.87088			6
2025.10.13	00:50:55.363	0.86956	0.87082			6
2025.10.13	00:50:56.050	0.86959				2
2025.10.13	00:50:57.955	0.86958				2
2025.10.13	00:50:59.353	0.86963	0.87079			6
2025.10.13	00:51:00.159	0.86969	0.87090			6
2025.10.13	00:51:01.150		0.87091			4
2025.10.13	00:51:02.084	0.86970	0.87089			6
2025.10.13	00:51:03.080	0.86971	0.87088			6
2025.10.13	00:51:04.082		0.87089			4
2025.10.13	00:51:05.050	0.86972	0.87088			6
2025.10.13	00:51:16.634	0.86974	0.87087			6
2025.10.13	00:51:17.159	0.86976	0.87085			6
2025.10.13	00:51:17.781	0.86977	0.87084			6
2025.10.13	00:51:19.442	0.86979	0.87082			6
2025.10.13	00:51:21.545	0.86977	0.87084			6
2025.10.13	00:51:23.562	0.86976	0.87085			6
2025.10.13	00:51:42.159	0.86977	0.87084			6
2025.10.13	00:51:43.085	0.86976	0.87089			6
2025.10.13	00:51:45.345		0.87085			4
2025.10.13	00:51:49.433		0.87084			4
2025.10.13	00:51:53.089	0.86978				2
2025.10.13	00:51:57.771		0.87085			4
2025.10.13	00:51:58.238	0.86982	0.87093			6
2025.10.13	00:51:59.293	0.86977	0.87089			6
2025.10.13	00:51:59.793	0.86982				2
2025.10.13	00:52:01.167	0.86982	0.87084			6
2025.10.13	00:52:02.237		0.87089			4
2025.10.13	00:52:03.159	0.86977	0.87085			6
2025.10.13	00:52:05.160	0.86982	0.87089			6
2025.10.13	00:52:05.471		0.87084			4
2025.10.13	00:52:10.332	0.86983	0.87088			6
2025.10.13	00:52:11.615	0.86977	0.87085			6
2025.10.13	00:52:11.946		0.87084			4
2025.10.13	00:52:14.234		0.87083			4
2025.10.13	00:52:15.278	0.86985	0.87082			6
2025.10.13	00:52:19.436	0.86988	0.87079			6
2025.10.13	00:52:19.941	0.86983	0.87076			6
2025.10.13	00:52:20.940	0.86987	0.87078			6
2025.10.13	00:52:21.446		0.87077			4
2025.10.13	00:52:25.706		0.87078			4
2025.10.13	00:52:26.149		0.87077			4
2025.10.13	00:52:30.445		0.87080			4
2025.10.13	00:52:37.354	0.87002	0.87081			6
2025.10.13	00:52:39.115		0.87082			4
2025.10.13	00:52:40.555	0.86991	0.87083			6
2025.10.13	00:52:41.159		0.87082			4
2025.10.13	00:52:42.579		0.87081			4
2025.10.13	00:52:43.420		0.87082			4
2025.10.13	00:52:43.750		0.87080			4
2025.10.13	00:52:44.066		0.87083			4
2025.10.13	00:52:45.139		0.87082			4
2025.10.13	00:52:49.042		0.87080			4
2025.10.13	00:52:49.356		0.87082			4
2025.10.13	00:52:49.664		0.87080			4
2025.10.13	00:52:50.050		0.87083			4
2025.10.13	00:52:52.049		0.87080			4
2025.10.13	00:52:54.215		0.87079			4
2025.10.13	00:52:56.050		0.87080			4
2025.10.13	00:52:58.364		0.87081			4
2025.10.13	00:53:00.406	0.86991	0.87080			6
2025.10.13	00:53:05.988		0.87081			4
2025.10.13	00:53:07.302		0.87080			4
2025.10.13	00:53:11.020		0.87081			4
2025.10.13	00:53:18.579		0.87083			4
2025.10.13	00:53:40.532	0.86988	0.87085			6
2025.10.13	00:53:52.139	0.86993	0.87088			6
2025.10.13	00:53:52.657	0.86988	0.87090			6
2025.10.13	00:53:58.361		0.87089			4
2025.10.13	00:54:02.350	0.86988				2
2025.10.13	00:54:05.317		0.87092			4
2025.10.13	00:54:12.215	0.86975	0.87095			6
2025.10.13	00:54:18.231	0.86985	0.87091			6
2025.10.13	00:54:20.648		0.87090			4
2025.10.13	00:54:24.488	0.86992	0.87085			6
2025.10.13	00:54:31.886	0.86985	0.87090			6
2025.10.13	00:54:34.940		0.87091			4
2025.10.13	00:54:35.955		0.87095			4
2025.10.13	00:54:41.049		0.87090			4
2025.10.13	00:54:42.701		0.87085			4
2025.10.13	00:54:44.004		0.87086			4
2025.10.13	00:54:52.874		0.87087			4
2025.10.13	00:54:54.644		0.87088			4
2025.10.13	00:54:55.318	0.86992	0.87084			6
2025.10.13	00:54:55.827		0.87083			4
2025.10.13	00:54:56.443	0.86996	0.87094			6
2025.10.13	00:55:02.138	0.86986	0.87086			6
2025.10.13	00:55:02.870	0.86983				2
2025.10.13	00:55:04.243		0.87087			4
2025.10.13	00:55:07.471	0.86996	0.87095			6
2025.10.13	00:55:09.396		0.87097			4
2025.10.13	00:55:10.450	0.86997				2
2025.10.13	00:55:14.428	0.86996	0.87096			6
2025.10.13	00:55:14.814		0.87095			4
2025.10.13	00:55:16.195	0.86995				2
2025.10.13	00:55:18.060	0.86994				2
2025.10.13	00:55:25.456	0.86991	0.87102			6
2025.10.13	00:55:25.994	0.86990				2
2025.10.13	00:55:27.103	0.86992	0.87104			6
2025.10.13	00:55:27.616	0.86990				2
2025.10.13	00:55:27.991	0.86991	0.87105			6
2025.10.13	00:55:31.710	0.86990				2
2025.10.13	00:55:39.353	0.86988				2
2025.10.13	00:55:39.892	0.86990	0.87104			6
2025.10.13	00:55:40.390	0.86988	0.87109			6
2025.10.13	00:55:40.890	0.86990	0.87107			6
2025.10.13	00:55:41.889	0.86988	0.87109			6
2025.10.13	00:55:42.891	0.86990	0.87107			6
2025.10.13	00:55:43.389	0.86988	0.87109			6
2025.10.13	00:55:43.890	0.86990	0.87107			6
2025.10.13	00:55:46.608	0.86988	0.87109			6
2025.10.13	00:55:47.139	0.86990	0.87107			6
2025.10.13	00:55:47.639	0.86988	0.87106			6
2025.10.13	00:55:48.140	0.86989	0.87105			6
2025.10.13	00:55:49.138	0.86988	0.87109			6
2025.10.13	00:55:49.639	0.86989	0.87108			6
2025.10.13	00:55:50.066	0.86984	0.87109			6
2025.10.13	00:55:50.643	0.86987	0.87107			6
2025.10.13	00:55:51.139	0.86984	0.87109			6
2025.10.13	00:55:51.643	0.86987	0.87107			6
2025.10.13	00:55:52.639	0.86984	0.87109			6
2025.10.13	00:55:53.138	0.86986	0.87107			6
2025.10.13	00:55:54.692	0.86984	0.87109			6
2025.10.13	00:55:55.190	0.86986	0.87108			6
2025.10.13	00:55:56.096	0.86988				2
2025.10.13	00:55:56.540	0.86986				2
2025.10.13	00:55:58.457		0.87106			4
2025.10.13	00:56:03.921	0.86986				2
2025.10.13	00:56:10.458	0.86987				2
2025.10.13	00:56:20.946	0.86986				2
2025.10.13	00:56:31.020	0.86987				2
2025.10.13	00:56:35.062	0.86988	0.87110			6
2025.10.13	00:56:41.722	0.86987				2
2025.10.13	00:56:48.949	0.86986				2
2025.10.13	00:56:49.392	0.86985	0.87105			6
2025.10.13	00:56:50.391	0.86987	0.87102			6
2025.10.13	00:56:56.721	0.87002	0.87109			6
2025.10.13	00:56:57.594		0.87106			4
2025.10.13	00:56:58.265		0.87110			4
2025.10.13	00:56:58.637		0.87109			4
2025.10.13	00:56:59.767		0.87110			4
2025.10.13	00:57:00.265	0.87002	0.87109			6
2025.10.13	00:57:00.845		0.87107			4
2025.10.13	00:57:01.768		0.87110			4
2025.10.13	00:57:02.078		0.87109			4
2025.10.13	00:57:03.051		0.87110			4
2025.10.13	00:57:03.721		0.87105			4
2025.10.13	00:57:04.266		0.87107			4
2025.10.13	00:57:05.265		0.87103			4
2025.10.13	00:57:05.765		0.87107			4
2025.10.13	00:57:07.053	0.87003				2
2025.10.13	00:57:09.097		0.87108			4
2025.10.13	00:57:10.045	0.87004	0.87110			6
2025.10.13	00:57:10.594		0.87108			4
2025.10.13	00:57:11.598		0.87110			4
2025.10.13	00:57:12.055	0.87003				2
2025.10.13	00:57:13.050	0.87004				2
2025.10.13	00:57:14.698	0.87003	0.87108			6
2025.10.13	00:57:15.762		0.87110			4
2025.10.13	00:57:16.445	0.87002				2
2025.10.13	00:57:18.998	0.86999	0.87108			6
2025.10.13	00:57:19.589		0.87110			4
2025.10.13	00:57:23.314	0.87003	0.87113			6
2025.10.13	00:57:24.296	0.86995	0.87111			6
2025.10.13	00:57:26.505	0.86998				2
2025.10.13	00:57:27.926		0.87116			4
2025.10.13	00:57:41.528		0.87111			4
2025.10.13	00:57:54.144		0.87116			4
2025.10.13	00:58:00.137	0.86998				2
2025.10.13	00:58:12.911	0.86995				2
2025.10.13	00:58:14.352	0.86994	0.87118			6
2025.10.13	00:58:14.856		0.87134			4
2025.10.13	00:58:16.591	0.86995				2
2025.10.13	00:58:18.578	0.86996				2
2025.10.13	00:58:19.578	0.86995				2
2025.10.13	00:58:20.764	0.86993	0.87130			6
2025.10.13	00:58:21.246	0.86994				2
2025.10.13	00:58:21.669	0.86993				2
2025.10.13	00:58:22.157	0.86995	0.87134			6
2025.10.13	00:58:23.129	0.86994				2
2025.10.13	00:58:24.154		0.87132			4
2025.10.13	00:58:24.586		0.87134			4
2025.10.13	00:58:24.891	0.86996	0.87128			6
2025.10.13	00:58:27.150	0.86995				2
2025.10.13	00:58:28.015	0.86996				2
2025.10.13	00:58:28.448	0.86995				2
2025.10.13	00:58:30.412	0.86994				2
2025.10.13	00:58:33.167	0.86993				2
2025.10.13	00:58:46.382	0.86992				2
2025.10.13	00:58:47.649	0.86993				2
2025.10.13	00:58:49.747	0.86992				2
2025.10.13	00:58:54.668	0.86991				2
2025.10.13	00:58:55.685	0.87007	0.87122			6
2025.10.13	00:59:00.147	0.87007				2
2025.10.13	00:59:01.514	0.87010				2
2025.10.13	00:59:50.725		0.87116			4
2025.10.13	01:00:00.312	0.86993	0.87111			6
2025.10.13	01:00:00.620	0.87040	0.87112			6
2025.10.13	01:00:00.927	0.87038	0.87124			6
2025.10.13	01:00:01.325	0.87029	0.87088			6
2025.10.13	01:00:01.950	0.86972	0.87089			6
2025.10.13	01:00:02.264	0.86987	0.87121			6
2025.10.13	01:00:02.580	0.86992	0.87104			6
2025.10.13	01:00:03.045	0.86978	0.87097			6
2025.10.13	01:00:03.437	0.86985	0.87089			6
2025.10.13	01:00:03.743	0.86990	0.87071			6
2025.10.13	01:00:04.358	0.86986	0.87067			6
2025.10.13	01:00:04.660	0.86991	0.87072			6
2025.10.13	01:00:05.009	0.87004	0.87085			6
2025.10.13	01:00:06.266	0.87000	0.87081			6
2025.10.13	01:00:06.888	0.87013	0.87080			6
2025.10.13	01:00:08.456	0.87005	0.87064			6
2025.10.13	01:00:09.056	0.86969	0.87065			6
2025.10.13	01:00:10.052		0.87062			4
2025.10.13	01:00:10.517		0.87061			4
2025.10.13	01:00:11.125		0.87066			4
2025.10.13	01:00:13.371		0.87065			4
2025.10.13	01:00:15.521		0.87056			4
2025.10.13	01:00:16.297	0.86970	0.87045			6
2025.10.13	01:00:16.647	0.86979	0.87044			6
2025.10.13	01:00:17.408	0.86977	0.87042			6
2025.10.13	01:00:18.531	0.86972	0.87040			6
2025.10.13	01:00:18.847	0.86974				2
2025.10.13	01:00:19.157	0.86971				2
2025.10.13	01:00:21.291	0.86973				2
2025.10.13	01:00:21.949	0.86967	0.87037			6
2025.10.13	01:00:22.902	0.86973				2
2025.10.13	01:00:23.842		0.87039			4
2025.10.13	01:00:24.340		0.87040			4
2025.10.13	01:00:24.669		0.87038			4
2025.10.13	01:00:28.759	0.86971				2
2025.10.13	01:00:30.248	0.86970	0.87035			6
2025.10.13	01:00:30.559	0.86967	0.87036			6
2025.10.13	01:00:30.881	0.86962	0.87024			6
2025.10.13	01:00:31.218	0.86966	0.87028			6
2025.10.13	01:00:31.522	0.86971	0.87021			6
2025.10.13	01:00:31.828	0.86961	0.87025			6
2025.10.13	01:00:32.227	0.86962	0.87028			6
2025.10.13	01:00:32.729	0.86963	0.87025			6
2025.10.13	01:00:34.249	0.86966				2
2025.10.13	01:00:34.634	0.86967	0.87028			6
2025.10.13	01:00:34.941	0.86970	0.87031			6
2025.10.13	01:00:36.178	0.86966	0.87024			6
2025.10.13	01:00:37.973	0.86960	0.87018			6
2025.10.13	01:00:38.841	0.86958	0.87017			6
2025.10.13	01:00:40.905		0.87014			4
2025.10.13	01:00:41.270	0.86955				2
2025.10.13	01:00:41.577	0.86956				2
2025.10.13	01:00:41.952	0.86959				2
2025.10.13	01:00:45.570	0.86954				2
2025.10.13	01:00:45.988	0.86950	0.87013			6
2025.10.13	01:00:46.835	0.86952	0.87014			6
2025.10.13	01:00:50.318	0.86955				2
2025.10.13	01:00:50.689	0.86953				2
2025.10.13	01:00:55.513	0.86950				2
2025.10.13	01:00:56.045	0.86949				2
2025.10.13	01:00:56.710	0.86951				2
2025.10.13	01:00:58.060	0.86953				2
2025.10.13	01:00:59.819	0.86957				2
2025.10.13	01:01:00.311	0.86957				2
2025.10.13	01:01:00.670	0.86956				2
2025.10.13	01:01:00.979	0.86959				2
2025.10.13	01:01:02.390	0.86955	0.87013			6
2025.10.13	01:01:04.257	0.86956				2
2025.10.13	01:01:04.700	0.86955				2
2025.10.13	01:01:06.439		0.87014			4
2025.10.13	01:01:07.484	0.86958				2
2025.10.13	01:01:08.063	0.86955				2
2025.10.13	01:01:10.016	0.86957				2
2025.10.13	01:01:10.496	0.86962				2
2025.10.13	01:01:11.147	0.86961				2
2025.10.13	01:01:12.019	0.86960				2
2025.10.13	01:01:14.247	0.86959				2
2025.10.13	01:01:14.907	0.86952				2
2025.10.13	01:01:16.483	0.86953				2
2025.10.13	01:01:17.507	0.86952	0.87002			6
2025.10.13	01:01:18.426	0.86942				2
2025.10.13	01:01:19.857	0.86943				2
2025.10.13	01:01:20.171	0.86948				2
2025.10.13	01:01:20.508	0.86944				2
2025.10.13	01:01:20.966	0.86946				2
2025.10.13	01:01:21.723	0.86941				2
2025.10.13	01:01:22.029	0.86939	0.87001			6
2025.10.13	01:01:22.338	0.86940				2
2025.10.13	01:01:25.796	0.86942	0.86999			6
2025.10.13	01:01:28.662	0.86936	0.86987			6
2025.10.13	01:01:28.971	0.86935	0.86996			6
2025.10.13	01:01:29.366	0.86933				2
2025.10.13	01:01:30.400	0.86931	0.86986			6
2025.10.13	01:01:30.702	0.86924				2
2025.10.13	01:01:31.450	0.86926				2
2025.10.13	01:01:31.783	0.86927				2
2025.10.13	01:01:32.506	0.86925	0.86978			6
2025.10.13	01:01:32.841	0.86927	0.86986			6
2025.10.13	01:01:33.198	0.86928				2
2025.10.13	01:01:33.509	0.86931				2
2025.10.13	01:01:34.912	0.86927				2
2025.10.13	01:01:35.246	0.86928				2
2025.10.13	01:01:35.920	0.86924				2
2025.10.13	01:01:36.557	0.86927				2
2025.10.13	01:01:37.183	0.86929				2
2025.10.13	01:01:37.966	0.86928				2
2025.10.13	01:01:38.331	0.86930	0.86979			6
2025.10.13	01:01:38.646	0.86928	0.86986			6
2025.10.13	01:01:38.958	0.86932	0.86979			6
2025.10.13	01:01:39.262	0.86931	0.86986			6
2025.10.13	01:01:40.112	0.86930	0.86979			6
2025.10.13	01:01:40.451		0.86986			4
2025.10.13	01:01:41.538		0.86987			4
2025.10.13	01:01:42.207	0.86933				2
2025.10.13	01:01:43.851	0.86932				2
2025.10.13	01:01:44.222	0.86930				2
2025.10.13	01:01:44.903	0.86933				2
2025.10.13	01:01:45.921	0.86934	0.86986			6
2025.10.13	01:01:46.252	0.86933	0.86980			6
2025.10.13	01:01:46.586		0.86986			4
2025.10.13	01:01:47.044	0.86930				2
2025.10.13	01:01:47.395	0.86929				2
2025.10.13	01:01:47.712	0.86928				2
2025.10.13	01:01:49.052	0.86927				2
2025.10.13	01:01:49.389	0.86929				2
2025.10.13	01:01:50.064	0.86933	0.86996			6
2025.10.13	01:01:50.379	0.86934				2
2025.10.13	01:01:50.687	0.86935				2
2025.10.13	01:01:52.416	0.86937				2
2025.10.13	01:01:52.856	0.86935	0.86983			6
2025.10.13	01:01:53.198		0.86970			4
2025.10.13	01:01:53.636	0.86934				2
2025.10.13	01:01:54.761	0.86933	0.86971			6
2025.10.13	01:01:55.079	0.86934				2
2025.10.13	01:01:55.518	0.86936				2
2025.10.13	01:01:57.383	0.86933	0.86967			6
2025.10.13	01:01:57.757	0.86930	0.86972			6
2025.10.13	01:01:58.123	0.86931				2
2025.10.13	01:01:58.984	0.86934	0.86970			6
2025.10.13	01:01:59.298		0.86972			4
2025.10.13	01:01:59.893		0.86966			4
2025.10.13	01:02:00.214	0.86933				2
2025.10.13	01:02:00.518	0.86939	0.86973			6
2025.10.13	01:02:01.821	0.86940				2
2025.10.13	01:02:02.151	0.86935	0.86970			6
2025.10.13	01:02:02.620	0.86933	0.86971			6
2025.10.13	01:02:03.490	0.86941	0.86986			6
2025.10.13	01:02:03.814	0.86937	0.86975			6
2025.10.13	01:02:04.119		0.86986			4
2025.10.13	01:02:04.437	0.86935	0.86975			6
2025.10.13	01:02:04.773		0.86986			4
2025.10.13	01:02:05.637		0.86967			4
2025.10.13	01:02:05.939		0.86986			4
2025.10.13	01:02:06.273	0.86932	0.86968			6
2025.10.13	01:02:06.581	0.86944	0.86958			6
2025.10.13	01:02:06.888	0.86941	0.86960			6
2025.10.13	01:02:07.209	0.86946	0.86963			6
2025.10.13	01:02:07.527	0.86941				2
2025.10.13	01:02:07.912	0.86943				2
2025.10.13	01:02:08.308	0.86942				2
2025.10.13	01:02:08.941	0.86955	0.86965			6
2025.10.13	01:02:09.258	0.86954	0.86971			6
2025.10.13	01:02:09.770	0.86955	0.86972			6
2025.10.13	01:02:10.078	0.86956	0.86970			6
2025.10.13	01:02:10.538	0.86947	0.86965			6
2025.10.13	01:02:11.692	0.86939	0.86958			6
2025.10.13	01:02:12.000	0.86940				2
2025.10.13	01:02:12.902		0.86960			4
2025.10.13	01:02:13.219	0.86942	0.86962			6
2025.10.13	01:02:13.694	0.86943	0.86958			6
2025.10.13	01:02:13.998	0.86941				2
2025.10.13	01:02:14.980		0.86957			4
2025.10.13	01:02:15.387	0.86939	0.86954			6
2025.10.13	01:02:15.829	0.86938				2
2025.10.13	01:02:17.129	0.86936				2
2025.10.13	01:02:17.987	0.86938	0.86953			6
2025.10.13	01:02:18.299	0.86941	0.86960			6
2025.10.13	01:02:18.707	0.86940				2
2025.10.13	01:02:19.245	0.86938				2
2025.10.13	01:02:20.378	0.86939	0.86959			6
2025.10.13	01:02:21.047	0.86935	0.86957			6
2025.10.13	01:02:22.617	0.86932	0.86951			6
2025.10.13	01:02:23.004	0.86933				2
2025.10.13	01:02:23.675	0.86930	0.86950			6
2025.10.13	01:02:25.275	0.86951	0.86967			6
2025.10.13	01:02:25.583	0.86950	0.86964			6
2025.10.13	01:02:26.055		0.86967			4
2025.10.13	01:02:26.738	0.86946	0.86959			6
2025.10.13	01:02:28.888		0.86958			4
2025.10.13	01:02:29.328	0.86945	0.86957			6
2025.10.13	01:02:29.737	0.86940	0.86954			6
2025.10.13	01:02:30.371	0.86929	0.86945			6
2025.10.13	01:02:30.686	0.86931	0.86944			6
2025.10.13	01:02:31.017	0.86929	0.86946			6
2025.10.13	01:02:31.347	0.86931				2
2025.10.13	01:02:31.658	0.86929	0.86943			6
2025.10.13	01:02:31.976	0.86928	0.86942			6
2025.10.13	01:02:32.291	0.86931	0.86945			6
2025.10.13	01:02:32.755	0.86932	0.86947			6
2025.10.13	01:02:34.148	0.86933				2
2025.10.13	01:02:34.493	0.86929	0.86943			6
2025.10.13	01:02:34.798		0.86942			4
2025.10.13	01:02:35.103	0.86928				2
2025.10.13	01:02:37.079	0.86926	0.86941			6
2025.10.13	01:02:37.686		0.86940			4
2025.10.13	01:02:38.170	0.86925				2
2025.10.13	01:02:38.493	0.86918	0.86938			6
2025.10.13	01:02:38.799	0.86915	0.86934			6
2025.10.13	01:02:39.445	0.86911	0.86930			6
2025.10.13	01:02:39.982	0.86912				2
2025.10.13	01:02:40.324	0.86909				2
2025.10.13	01:02:40.661		0.86927			4
2025.10.13	01:02:41.251	0.86912	0.86924			6
2025.10.13	01:02:41.558	0.86909				2
2025.10.13	01:02:43.188	0.86905				2
2025.10.13	01:02:43.549	0.86909	0.86923			6
2025.10.13	01:02:44.440	0.86910	0.86925			6
2025.10.13	01:02:44.746	0.86911	0.86926			6
2025.10.13	01:02:46.001	0.86918	0.86931			6
2025.10.13	01:02:46.912	0.86917				2
2025.10.13	01:02:47.226	0.86915	0.86929			6
2025.10.13	01:02:47.568		0.86931			4
2025.10.13	01:02:47.877	0.86912	0.86929			6
2025.10.13	01:02:49.145	0.86907	0.86925			6
2025.10.13	01:02:49.465	0.86906	0.86922			6
2025.10.13	01:02:49.806	0.86907	0.86923			6
2025.10.13	01:02:51.125	0.86909	0.86924			6
2025.10.13	01:02:51.813	0.86912	0.86928			6
2025.10.13	01:02:52.622	0.86909	0.86929			6
2025.10.13	01:02:54.452	0.86911	0.86931			6
2025.10.13	01:02:55.143	0.86920	0.86939			6
2025.10.13	01:02:55.452		0.86940			4
2025.10.13	01:02:56.202	0.86921				2
2025.10.13	01:02:56.868	0.86920				2
2025.10.13	01:02:57.364	0.86918	0.86938			6
2025.10.13	01:02:57.679	0.86919				2
2025.10.13	01:02:57.991	0.86917				2
2025.10.13	01:02:58.318		0.86936			4
2025.10.13	01:02:58.640	0.86928	0.86942			6
2025.10.13	01:02:58.958	0.86924	0.86940			6
2025.10.13	01:03:00.403	0.86924				2
2025.10.13	01:03:02.049	0.86925	0.86942			6
2025.10.13	01:03:02.413		0.86944			4
2025.10.13	01:03:02.789	0.86926	0.86945			6
2025.10.13	01:03:03.168	0.86927	0.86948			6
2025.10.13	01:03:03.479	0.86928				2
2025.10.13	01:03:03.818	0.86929	0.86947			6
2025.10.13	01:03:04.320	0.86928				2
2025.10.13	01:03:04.697	0.86926				2
2025.10.13	01:03:05.602	0.86928	0.86948			6
2025.10.13	01:03:07.255	0.86920	0.86939			6
2025.10.13	01:03:07.583	0.86917	0.86936			6
2025.10.13	01:03:08.627		0.86937			4
2025.10.13	01:03:09.450	0.86928	0.86949			6
2025.10.13	01:03:10.102		0.86950			4
2025.10.13	01:03:11.253	0.86932	0.86952			6
2025.10.13	01:03:12.364	0.86935	0.86951			6
2025.10.13	01:03:13.626	0.86939	0.86956			6
2025.10.13	01:03:13.927	0.86942				2
2025.10.13	01:03:14.347	0.86940	0.86955			6
2025.10.13	01:03:14.935	0.86944	0.86957			6
2025.10.13	01:03:15.621	0.86945				2
2025.10.13	01:03:16.758		0.86959			4
2025.10.13	01:03:18.302	0.86947	0.86961			6
2025.10.13	01:03:18.970		0.86963			4
2025.10.13	01:03:20.359		0.86959			4
2025.10.13	01:03:21.548		0.86960			4
2025.10.13	01:03:23.359	0.86946	0.86958			6
2025.10.13	01:03:23.725		0.86959			4
2025.10.13	01:03:24.310	0.86948	0.86963			6
2025.10.13	01:03:25.051		0.86962			4
2025.10.13	01:03:26.965	0.86942	0.86958			6
2025.10.13	01:03:27.274		0.86963			4
2025.10.13	01:03:28.877	0.86941	0.86959			6
2025.10.13	01:03:29.207	0.86942	0.86956			6
2025.10.13	01:03:29.710		0.86957			4
2025.10.13	01:03:30.018	0.86941	0.86954			6
2025.10.13	01:03:30.339	0.86927	0.86943			6
2025.10.13	01:03:30.645	0.86929	0.86945			6
2025.10.13	01:03:30.959		0.86946			4
2025.10.13	01:03:31.270		0.86944			4
2025.10.13	01:03:31.604	0.86931	0.86946			6
2025.10.13	01:03:32.671	0.86930	0.86944			6
2025.10.13	01:03:33.469	0.86931	0.86947			6
2025.10.13	01:03:34.279	0.86933				2
2025.10.13	01:03:36.541	0.86935	0.86946			6
2025.10.13	01:03:36.891	0.86931	0.86944			6
2025.10.13	01:03:37.210	0.86932	0.86943			6
2025.10.13	01:03:37.574		0.86945			4
2025.10.13	01:03:37.886		0.86944			4
2025.10.13	01:03:38.189	0.86930	0.86942			6
2025.10.13	01:03:38.523		0.86943			4
2025.10.13	01:03:38.877	0.86929	0.86941			6
2025.10.13	01:03:40.228		0.86943			4
2025.10.13	01:03:40.546		0.86944			4
2025.10.13	01:03:40.858	0.86931	0.86945			6
2025.10.13	01:03:41.186		0.86943			4
2025.10.13	01:03:41.715		0.86944			4
2025.10.13	01:03:42.660	0.86934	0.86946			6
2025.10.13	01:03:43.060	0.86932	0.86943			6
2025.10.13	01:03:43.917	0.86925	0.86939			6
2025.10.13	01:03:44.220		0.86940			4
2025.10.13	01:03:44.619	0.86926	0.86942			6
2025.10.13	01:03:45.159		0.86941			4
2025.10.13	01:03:47.699		0.86940			4
2025.10.13	01:03:49.095	0.86924				2
2025.10.13	01:03:49.527		0.86939			4
2025.10.13	01:03:49.881	0.86922	0.86938			6
2025.10.13	01:03:50.866	0.86923	0.86939			6
2025.10.13	01:03:51.177	0.86922	0.86938			6
2025.10.13	01:03:51.683	0.86921	0.86936			6
2025.10.13	01:03:54.143	0.86923				2
2025.10.13	01:03:57.367	0.86909	0.86921			6
2025.10.13	01:03:57.679	0.86908				2
2025.10.13	01:03:58.351	0.86909				2
2025.10.13	01:03:58.693	0.86910	0.86922			6
2025.10.13	01:03:59.099	0.86908	0.86921			6
2025.10.13	01:04:00.198	0.86909	0.86922			6
2025.10.13	01:04:01.438	0.86911	0.86923			6
2025.10.13	01:04:02.149	0.86912	0.86925			6
2025.10.13	01:04:03.249	0.86914	0.86926			6
2025.10.13	01:04:03.559	0.86915	0.86927			6
2025.10.13	01:04:04.382	0.86908	0.86920			6
2025.10.13	01:04:04.883		0.86921			4
2025.10.13	01:04:05.201		0.86923			4
2025.10.13	01:04:05.587	0.86915	0.86929			6
2025.10.13	01:04:06.300	0.86914	0.86928			6
2025.10.13	01:04:07.408	0.86916	0.86930			6
2025.10.13	01:04:07.720	0.86919	0.86931			6
2025.10.13	01:04:11.076	0.86914	0.86928			6
2025.10.13	01:04:11.811	0.86913				2
2025.10.13	01:04:13.156	0.86914				2
2025.10.13	01:04:14.778	0.86913	0.86929			6
2025.10.13	01:04:15.537	0.86919	0.86934			6
2025.10.13	01:04:18.840		0.86933			4
2025.10.13	01:04:20.855	0.86920	0.86931			6
2025.10.13	01:04:21.158	0.86916	0.86929			6
2025.10.13	01:04:21.548	0.86918	0.86931			6
2025.10.13	01:04:22.710		0.86932			4
2025.10.13	01:04:24.460		0.86931			4
2025.10.13	01:04:25.052		0.86932			4
2025.10.13	01:04:26.660	0.86915	0.86927			6
2025.10.13	01:04:27.027		0.86928			4
2025.10.13	01:04:29.234	0.86921	0.86934			6
2025.10.13	01:04:29.649	0.86920	0.86933			6
2025.10.13	01:04:29.958	0.86910	0.86923			6
2025.10.13	01:04:30.267	0.86916	0.86927			6
2025.10.13	01:04:30.578		0.86929			4
2025.10.13	01:04:31.366		0.86930			4
2025.10.13	01:04:31.701	0.86911	0.86926			6
2025.10.13	01:04:32.757	0.86918	0.86930			6
2025.10.13	01:04:34.356		0.86929			4
2025.10.13	01:04:36.326	0.86919	0.86931			6
2025.10.13	01:04:37.748	0.86916	0.86927			6
2025.10.13	01:04:38.646	0.86912	0.86924			6
2025.10.13	01:04:38.965	0.86908	0.86920			6
2025.10.13	01:04:39.274	0.86909	0.86922			6
2025.10.13	01:04:39.578	0.86911	0.86923			6
2025.10.13	01:04:39.889	0.86909				2
2025.10.13	01:04:41.874		0.86921			4
2025.10.13	01:04:44.068	0.86908	0.86920			6
2025.10.13	01:04:46.903	0.86912	0.86922			6
2025.10.13	01:04:47.211		0.86923			4
2025.10.13	01:04:48.062	0.86906	0.86920			6
2025.10.13	01:04:49.459		0.86918			4
2025.10.13	01:04:50.452	0.86909	0.86920			6
2025.10.13	01:04:51.197	0.86905				2
2025.10.13	01:04:51.498		0.86921			4
2025.10.13	01:04:52.437	0.86899	0.86918			6
2025.10.13	01:04:53.450	0.86906				2
2025.10.13	01:04:54.431	0.86901	0.86916			6
2025.10.13	01:04:54.934	0.86903	0.86918			6
2025.10.13	01:04:55.538	0.86899	0.86916			6
2025.10.13	01:04:56.009	0.86901				2
2025.10.13	01:04:56.559		0.86917			4
2025.10.13	01:04:57.120	0.86898	0.86909			6
2025.10.13	01:04:57.439	0.86890	0.86905			6
2025.10.13	01:04:57.756	0.86893	0.86908			6
2025.10.13	01:04:59.156		0.86907			4
2025.10.13	01:05:00.062	0.86893				2
2025.10.13	01:05:00.367	0.86902	0.86914			6
2025.10.13	01:05:00.680	0.86900	0.86912			6
2025.10.13	01:05:02.111	0.86898				2
2025.10.13	01:05:04.258	0.86899				2
2025.10.13	01:05:05.565	0.86900	0.86915			6
2025.10.13	01:05:06.736	0.86903				2
2025.10.13	01:05:07.541	0.86901	0.86912			6
2025.10.13	01:05:08.424		0.86914			4
2025.10.13	01:05:09.943	0.86897	0.86909			6
2025.10.13	01:05:10.635	0.86900	0.86912			6
2025.10.13	01:05:12.495	0.86904	0.86915			6
2025.10.13	01:05:12.836	0.86903	0.86918			6
2025.10.13	01:05:13.139	0.86904	0.86916			6
2025.10.13	01:05:13.460	0.86901	0.86914			6
2025.10.13	01:05:13.782	0.86907	0.86921			6
2025.10.13	01:05:14.151		0.86920			4
2025.10.13	01:05:14.733	0.86906	0.86917			6
2025.10.13	01:05:15.076		0.86919			4
2025.10.13	01:05:15.851		0.86921			4
2025.10.13	01:05:17.744		0.86917			4
2025.10.13	01:05:18.758	0.86902	0.86912			6
2025.10.13	01:05:19.074		0.86917			4
2025.10.13	01:05:19.403		0.86918			4
2025.10.13	01:05:20.047		0.86917			4
2025.10.13	01:05:21.729	0.86903	0.86919			6
2025.10.13	01:05:22.460		0.86918			4
2025.10.13	01:05:23.764		0.86917			4
2025.10.13	01:05:25.447	0.86902				2
2025.10.13	01:05:29.395	0.86899	0.86914			6
2025.10.13	01:05:30.053	0.86898	0.86913			6
2025.10.13	01:05:30.854	0.86903	0.86918			6
2025.10.13	01:05:31.626	0.86907	0.86921			6
2025.10.13	01:05:32.343	0.86904	0.86919			6
2025.10.13	01:05:32.775	0.86909	0.86923			6
2025.10.13	01:05:33.235	0.86911	0.86924			6
2025.10.13	01:05:35.552	0.86910	0.86925			6
2025.10.13	01:05:35.860	0.86912	0.86926			6
2025.10.13	01:05:37.239	0.86915	0.86927			6
2025.10.13	01:05:37.574		0.86929			4
2025.10.13	01:05:37.905	0.86912	0.86927			6
2025.10.13	01:05:40.776	0.86913	0.86925			6
2025.10.13	01:05:41.838	0.86910	0.86924			6
2025.10.13	01:05:43.432		0.86925			4
2025.10.13	01:05:44.649	0.86907	0.86922			6
2025.10.13	01:05:45.934		0.86923			4
2025.10.13	01:05:47.843	0.86906	0.86920			6
2025.10.13	01:05:48.167	0.86909	0.86921			6
2025.10.13	01:05:48.478	0.86913	0.86924			6
2025.10.13	01:05:48.793		0.86927			4
2025.10.13	01:05:50.728	0.86910	0.86926			6
2025.10.13	01:05:51.590		0.86925			4
2025.10.13	01:05:52.183	0.86914	0.86926			6
2025.10.13	01:05:53.909	0.86910	0.86925			6
2025.10.13	01:05:54.789		0.86924			4
2025.10.13	01:05:55.146		0.86925			4
2025.10.13	01:05:58.453	0.86912	0.86926			6
2025.10.13	01:05:59.409	0.86906	0.86920			6
2025.10.13	01:05:59.719		0.86918			4
2025.10.13	01:06:00.022	0.86907	0.86920			6
2025.10.13	01:06:00.601	0.86903	0.86919			6
2025.10.13	01:06:02.347		0.86917			4
2025.10.13	01:06:02.658		0.86915			4
2025.10.13	01:06:03.051	0.86904	0.86916			6
2025.10.13	01:06:03.393	0.86900	0.86914			6
2025.10.13	01:06:04.765	0.86901				2
2025.10.13	01:06:05.607	0.86904	0.86917			6
2025.10.13	01:06:06.050		0.86916			4
2025.10.13	01:06:06.467		0.86917			4
2025.10.13	01:06:07.311	0.86905				2
2025.10.13	01:06:07.698		0.86919			4
2025.10.13	01:06:08.336	0.86903	0.86917			6
2025.10.13	01:06:08.647	0.86902	0.86916			6
2025.10.13	01:06:09.382	0.86905	0.86919			6
2025.10.13	01:06:09.874		0.86920			4
2025.10.13	01:06:10.538	0.86903	0.86921			6
2025.10.13	01:06:10.842	0.86911	0.86924			6
2025.10.13	01:06:11.654	0.86906	0.86917			6
2025.10.13	01:06:11.959	0.86905	0.86916			6
2025.10.13	01:06:12.290		0.86915			4
2025.10.13	01:06:13.155		0.86916			4
2025.10.13	01:06:13.722	0.86904				2
2025.10.13	01:06:14.668	0.86906	0.86917			6
2025.10.13	01:06:16.747		0.86918			4
2025.10.13	01:06:17.242	0.86903	0.86915			6
2025.10.13	01:06:17.678		0.86913			4
2025.10.13	01:06:18.009	0.86904	0.86915			6
2025.10.13	01:06:19.733	0.86905	0.86917			6
2025.10.13	01:06:20.040		0.86918			4
2025.10.13	01:06:20.372	0.86904	0.86917			6
2025.10.13	01:06:20.710	0.86901	0.86914			6
2025.10.13	01:06:21.488	0.86902				2
2025.10.13	01:06:22.108	0.86901				2
2025.10.13	01:06:22.411	0.86899	0.86912			6
2025.10.13	01:06:23.370	0.86896	0.86910			6
2025.10.13	01:06:23.671	0.86898				2
2025.10.13	01:06:24.580	0.86899	0.86911			6
2025.10.13	01:06:24.881		0.86910			4
2025.10.13	01:06:25.339	0.86900				2
2025.10.13	01:06:26.370	0.86899				2
2025.10.13	01:06:26.762	0.86896	0.86909			6
2025.10.13	01:06:27.220	0.86897				2
2025.10.13	01:06:29.370	0.86896				2
2025.10.13	01:06:29.744	0.86888	0.86901			6
2025.10.13	01:06:30.055		0.86900			4
2025.10.13	01:06:30.461		0.86903			4
2025.10.13	01:06:32.697	0.86890	0.86902			6
2025.10.13	01:06:33.054	0.86889				2
2025.10.13	01:06:33.539	0.86890				2
2025.10.13	01:06:33.953	0.86889				2
2025.10.13	01:06:37.559	0.86891	0.86904			6
2025.10.13	01:06:38.474	0.86892				2
2025.10.13	01:06:38.821	0.86891	0.86905			6
2025.10.13	01:06:39.232	0.86892	0.86906			6
2025.10.13	01:06:41.286	0.86893				2
2025.10.13	01:06:41.612		0.86908			4
2025.10.13	01:06:41.918	0.86894	0.86907			6
2025.10.13	01:06:42.258		0.86908			4
2025.10.13	01:06:44.948	0.86895				2
2025.10.13	01:06:45.585	0.86894				2
2025.10.13	01:06:46.147	0.86895				2
2025.10.13	01:06:48.372	0.86894	0.86907			6
2025.10.13	01:06:52.619	0.86896	0.86908			6
2025.10.13	01:06:53.040	0.86899	0.86911			6
2025.10.13	01:06:53.358		0.86912			4
2025.10.13	01:06:55.834	0.86902	0.86914			6
2025.10.13	01:06:56.224		0.86913			4
2025.10.13	01:06:58.447		0.86914			4
2025.10.13	01:06:58.790		0.86913			4
2025.10.13	01:06:59.160	0.86900	0.86911			6
2025.10.13	01:07:00.341	0.86901	0.86912			6
2025.10.13	01:07:00.661		0.86913			4
2025.10.13	01:07:01.182	0.86899	0.86911			6
2025.10.13	01:07:01.835	0.86900	0.86912			6
2025.10.13	01:07:04.115	0.86901	0.86913			6
2025.10.13	01:07:04.692	0.86900	0.86912			6
2025.10.13	01:07:06.338	0.86904	0.86915			6
2025.10.13	01:07:08.348		0.86916			4
2025.10.13	01:07:08.894	0.86905				2
2025.10.13	01:07:10.514	0.86904				2
2025.10.13	01:07:13.739	0.86901	0.86914			6
2025.10.13	01:07:14.279		0.86912			4
2025.10.13	01:07:16.342	0.86898				2
2025.10.13	01:07:16.659	0.86901				2
2025.10.13	01:07:19.107	0.86903	0.86916			6
2025.10.13	01:07:19.420		0.86915			4
2025.10.13	01:07:19.843	0.86888	0.86902			6
2025.10.13	01:07:20.159		0.86901			4
2025.10.13	01:07:21.172	0.86894	0.86905			6
2025.10.13	01:07:21.632		0.86907			4
2025.10.13	01:07:22.877	0.86895	0.86909			6
2025.10.13	01:07:25.128	0.86897				2
2025.10.13	01:07:25.761	0.86899	0.86910			6
2025.10.13	01:07:26.067	0.86901	0.86912			6
2025.10.13	01:07:26.686	0.86898	0.86910			6
2025.10.13	01:07:28.251	0.86904	0.86915			6
2025.10.13	01:07:28.570		0.86916			4
2025.10.13	01:07:28.962	0.86903				2
2025.10.13	01:07:29.308		0.86915			4
2025.10.13	01:07:30.039		0.86916			4
2025.10.13	01:07:30.359		0.86912			4
2025.10.13	01:07:31.968	0.86899	0.86910			6
2025.10.13	01:07:32.312		0.86912			4
2025.10.13	01:07:32.621		0.86913			4
2025.10.13	01:07:33.001		0.86911			4
2025.10.13	01:07:34.982	0.86898	0.86912			6
2025.10.13	01:07:35.777	0.86899				2
2025.10.13	01:07:37.917	0.86892	0.86904			6
2025.10.13	01:07:41.364		0.86905			4
2025.10.13	01:07:41.940		0.86904			4
2025.10.13	01:07:42.261		0.86905			4
2025.10.13	01:07:43.969		0.86906			4
2025.10.13	01:07:45.378	0.86891	0.86905			6
2025.10.13	01:07:47.089		0.86906			4
2025.10.13	01:07:52.296	0.86893	0.86904			6
2025.10.13	01:07:53.388	0.86892				2
2025.10.13	01:07:54.093		0.86903			4
2025.10.13	01:07:55.569		0.86904			4
2025.10.13	01:07:56.503	0.86893	0.86905			6
2025.10.13	01:07:57.970	0.86891	0.86903			6
2025.10.13	01:08:00.996	0.86890				2
2025.10.13	01:08:03.196	0.86891	0.86902			6
2025.10.13	01:08:04.016	0.86890	0.86903			6
2025.10.13	01:08:05.348	0.86892	0.86906			6
2025.10.13	01:08:05.657	0.86895	0.86907			6
2025.10.13	01:08:07.021	0.86892	0.86905			6
2025.10.13	01:08:07.376		0.86904			4
2025.10.13	01:08:08.753	0.86891	0.86903			6
2025.10.13	01:08:09.518	0.86890	0.86904			6
2025.10.13	01:08:10.036	0.86891	0.86903			6
2025.10.13	01:08:10.349		0.86904			4
2025.10.13	01:08:10.658	0.86895	0.86908			6
2025.10.13	01:08:11.045		0.86907			4
2025.10.13	01:08:13.049	0.86892	0.86904			6
2025.10.13	01:08:14.184	0.86895	0.86906			6
2025.10.13	01:08:14.945	0.86894	0.86905			6
2025.10.13	01:08:16.065	0.86897	0.86909			6
2025.10.13	01:08:16.418		0.86908			4
2025.10.13	01:08:18.926	0.86895	0.86907			6
2025.10.13	01:08:19.335	0.86896	0.86908			6
2025.10.13	01:08:22.747		0.86907			4
2025.10.13	01:08:24.437		0.86909			4
2025.10.13	01:08:25.187	0.86904	0.86915			6
2025.10.13	01:08:25.500		0.86916			4
2025.10.13	01:08:25.816	0.86900	0.86915			6
2025.10.13	01:08:33.315	0.86908	0.86921			6
2025.10.13	01:08:34.319		0.86920			4
2025.10.13	01:08:36.562	0.86906	0.86918			6
2025.10.13	01:08:36.953	0.86907				2
2025.10.13	01:08:39.864	0.86906				2
2025.10.13	01:08:40.284	0.86907	0.86919			6
2025.10.13	01:08:41.011	0.86909				2
2025.10.13	01:08:47.774	0.86904	0.86918			6
2025.10.13	01:08:48.077	0.86905				2
2025.10.13	01:08:48.643	0.86906	0.86921			6
2025.10.13	01:08:50.744		0.86920			4
2025.10.13	01:08:51.156	0.86908	0.86919			6
2025.10.13	01:08:51.457	0.86907	0.86921			6
2025.10.13	01:08:51.780	0.86908	0.86922			6
2025.10.13	01:08:52.103	0.86907				2
2025.10.13	01:08:52.420	0.86905	0.86921			6
2025.10.13	01:08:52.962	0.86906	0.86919			6
2025.10.13	01:08:53.609	0.86904				2
2025.10.13	01:08:53.919		0.86920			4
2025.10.13	01:08:54.872	0.86906	0.86921			6
2025.10.13	01:08:55.720	0.86902	0.86916			6
2025.10.13	01:08:56.698		0.86918			4
2025.10.13	01:08:57.062		0.86917			4
2025.10.13	01:08:57.379	0.86907	0.86922			6
2025.10.13	01:08:57.688	0.86908				2
2025.10.13	01:08:58.349	0.86907	0.86921			6
2025.10.13	01:08:58.734		0.86922			4
2025.10.13	01:08:59.045		0.86921			4
2025.10.13	01:08:59.839		0.86920			4
2025.10.13	01:09:00.146	0.86907				2
2025.10.13	01:09:00.544	0.86908				2
2025.10.13	01:09:01.454	0.86907				2
2025.10.13	01:09:02.231	0.86912	0.86924			6
2025.10.13	01:09:04.748		0.86925			4
2025.10.13	01:09:05.193		0.86923			4
2025.10.13	01:09:05.513	0.86910	0.86924			6
2025.10.13	01:09:05.906	0.86915	0.86925			6
2025.10.13	01:09:06.218	0.86918	0.86927			6
2025.10.13	01:09:07.050	0.86919	0.86930			6
2025.10.13	01:09:07.699	0.86912	0.86925			6
2025.10.13	01:09:08.200	0.86913				2
2025.10.13	01:09:09.248	0.86914				2
2025.10.13	01:09:10.348	0.86912				2
2025.10.13	01:09:10.739	0.86913				2
2025.10.13	01:09:11.768	0.86909	0.86920			6
2025.10.13	01:09:12.077	0.86907	0.86918			6
2025.10.13	01:09:12.388	0.86908	0.86920			6
2025.10.13	01:09:12.821	0.86909				2
2025.10.13	01:09:14.792	0.86905	0.86915			6
2025.10.13	01:09:16.314	0.86902	0.86913			6
2025.10.13	01:09:16.676	0.86904	0.86915			6
2025.10.13	01:09:17.002	0.86906	0.86917			6
2025.10.13	01:09:17.352	0.86907				2
2025.10.13	01:09:18.359	0.86906	0.86920			6
2025.10.13	01:09:19.063	0.86909				2
2025.10.13	01:09:19.378	0.86907	0.86919			6
2025.10.13	01:09:19.704		0.86920			4
2025.10.13	01:09:20.018	0.86905	0.86917			6
2025.10.13	01:09:21.842	0.86909	0.86920			6
2025.10.13	01:09:22.232	0.86905	0.86916			6
2025.10.13	01:09:22.914		0.86917			4
2025.10.13	01:09:25.075	0.86912	0.86924			6
2025.10.13	01:09:26.730	0.86908	0.86922			6
2025.10.13	01:09:27.812	0.86905	0.86918			6
2025.10.13	01:09:28.561	0.86906	0.86920			6
2025.10.13	01:09:28.927	0.86905				2
2025.10.13	01:09:29.448		0.86919			4
2025.10.13	01:09:29.778	0.86906				2
2025.10.13	01:09:30.099		0.86920			4
2025.10.13	01:09:30.401		0.86922			4
2025.10.13	01:09:30.932	0.86910				2
2025.10.13	01:09:31.320	0.86909	0.86921			6
2025.10.13	01:09:31.641	0.86906	0.86919			6
2025.10.13	01:09:31.947		0.86918			4
2025.10.13	01:09:32.329		0.86919			4
2025.10.13	01:09:33.815		0.86918			4
2025.10.13	01:09:34.330	0.86903	0.86917			6
2025.10.13	01:09:35.297	0.86900	0.86915			6
2025.10.13	01:09:35.983	0.86899	0.86914			6
2025.10.13	01:09:37.628		0.86915			4
2025.10.13	01:09:40.740	0.86903	0.86916			6
2025.10.13	01:09:41.841	0.86902	0.86915			6
2025.10.13	01:09:42.264	0.86903	0.86916			6
2025.10.13	01:09:42.627	0.86906	0.86919			6
2025.10.13	01:09:43.043		0.86920			4
2025.10.13	01:09:45.850	0.86904	0.86917			6
2025.10.13	01:09:46.264	0.86901	0.86916			6
2025.10.13	01:09:48.876	0.86903	0.86917			6
2025.10.13	01:09:49.611	0.86900				2
2025.10.13	01:09:50.254	0.86902	0.86916			6
2025.10.13	01:09:53.652	0.86903	0.86917			6
2025.10.13	01:09:53.976	0.86904				2
2025.10.13	01:09:54.581	0.86903				2
2025.10.13	01:09:55.455	0.86904				2
2025.10.13	01:09:57.409	0.86903	0.86916			6
2025.10.13	01:09:59.426	0.86902				2
2025.10.13	01:09:59.823	0.86903	0.86917			6
2025.10.13	01:10:00.342	0.86903				2
2025.10.13	01:10:00.652	0.86902	0.86916			6
2025.10.13	01:10:01.439	0.86905	0.86918			6
2025.10.13	01:10:04.162	0.86904	0.86917			6
2025.10.13	01:10:04.507		0.86916			4
2025.10.13	01:10:04.814	0.86905	0.86917			6
2025.10.13	01:10:05.720	0.86906	0.86918			6
2025.10.13	01:10:06.031	0.86905				2
2025.10.13	01:10:07.556	0.86904	0.86917			6
2025.10.13	01:10:08.187	0.86905	0.86916			6
2025.10.13	01:10:09.315	0.86900	0.86914			6
2025.10.13	01:10:11.542	0.86903	0.86916			6
2025.10.13	01:10:23.260	0.86905				2
2025.10.13	01:10:23.965	0.86902	0.86915			6
2025.10.13	01:10:25.362	0.86903	0.86916			6
2025.10.13	01:10:26.921		0.86915			4
2025.10.13	01:10:31.183	0.86904	0.86916			6
2025.10.13	01:10:35.504	0.86902	0.86915			6
2025.10.13	01:10:35.938	0.86903	0.86916			6
2025.10.13	01:10:38.155	0.86906				2
2025.10.13	01:10:41.177		0.86919			4
2025.10.13	01:10:41.842		0.86918			4
2025.10.13	01:10:44.355		0.86917			4
2025.10.13	01:10:46.996	0.86904	0.86918			6
2025.10.13	01:10:49.340	0.86901	0.86916			6
2025.10.13	01:10:52.099	0.86902				2
2025.10.13	01:10:57.248	0.86903	0.86915			6
2025.10.13	01:10:59.744	0.86906	0.86920			6
2025.10.13	01:11:00.321	0.86906				2
2025.10.13	01:11:01.679	0.86907				2
2025.10.13	01:11:03.073	0.86908				2
2025.10.13	01:11:04.312	0.86912	0.86926			6
2025.10.13	01:11:05.195	0.86907	0.86919			6
2025.10.13	01:11:05.667		0.86920			4
2025.10.13	01:11:05.979		0.86922			4
2025.10.13	01:11:10.270		0.86921			4
2025.10.13	01:11:10.770		0.86922			4
2025.10.13	01:11:11.820	0.86908	0.86921			6
2025.10.13	01:11:15.848	0.86907	0.86922			6
2025.10.13	01:11:16.209	0.86903	0.86918			6
2025.10.13	01:11:16.572	0.86904	0.86919			6
2025.10.13	01:11:21.409	0.86901	0.86916			6
2025.10.13	01:11:21.906		0.86917			4
2025.10.13	01:11:22.662	0.86904	0.86919			6
2025.10.13	01:11:24.052	0.86903	0.86917			6
2025.10.13	01:11:27.112	0.86905	0.86919			6
2025.10.13	01:11:28.991	0.86904	0.86917			6
2025.10.13	01:11:31.720	0.86906	0.86918			6
2025.10.13	01:11:32.044	0.86907	0.86917			6
2025.10.13	01:11:32.895	0.86905				2
2025.10.13	01:11:34.275	0.86906	0.86918			6
2025.10.13	01:11:36.737	0.86904				2
2025.10.13	01:11:40.677		0.86916			4
2025.10.13	01:11:41.410	0.86903	0.86915			6
2025.10.13	01:11:42.151	0.86904				2
2025.10.13	01:11:42.805	0.86899	0.86914			6
2025.10.13	01:11:43.119	0.86898	0.86913			6
2025.10.13	01:11:43.526		0.86912			4
2025.10.13	01:11:44.910	0.86902	0.86913			6
2025.10.13	01:11:46.347	0.86913	0.86921			6
2025.10.13	01:11:46.653	0.86911	0.86922			6
2025.10.13	01:11:48.016		0.86921			4
2025.10.13	01:11:48.345	0.86909				2
2025.10.13	01:11:48.658	0.86910				2
2025.10.13	01:11:48.977	0.86912				2
2025.10.13	01:11:49.877	0.86910	0.86920			6
2025.10.13	01:11:50.487	0.86911				2
2025.10.13	01:11:51.955	0.86912	0.86921			6
2025.10.13	01:11:52.344	0.86911				2
2025.10.13	01:11:53.110	0.86910				2
2025.10.13	01:11:54.024	0.86911	0.86920			6
2025.10.13	01:11:54.468	0.86915	0.86924			6
2025.10.13	01:11:55.605		0.86923			4
2025.10.13	01:11:55.990		0.86924			4
2025.10.13	01:11:56.751	0.86916	0.86923			6
2025.10.13	01:11:57.344	0.86915	0.86922			6
2025.10.13	01:11:57.663	0.86911				2
2025.10.13	01:11:58.437	0.86912				2
2025.10.13	01:12:00.283	0.86913	0.86921			6
2025.10.13	01:12:00.709		0.86922			4
2025.10.13	01:12:01.647	0.86914	0.86923			6
2025.10.13	01:12:01.958	0.86906	0.86917			6
2025.10.13	01:12:02.261	0.86905				2
2025.10.13	01:12:03.705	0.86911	0.86919			6
2025.10.13	01:12:05.244	0.86907	0.86918			6
2025.10.13	01:12:05.715	0.86909				2
2025.10.13	01:12:07.616	0.86907				2
2025.10.13	01:12:07.954	0.86908				2
2025.10.13	01:12:10.524	0.86910				2
2025.10.13	01:12:11.949	0.86909				2
2025.10.13	01:12:12.322	0.86907				2
2025.10.13	01:12:13.792	0.86909	0.86919			6
2025.10.13	01:12:14.825	0.86912				2
2025.10.13	01:12:16.438	0.86910				2
2025.10.13	01:12:17.087	0.86911				2
2025.10.13	01:12:17.400	0.86910				2
2025.10.13	01:12:21.029	0.86908				2
2025.10.13	01:12:21.339	0.86907	0.86917			6
2025.10.13	01:12:21.775	0.86908				2
2025.10.13	01:12:24.643	0.86909	0.86919			6
2025.10.13	01:12:25.146	0.86910				2
2025.10.13	01:12:28.676		0.86918			4
2025.10.13	01:12:30.955	0.86909				2
2025.10.13	01:12:31.578		0.86917			4
2025.10.13	01:12:33.841	0.86908	0.86916			6
2025.10.13	01:12:34.236		0.86918			4
2025.10.13	01:12:35.211	0.86909				2
2025.10.13	01:12:35.720	0.86908				2
2025.10.13	01:12:36.836	0.86909	0.86919			6
2025.10.13	01:12:39.207	0.86910	0.86918			6
2025.10.13	01:12:40.665	0.86908				2
2025.10.13	01:12:43.447		0.86915			4
2025.10.13	01:12:44.118		0.86916			4
2025.10.13	01:12:44.488	0.86907	0.86917			6
2025.10.13	01:12:45.167		0.86915			4
2025.10.13	01:12:45.479	0.86906	0.86917			6
2025.10.13	01:12:46.146	0.86907				2
2025.10.13	01:12:46.612		0.86916			4
2025.10.13	01:12:47.323	0.86906				2
2025.10.13	01:12:47.629		0.86917			4
2025.10.13	01:12:47.964	0.86905	0.86916			6
2025.10.13	01:12:50.117	0.86908				2
2025.10.13	01:12:50.953		0.86918			4
2025.10.13	01:12:51.389		0.86917			4
2025.10.13	01:12:51.798		0.86918			4
2025.10.13	01:12:52.370	0.86907				2
2025.10.13	01:12:57.298	0.86906	0.86915			6
2025.10.13	01:12:57.666		0.86917			4
2025.10.13	01:12:58.274	0.86904	0.86915			6
2025.10.13	01:12:58.580		0.86916			4
2025.10.13	01:12:59.149	0.86905	0.86915			6
2025.10.13	01:12:59.557		0.86916			4
2025.10.13	01:12:59.895	0.86906				2
2025.10.13	01:13:00.230	0.86906				2
2025.10.13	01:13:00.567	0.86904				2
2025.10.13	01:13:00.878	0.86903				2
2025.10.13	01:13:01.186		0.86915			4
2025.10.13	01:13:01.586		0.86914			4
2025.10.13	01:13:02.901		0.86916			4
2025.10.13	01:13:04.732		0.86913			4
2025.10.13	01:13:05.646	0.86904	0.86916			6
2025.10.13	01:13:07.999		0.86914			4
2025.10.13	01:13:10.147	0.86906	0.86915			6
2025.10.13	01:13:10.531	0.86905	0.86914			6
2025.10.13	01:13:16.824	0.86907				2
2025.10.13	01:13:17.142		0.86915			4
2025.10.13	01:13:21.068	0.86908	0.86914			6
2025.10.13	01:13:21.382		0.86916			4
2025.10.13	01:13:30.523	0.86909				2
2025.10.13	01:13:30.839	0.86906	0.86914			6
2025.10.13	01:13:31.171	0.86908	0.86915			6
2025.10.13	01:13:33.272	0.86906				2
2025.10.13	01:13:33.802		0.86916			4
2025.10.13	01:13:35.108		0.86915			4
2025.10.13	01:13:35.949	0.86905	0.86916			6
2025.10.13	01:13:38.290	0.86906				2
2025.10.13	01:13:39.332		0.86915			4
2025.10.13	01:13:40.375		0.86914			4
2025.10.13	01:13:42.349	0.86904				2
2025.10.13	01:13:43.506		0.86912			4
2025.10.13	01:13:44.507	0.86905	0.86913			6
2025.10.13	01:13:46.494	0.86904	0.86915			6
2025.10.13	01:13:47.512	0.86906	0.86914			6
2025.10.13	01:13:49.283	0.86903	0.86912			6
2025.10.13	01:13:49.627		0.86914			4
2025.10.13	01:13:51.717		0.86913			4
2025.10.13	01:13:52.029		0.86911			4
2025.10.13	01:14:00.272	0.86903	0.86910			6
2025.10.13	01:14:00.632	0.86901				2
2025.10.13	01:14:02.948	0.86905	0.86913			6
2025.10.13	01:14:03.396		0.86912			4
2025.10.13	01:14:07.448		0.86913			4
2025.10.13	01:14:09.436		0.86916			4
2025.10.13	01:14:09.975		0.86913			4
2025.10.13	01:14:10.305	0.86902	0.86911			6
2025.10.13	01:14:10.656	0.86903				2
2025.10.13	01:14:11.374		0.86913			4
2025.10.13	01:14:12.840		0.86911			4
2025.10.13	01:14:13.369	0.86902				2
2025.10.13	01:14:13.855	0.86903	0.86913			6
2025.10.13	01:14:17.027	0.86902	0.86912			6
2025.10.13	01:14:17.339	0.86903	0.86911			6
2025.10.13	01:14:19.501		0.86912			4
2025.10.13	01:14:20.420	0.86901	0.86911			6
2025.10.13	01:14:25.592		0.86910			4
2025.10.13	01:14:28.098	0.86900	0.86907			6
2025.10.13	01:14:29.611	0.86898	0.86906			6
2025.10.13	01:14:31.785	0.86895	0.86903			6
2025.10.13	01:14:32.930	0.86897	0.86904			6
2025.10.13	01:14:33.508	0.86899	0.86906			6
2025.10.13	01:14:34.794	0.86896	0.86903			6
2025.10.13	01:14:35.141		0.86904			4
2025.10.13	01:14:35.740		0.86905			4
2025.10.13	01:14:36.136	0.86897				2
2025.10.13	01:14:37.060	0.86899	0.86907			6
2025.10.13	01:14:39.292		0.86910			4
2025.10.13	01:14:40.542		0.86909			4
2025.10.13	01:14:41.895		0.86907			4
2025.10.13	01:14:42.415	0.86897	0.86906			6
2025.10.13	01:14:42.742	0.86898				2
2025.10.13	01:14:44.299	0.86897	0.86905			6
2025.10.13	01:14:46.223		0.86907			4
2025.10.13	01:14:47.046	0.86894	0.86904			6
2025.10.13	01:14:47.912	0.86895	0.86903			6
2025.10.13	01:14:51.814	0.86896				2
2025.10.13	01:14:52.637	0.86897	0.86909			6
2025.10.13	01:14:56.569		0.86908			4
2025.10.13	01:14:57.186	0.86898	0.86906			6
2025.10.13	01:14:57.877		0.86908			4
2025.10.13	01:14:58.521		0.86906			4
2025.10.13	01:14:59.181		0.86908			4
2025.10.13	01:14:59.913	0.86897	0.86907			6
2025.10.13	01:15:00.311	0.86901				2
2025.10.13	01:15:02.073	0.86899	0.86906			6
2025.10.13	01:15:04.440		0.86905			4
2025.10.13	01:15:07.638	0.86901				2
2025.10.13	01:15:08.773		0.86907			4
2025.10.13	01:15:10.046		0.86906			4
2025.10.13	01:15:10.376		0.86905			4
2025.10.13	01:15:11.452	0.86899				2
2025.10.13	01:15:11.761		0.86906			4
2025.10.13	01:15:12.079	0.86897	0.86905			6
2025.10.13	01:15:13.688		0.86904			4
2025.10.13	01:15:13.998	0.86898	0.86906			6
2025.10.13	01:15:14.746	0.86900				2
2025.10.13	01:15:15.090	0.86898				2
2025.10.13	01:15:15.399	0.86900				2
2025.10.13	01:15:15.718	0.86897	0.86905			6
2025.10.13	01:15:16.903	0.86898				2
2025.10.13	01:15:17.785	0.86902	0.86906			6
2025.10.13	01:15:18.348	0.86901	0.86905			6
2025.10.13	01:15:19.254	0.86902	0.86906			6
2025.10.13	01:15:19.640	0.86901				2
2025.10.13	01:15:19.959	0.86902	0.86905			6
2025.10.13	01:15:20.261		0.86906			4
2025.10.13	01:15:22.047		0.86905			4
2025.10.13	01:15:23.679	0.86899	0.86907			6
2025.10.13	01:15:23.982	0.86903				2
2025.10.13	01:15:24.331		0.86908			4
2025.10.13	01:15:24.812	0.86905	0.86912			6
2025.10.13	01:15:25.423		0.86911			4
2025.10.13	01:15:26.188	0.86902	0.86908			6
2025.10.13	01:15:26.512	0.86903				2
2025.10.13	01:15:26.820	0.86899	0.86906			6
2025.10.13	01:15:28.627		0.86907			4
2025.10.13	01:15:29.566	0.86900	0.86906			6
2025.10.13	01:15:31.334	0.86901	0.86907			6
2025.10.13	01:15:32.401	0.86903				2
2025.10.13	01:15:32.719	0.86905	0.86908			6
2025.10.13	01:15:33.038		0.86911			4
2025.10.13	01:15:34.608	0.86901	0.86907			6
2025.10.13	01:15:34.956	0.86900	0.86908			6
2025.10.13	01:15:35.260		0.86907			4
2025.10.13	01:15:35.878		0.86908			4
2025.10.13	01:15:36.246		0.86907			4
2025.10.13	01:15:36.797		0.86908			4
2025.10.13	01:15:37.453	0.86902	0.86907			6
2025.10.13	01:15:37.759	0.86901				2
2025.10.13	01:15:38.743	0.86902	0.86909			6
2025.10.13	01:15:40.038		0.86910			4
2025.10.13	01:15:40.506	0.86901				2
2025.10.13	01:15:40.862	0.86900	0.86907			6
2025.10.13	01:15:41.239	0.86901				2
2025.10.13	01:15:42.376		0.86909			4
2025.10.13	01:15:43.540		0.86907			4
2025.10.13	01:15:43.981	0.86900	0.86908			6
2025.10.13	01:15:44.431	0.86901				2
2025.10.13	01:15:46.610	0.86903	0.86907			6
2025.10.13	01:15:47.116		0.86908			4
2025.10.13	01:15:47.627	0.86901	0.86907			6
2025.10.13	01:15:48.259	0.86898				2
2025.10.13	01:15:49.017	0.86901	0.86910			6
2025.10.13	01:15:49.328		0.86908			4
2025.10.13	01:15:50.007	0.86903	0.86912			6
2025.10.13	01:15:50.350		0.86909			4
2025.10.13	01:15:50.659	0.86906	0.86913			6
2025.10.13	01:15:50.966	0.86908	0.86912			6
2025.10.13	01:15:51.626		0.86914			4
2025.10.13	01:15:51.950		0.86915			4
2025.10.13	01:15:52.346	0.86907	0.86913			6
2025.10.13	01:15:53.541	0.86911	0.86916			6
2025.10.13	01:15:53.869	0.86912				2
2025.10.13	01:15:54.779	0.86911	0.86914			6
2025.10.13	01:15:55.174	0.86909				2
2025.10.13	01:15:55.800		0.86915			4
2025.10.13	01:15:56.801		0.86914			4
2025.10.13	01:15:57.122		0.86915			4
2025.10.13	01:15:57.806	0.86908	0.86916			6
2025.10.13	01:15:58.313	0.86909				2
2025.10.13	01:15:58.844	0.86910				2
2025.10.13	01:16:00.622	0.86909				2
2025.10.13	01:16:01.470	0.86910				2
2025.10.13	01:16:02.810	0.86911	0.86917			6
2025.10.13	01:16:03.140	0.86910	0.86918			6
2025.10.13	01:16:03.444	0.86909				2
2025.10.13	01:16:03.871	0.86910	0.86917			6
2025.10.13	01:16:05.033		0.86918			4
2025.10.13	01:16:05.940		0.86917			4
2025.10.13	01:16:06.331	0.86913	0.86920			6
2025.10.13	01:16:06.640	0.86912	0.86919			6
2025.10.13	01:16:08.392	0.86914	0.86920			6
2025.10.13	01:16:08.698		0.86921			4
2025.10.13	01:16:10.561	0.86913	0.86922			6
2025.10.13	01:16:10.953	0.86912	0.86920			6
2025.10.13	01:16:11.257	0.86913	0.86921			6
2025.10.13	01:16:11.628	0.86912	0.86920			6
2025.10.13	01:16:11.952	0.86910	0.86919			6
2025.10.13	01:16:12.261	0.86911				2
2025.10.13	01:16:12.658	0.86914	0.86920			6
2025.10.13	01:16:13.228		0.86921			4
2025.10.13	01:16:13.635	0.86913	0.86925			6
2025.10.13	01:16:13.945	0.86915	0.86923			6
2025.10.13	01:16:15.013	0.86912	0.86921			6
2025.10.13	01:16:15.327	0.86914	0.86922			6
2025.10.13	01:16:17.372	0.86915				2
2025.10.13	01:16:18.436	0.86916	0.86924			6
2025.10.13	01:16:18.846	0.86915	0.86922			6
2025.10.13	01:16:21.903	0.86909	0.86917			6
2025.10.13	01:16:23.030		0.86919			4
2025.10.13	01:16:23.342		0.86917			4
2025.10.13	01:16:23.775	0.86908	0.86915			6
2025.10.13	01:16:25.115		0.86916			4
2025.10.13	01:16:25.462	0.86910	0.86917			6
2025.10.13	01:16:25.927	0.86907	0.86916			6
2025.10.13	01:16:26.946	0.86908				2
2025.10.13	01:16:27.909	0.86907				2
2025.10.13	01:16:28.674	0.86908				2
2025.10.13	01:16:29.151	0.86909	0.86918			6
2025.10.13	01:16:30.251	0.86910	0.86917			6
2025.10.13	01:16:30.558	0.86909				2
2025.10.13	01:16:30.987	0.86908				2
2025.10.13	01:16:31.520	0.86910				2
2025.10.13	01:16:33.082	0.86908	0.86918			6
2025.10.13	01:16:33.399		0.86916			4
2025.10.13	01:16:34.741	0.86909				2
2025.10.13	01:16:35.044		0.86917			4
2025.10.13	01:16:35.962	0.86910	0.86916			6
2025.10.13	01:16:37.782		0.86918			4
2025.10.13	01:16:38.178		0.86921			4
2025.10.13	01:16:38.490		0.86920			4
2025.10.13	01:16:39.230	0.86911				2
2025.10.13	01:16:39.876	0.86913	0.86919			6
2025.10.13	01:16:40.179	0.86912	0.86920			6
2025.10.13	01:16:40.556	0.86913				2
2025.10.13	01:16:43.478	0.86914	0.86924			6
2025.10.13	01:16:44.467		0.86923			4
2025.10.13	01:16:45.363		0.86924			4
2025.10.13	01:16:46.324		0.86925			4
2025.10.13	01:16:46.939	0.86915	0.86924			6
2025.10.13	01:16:47.383	0.86914	0.86923			6
2025.10.13	01:16:48.516		0.86922			4
2025.10.13	01:16:49.523	0.86912	0.86921			6
2025.10.13	01:16:49.839	0.86915	0.86923			6
2025.10.13	01:16:50.355	0.86914	0.86921			6
2025.10.13	01:16:52.832	0.86913				2
2025.10.13	01:16:53.252		0.86920			4
2025.10.13	01:16:55.015	0.86914	0.86921			6
2025.10.13	01:16:55.705		0.86922			4
2025.10.13	01:16:57.117		0.86921			4
2025.10.13	01:16:58.242	0.86913				2
2025.10.13	01:16:59.903	0.86912				2
2025.10.13	01:17:00.425	0.86912				2
2025.10.13	01:17:00.738		0.86920			4
2025.10.13	01:17:01.069	0.86910	0.86918			6
2025.10.13	01:17:01.547	0.86911				2
2025.10.13	01:17:01.897	0.86910				2
2025.10.13	01:17:03.606	0.86911	0.86919			6
2025.10.13	01:17:04.723	0.86912				2
2025.10.13	01:17:06.810	0.86906	0.86912			6
2025.10.13	01:17:07.120	0.86905	0.86915			6
2025.10.13	01:17:07.535	0.86906	0.86913			6
2025.10.13	01:17:07.839	0.86905	0.86912			6
2025.10.13	01:17:09.848		0.86911			4
2025.10.13	01:17:11.948		0.86912			4
2025.10.13	01:17:12.963	0.86904				2
2025.10.13	01:17:14.126	0.86903				2
2025.10.13	01:17:14.720	0.86902	0.86910			6
2025.10.13	01:17:15.748	0.86904				2
2025.10.13	01:17:17.094	0.86901				2
2025.10.13	01:17:17.756	0.86902	0.86913			6
2025.10.13	01:17:18.787		0.86912			4
2025.10.13	01:17:20.308		0.86911			4
2025.10.13	01:17:20.618	0.86901	0.86913			6
2025.10.13	01:17:20.934	0.86903				2
2025.10.13	01:17:21.239	0.86904				2
2025.10.13	01:17:21.641		0.86912			4
2025.10.13	01:17:22.815		0.86910			4
2025.10.13	01:17:23.118	0.86903	0.86914			6
2025.10.13	01:17:24.136	0.86905	0.86912			6
2025.10.13	01:17:24.437	0.86902				2
2025.10.13	01:17:24.754	0.86901	0.86913			6
2025.10.13	01:17:25.060		0.86912			4
2025.10.13	01:17:25.494	0.86903	0.86909			6
2025.10.13	01:17:25.807		0.86910			4
2025.10.13	01:17:26.154	0.86902				2
2025.10.13	01:17:26.706	0.86903				2
2025.10.13	01:17:27.076	0.86902	0.86909			6
2025.10.13	01:17:27.833	0.86904	0.86912			6
2025.10.13	01:17:28.259	0.86905				2
2025.10.13	01:17:28.774	0.86904				2
2025.10.13	01:17:29.697	0.86903	0.86911			6
2025.10.13	01:17:30.084	0.86905	0.86912			6
2025.10.13	01:17:30.963		0.86911			4
2025.10.13	01:17:31.868	0.86904	0.86912			6
2025.10.13	01:17:32.625	0.86905	0.86913			6
2025.10.13	01:17:32.966	0.86904	0.86912			6
2025.10.13	01:17:33.621	0.86902	0.86911			6
2025.10.13	01:17:34.431		0.86912			4
2025.10.13	01:17:34.736		0.86910			4
2025.10.13	01:17:35.494		0.86911			4
2025.10.13	01:17:35.798		0.86912			4
2025.10.13	01:17:36.177		0.86911			4
2025.10.13	01:17:36.641		0.86912			4
2025.10.13	01:17:37.057		0.86911			4
2025.10.13	01:17:37.786		0.86912			4
2025.10.13	01:17:38.160		0.86910			4
2025.10.13	01:17:38.669	0.86901	0.86908			6
2025.10.13	01:17:39.121	0.86902	0.86909			6
2025.10.13	01:17:39.764	0.86901	0.86908			6
2025.10.13	01:17:40.117		0.86907			4
2025.10.13	01:17:40.591	0.86902	0.86909			6
2025.10.13	01:17:44.209	0.86901				2
2025.10.13	01:17:45.890	0.86902				2
2025.10.13	01:17:46.265		0.86910			4
2025.10.13	01:17:47.038		0.86908			4
2025.10.13	01:17:48.793		0.86912			4
2025.10.13	01:17:49.300	0.86903	0.86911			6
2025.10.13	01:17:50.126	0.86905	0.86912			6
2025.10.13	01:17:53.691	0.86904	0.86911			6
2025.10.13	01:17:54.469	0.86903				2
2025.10.13	01:17:56.690	0.86905	0.86912			6
2025.10.13	01:17:56.991	0.86903	0.86911			6
2025.10.13	01:17:58.314		0.86910			4
2025.10.13	01:17:58.977		0.86909			4
2025.10.13	01:18:00.034	0.86904	0.86910			6
2025.10.13	01:18:00.410	0.86903	0.86911			6
2025.10.13	01:18:01.410	0.86902	0.86910			6
2025.10.13	01:18:02.504	0.86901	0.86911			6
2025.10.13	01:18:02.853	0.86904				2
2025.10.13	01:18:03.498		0.86913			4
2025.10.13	01:18:03.815	0.86905	0.86912			6
2025.10.13	01:18:04.899	0.86906	0.86914			6
2025.10.13	01:18:06.070		0.86912			4
2025.10.13	01:18:08.348	0.86905	0.86913			6
2025.10.13	01:18:08.768	0.86903				2
2025.10.13	01:18:09.137	0.86904				2
2025.10.13	01:18:09.461	0.86903				2
2025.10.13	01:18:10.745	0.86905				2
2025.10.13	01:18:11.737	0.86903				2
2025.10.13	01:18:12.801	0.86905	0.86914			6
2025.10.13	01:18:16.007		0.86915			4
2025.10.13	01:18:16.380	0.86903	0.86912			6
2025.10.13	01:18:17.948	0.86904	0.86911			6
2025.10.13	01:18:19.249		0.86912			4
2025.10.13	01:18:19.933	0.86905	0.86911			6
2025.10.13	01:18:20.305		0.86912			4
2025.10.13	01:18:21.877	0.86903				2
2025.10.13	01:18:22.206	0.86905				2
2025.10.13	01:18:30.334	0.86903	0.86910			6
2025.10.13	01:18:30.640	0.86904	0.86911			6
2025.10.13	01:18:32.372		0.86910			4
2025.10.13	01:18:33.045	0.86905	0.86912			6
2025.10.13	01:18:35.366	0.86906				2
2025.10.13	01:18:39.654	0.86898	0.86907			6
2025.10.13	01:18:39.975		0.86905			4
2025.10.13	01:18:41.589	0.86899				2
2025.10.13	01:18:42.960	0.86897				2
2025.10.13	01:18:44.056	0.86899				2
2025.10.13	01:18:46.562	0.86898				2
2025.10.13	01:18:48.057		0.86907			4
2025.10.13	01:18:50.947	0.86896				2
2025.10.13	01:18:53.243	0.86898	0.86906			6
2025.10.13	01:18:53.940		0.86905			4
2025.10.13	01:18:56.263	0.86897	0.86906			6
2025.10.13	01:18:58.252	0.86898				2
2025.10.13	01:19:00.213	0.86898				2
2025.10.13	01:19:00.570		0.86905			4
2025.10.13	01:19:01.700		0.86906			4
2025.10.13	01:19:02.502	0.86899				2
2025.10.13	01:19:02.841	0.86898				2
2025.10.13	01:19:07.294		0.86905			4
2025.10.13	01:19:08.086	0.86899				2
2025.10.13	01:19:11.455	0.86898				2
2025.10.13	01:19:14.344	0.86899				2
2025.10.13	01:19:20.177	0.86898	0.86908			6
2025.10.13	01:19:28.747	0.86897				2
2025.10.13	01:19:36.826	0.86902	0.86909			6
2025.10.13	01:19:37.192	0.86900				2
2025.10.13	01:19:39.927		0.86908			4
2025.10.13	01:19:40.237	0.86901				2
2025.10.13	01:19:40.559	0.86907	0.86914			6
2025.10.13	01:19:40.880	0.86904	0.86911			6
2025.10.13	01:19:41.188	0.86899	0.86908			6
2025.10.13	01:19:41.495	0.86901	0.86909			6
2025.10.13	01:19:41.932	0.86900				2
2025.10.13	01:19:42.344	0.86902	0.86910			6
2025.10.13	01:19:42.651	0.86901	0.86908			6
2025.10.13	01:19:42.970		0.86907			4
2025.10.13	01:19:43.279	0.86903	0.86911			6
2025.10.13	01:19:43.667	0.86901	0.86908			6
2025.10.13	01:19:44.626	0.86902				2
2025.10.13	01:19:46.178		0.86909			4
2025.10.13	01:19:47.130		0.86910			4
2025.10.13	01:19:47.432	0.86900	0.86906			6
2025.10.13	01:19:49.000	0.86899				2
2025.10.13	01:19:49.312	0.86900	0.86907			6
2025.10.13	01:19:49.624	0.86899	0.86906			6
2025.10.13	01:19:50.508	0.86897	0.86907			6
2025.10.13	01:19:51.046		0.86905			4
2025.10.13	01:19:51.928	0.86900	0.86907			6
2025.10.13	01:19:52.291	0.86899	0.86906			6
2025.10.13	01:19:52.594	0.86897				2
2025.10.13	01:19:53.091	0.86898				2
2025.10.13	01:19:53.730	0.86896	0.86905			6
2025.10.13	01:19:55.217		0.86906			4
2025.10.13	01:19:59.896	0.86898	0.86907			6
2025.10.13	01:20:00.206	0.86898				2
2025.10.13	01:20:00.530	0.86896				2
2025.10.13	01:20:00.977	0.86898				2
2025.10.13	01:20:01.294	0.86896				2
2025.10.13	01:20:01.981	0.86897				2
2025.10.13	01:20:02.353	0.86896				2
2025.10.13	01:20:02.661	0.86907	0.86913			6
2025.10.13	01:20:04.344		0.86914			4
2025.10.13	01:20:04.707		0.86913			4
2025.10.13	01:20:08.827	0.86905				2
2025.10.13	01:20:09.138	0.86903				2
2025.10.13	01:20:09.906	0.86905				2
2025.10.13	01:20:10.219	0.86906				2
2025.10.13	01:20:10.743	0.86907				2
2025.10.13	01:20:12.215		0.86914			4
2025.10.13	01:20:13.556		0.86913			4
2025.10.13	01:20:14.156	0.86904	0.86911			6
2025.10.13	01:20:15.491	0.86903	0.86912			6
2025.10.13	01:20:17.057	0.86906				2
2025.10.13	01:20:21.767	0.86904	0.86911			6
2025.10.13	01:20:22.798	0.86901	0.86908			6
2025.10.13	01:20:23.642	0.86903	0.86909			6
2025.10.13	01:20:23.974	0.86901	0.86908			6
2025.10.13	01:20:24.290		0.86909			4
2025.10.13	01:20:30.974		0.86910			4
2025.10.13	01:20:33.375		0.86908			4
2025.10.13	01:20:33.850		0.86910			4
2025.10.13	01:20:35.241		0.86908			4
2025.10.13	01:20:37.486	0.86903	0.86911			6
2025.10.13	01:20:37.789	0.86902	0.86909			6
2025.10.13	01:20:38.205		0.86910			4
2025.10.13	01:20:41.283	0.86901				2
2025.10.13	01:20:42.597	0.86902				2
2025.10.13	01:20:44.432		0.86909			4
2025.10.13	01:20:48.078	0.86903	0.86911			6
2025.10.13	01:20:50.479	0.86902	0.86910			6
2025.10.13	01:20:52.451	0.86901	0.86909			6
2025.10.13	01:20:55.490		0.86908			4
2025.10.13	01:20:55.802		0.86909			4
2025.10.13	01:21:00.136	0.86901				2
2025.10.13	01:21:00.472		0.86908			4
2025.10.13	01:21:01.860		0.86909			4
2025.10.13	01:21:02.572		0.86908			4
2025.10.13	01:21:03.392	0.86898	0.86907			6
2025.10.13	01:21:03.722	0.86897				2
2025.10.13	01:21:04.391	0.86898				2
2025.10.13	01:21:04.760	0.86897				2
2025.10.13	01:21:05.074	0.86898				2
2025.10.13	01:21:07.077	0.86896				2
2025.10.13	01:21:07.387	0.86895	0.86906			6
2025.10.13	01:21:08.443	0.86896				2
2025.10.13	01:21:08.797	0.86895				2
2025.10.13	01:21:09.317	0.86896				2
2025.10.13	01:21:10.183	0.86897	0.86904			6
2025.10.13	01:21:10.515	0.86895	0.86906			6
2025.10.13	01:21:12.248	0.86896				2
2025.10.13	01:21:12.997	0.86895				2
2025.10.13	01:21:13.327	0.86897				2
2025.10.13	01:21:13.743	0.86896				2
2025.10.13	01:21:14.063		0.86905			4
2025.10.13	01:21:14.376	0.86895	0.86906			6
2025.10.13	01:21:14.700	0.86899	0.86907			6
2025.10.13	01:21:18.233		0.86908			4
2025.10.13	01:21:18.547		0.86909			4
2025.10.13	01:21:20.338	0.86904	0.86912			6
2025.10.13	01:21:20.715	0.86903	0.86914			6
2025.10.13	01:21:21.795	0.86910	0.86918			6
2025.10.13	01:21:22.129	0.86911	0.86919			6
2025.10.13	01:21:22.528		0.86918			4
2025.10.13	01:21:27.752	0.86912				2
2025.10.13	01:21:31.239		0.86919			4
2025.10.13	01:21:31.767	0.86917	0.86923			6
2025.10.13	01:21:32.083	0.86915	0.86921			6
2025.10.13	01:21:33.232	0.86914	0.86922			6
2025.10.13	01:21:34.963	0.86915	0.86921			6
2025.10.13	01:21:35.293	0.86914	0.86919			6
2025.10.13	01:21:35.597	0.86913	0.86920			6
2025.10.13	01:21:35.934	0.86914	0.86919			6
2025.10.13	01:21:36.468	0.86913	0.86920			6
2025.10.13	01:21:36.832	0.86909	0.86919			6
2025.10.13	01:21:37.853	0.86910				2
2025.10.13	01:21:38.313	0.86909				2
2025.10.13	01:21:38.799	0.86910	0.86920			6
2025.10.13	01:21:39.193	0.86912	0.86919			6
2025.10.13	01:21:40.324	0.86913				2
2025.10.13	01:21:40.973	0.86912				2
2025.10.13	01:21:42.072		0.86920			4
2025.10.13	01:21:44.568	0.86911	0.86919			6
2025.10.13	01:21:46.815	0.86908	0.86917			6
2025.10.13	01:21:49.417	0.86910				2
2025.10.13	01:21:49.724	0.86909	0.86918			6
2025.10.13	01:21:50.359	0.86910				2
2025.10.13	01:21:51.138	0.86911	0.86917			6
2025.10.13	01:21:52.207	0.86910	0.86920			6
2025.10.13	01:21:52.512	0.86913				2
2025.10.13	01:21:53.382	0.86914	0.86919			6
2025.10.13	01:21:54.357	0.86912				2
2025.10.13	01:21:54.662	0.86913	0.86921			6
2025.10.13	01:21:55.056	0.86914				2
2025.10.13	01:21:55.376		0.86919			4
2025.10.13	01:21:56.047	0.86913				2
2025.10.13	01:21:59.590	0.86914				2
2025.10.13	01:22:01.146	0.86913				2
2025.10.13	01:22:01.589		0.86920			4
2025.10.13	01:22:01.900	0.86912	0.86919			6
2025.10.13	01:22:03.704	0.86915	0.86920			6
2025.10.13	01:22:04.103	0.86914				2
2025.10.13	01:22:05.268	0.86913				2
2025.10.13	01:22:05.830	0.86914				2
2025.10.13	01:22:06.270	0.86915				2
2025.10.13	01:22:11.080	0.86913				2
2025.10.13	01:22:12.372	0.86915	0.86921			6
2025.10.13	01:22:12.711		0.86920			4
2025.10.13	01:22:15.381		0.86919			4
2025.10.13	01:22:16.341	0.86912				2
2025.10.13	01:22:16.648	0.86914				2
2025.10.13	01:22:17.540		0.86921			4
2025.10.13	01:22:19.147	0.86915	0.86920			6
2025.10.13	01:22:21.137	0.86911				2
2025.10.13	01:22:21.869	0.86914				2
2025.10.13	01:22:22.175	0.86915	0.86922			6
2025.10.13	01:22:22.603	0.86912	0.86918			6
2025.10.13	01:22:22.918	0.86915	0.86921			6
2025.10.13	01:22:25.329	0.86913	0.86919			6
2025.10.13	01:22:29.585	0.86912				2
2025.10.13	01:22:29.956		0.86918			4
2025.10.13	01:22:30.666	0.86913	0.86919			6
2025.10.13	01:22:30.970	0.86912				2
2025.10.13	01:22:32.751	0.86913	0.86918			6
2025.10.13	01:22:34.383		0.86919			4
2025.10.13	01:22:35.920	0.86912				2
2025.10.13	01:22:39.550	0.86911	0.86921			6
2025.10.13	01:22:39.859	0.86915	0.86920			6
2025.10.13	01:22:40.563	0.86913				2
2025.10.13	01:22:40.887	0.86915	0.86921			6
2025.10.13	01:22:42.916	0.86913	0.86920			6
2025.10.13	01:22:43.767	0.86914				2
2025.10.13	01:22:44.377	0.86913				2
2025.10.13	01:22:44.682	0.86912				2
2025.10.13	01:22:45.992	0.86911	0.86921			6
2025.10.13	01:22:47.092	0.86913				2
2025.10.13	01:22:47.437	0.86914				2
2025.10.13	01:22:48.513	0.86913	0.86922			6
2025.10.13	01:22:51.453	0.86912	0.86921			6
2025.10.13	01:22:52.263	0.86913	0.86922			6
2025.10.13	01:22:52.581		0.86923			4
2025.10.13	01:22:53.056	0.86912				2
2025.10.13	01:22:53.804	0.86913				2
2025.10.13	01:22:58.991	0.86914	0.86922			6
2025.10.13	01:22:59.299	0.86915	0.86921			6
2025.10.13	01:23:00.037	0.86915	0.86922			6
2025.10.13	01:23:03.548	0.86912				2
2025.10.13	01:23:03.860	0.86915				2
2025.10.13	01:23:06.399	0.86916				2
2025.10.13	01:23:06.701	0.86917				2
2025.10.13	01:23:07.131	0.86915				2
2025.10.13	01:23:07.498	0.86911	0.86920			6
2025.10.13	01:23:07.801		0.86921			4
2025.10.13	01:23:08.119	0.86912				2
2025.10.13	01:23:08.565	0.86911				2
2025.10.13	01:23:09.189	0.86913				2
2025.10.13	01:23:09.607	0.86912	0.86923			6
2025.10.13	01:23:10.156	0.86914				2
2025.10.13	01:23:10.569	0.86915				2
2025.10.13	01:23:11.602	0.86914	0.86922			6
2025.10.13	01:23:14.082	0.86911	0.86921			6
2025.10.13	01:23:14.624	0.86913				2
2025.10.13	01:23:15.905		0.86922			4
2025.10.13	01:23:16.223	0.86915				2
2025.10.13	01:23:17.128	0.86914				2
2025.10.13	01:23:17.833	0.86915				2
2025.10.13	01:23:19.132	0.86913	0.86923			6
2025.10.13	01:23:19.743	0.86914				2
2025.10.13	01:23:20.049	0.86913	0.86924			6
2025.10.13	01:23:20.360	0.86910	0.86917			6
2025.10.13	01:23:20.673	0.86912				2
2025.10.13	01:23:21.538	0.86911				2
2025.10.13	01:23:21.877	0.86910				2
2025.10.13	01:23:22.350	0.86909				2
2025.10.13	01:23:22.725	0.86910				2
2025.10.13	01:23:23.028	0.86911	0.86918			6
2025.10.13	01:23:23.760	0.86908	0.86917			6
2025.10.13	01:23:24.062	0.86911	0.86916			6
2025.10.13	01:23:25.058		0.86917			4
2025.10.13	01:23:25.533	0.86910				2
2025.10.13	01:23:25.978	0.86912	0.86918			6
2025.10.13	01:23:26.293	0.86914				2
2025.10.13	01:23:26.647	0.86913	0.86919			6
2025.10.13	01:23:26.963	0.86914				2
2025.10.13	01:23:28.337	0.86912				2
2025.10.13	01:23:29.902	0.86914				2
2025.10.13	01:23:30.244	0.86912				2
2025.10.13	01:23:31.593	0.86914				2
2025.10.13	01:23:32.355	0.86913				2
2025.10.13	01:23:34.691	0.86914				2
2025.10.13	01:23:36.679	0.86913	0.86920			6
2025.10.13	01:23:37.551	0.86916				2
2025.10.13	01:23:38.559	0.86914				2
2025.10.13	01:23:39.811	0.86915				2
2025.10.13	01:23:41.878	0.86913				2
2025.10.13	01:23:42.214	0.86914				2
2025.10.13	01:23:43.224	0.86913				2
2025.10.13	01:23:44.038	0.86912				2
