<DATE>	<TIME>	<BID>	<ASK>	<LAST>	<VOLUME>	<FLAGS>
2025.11.20	00:03:30.459	0.88278	0.88430			6
2025.11.20	00:03:55.082	0.88280	0.88432			6
2025.11.20	00:04:00.632	0.88280				2
2025.11.20	00:04:55.083		0.88431			4
2025.11.20	00:05:00.759	0.88280				2
2025.11.20	00:05:05.984		0.88423			4
2025.11.20	00:05:10.616		0.88424			4
2025.11.20	00:05:11.300		0.88423			4
2025.11.20	00:05:12.365		0.88430			4
2025.11.20	00:05:20.386		0.88429			4
2025.11.20	00:05:21.273		0.88430			4
2025.11.20	00:05:25.111		0.88429			4
2025.11.20	00:05:26.582		0.88428			4
2025.11.20	00:05:28.353		0.88431			4
2025.11.20	00:05:55.084	0.88281	0.88432			6
2025.11.20	00:06:00.317	0.88281				2
2025.11.20	00:06:55.086		0.88427			4
2025.11.20	00:07:00.461	0.88281				2
2025.11.20	00:08:06.349	0.88281	0.88427			6
2025.11.20	00:09:00.404	0.88281				2
2025.11.20	00:09:13.306		0.88427			4
2025.11.20	00:09:55.084	0.88282	0.88428			6
2025.11.20	00:10:00.371	0.88317	0.88391			6
2025.11.20	00:10:01.516	0.88303	0.88388			6
2025.11.20	00:10:06.331	0.88302	0.88386			6
2025.11.20	00:10:07.684	0.88303	0.88388			6
2025.11.20	00:10:08.630	0.88305				2
2025.11.20	00:10:11.704	0.88324	0.88386			6
2025.11.20	00:10:32.271		0.88387			4
2025.11.20	00:11:00.232	0.88324				2
2025.11.20	00:11:02.141	0.88323	0.88385			6
2025.11.20	00:11:02.794	0.88324	0.88387			6
2025.11.20	00:11:03.444		0.88389			4
2025.11.20	00:11:05.051	0.88306	0.88404			6
2025.11.20	00:11:06.487	0.88318	0.88393			6
2025.11.20	00:11:07.585	0.88324	0.88389			6
2025.11.20	00:11:08.514	0.88317	0.88393			6
2025.11.20	00:11:13.837	0.88324	0.88389			6
2025.11.20	00:11:14.839	0.88317	0.88393			6
2025.11.20	00:11:20.100	0.88324	0.88389			6
2025.11.20	00:11:21.063	0.88317	0.88394			6
2025.11.20	00:11:26.369	0.88324	0.88389			6
2025.11.20	00:11:27.337	0.88317	0.88394			6
2025.11.20	00:11:29.139		0.88393			4
2025.11.20	00:11:32.644	0.88323	0.88389			6
2025.11.20	00:11:33.615	0.88317	0.88393			6
2025.11.20	00:11:48.987	0.88316	0.88394			6
2025.11.20	00:11:49.862	0.88317	0.88393			6
2025.11.20	00:11:51.482	0.88320	0.88390			6
2025.11.20	00:11:53.115		0.88391			4
2025.11.20	00:12:02.716	0.88320				2
2025.11.20	00:12:05.913		0.88396			4
2025.11.20	00:12:06.681	0.88318	0.88398			6
2025.11.20	00:12:26.966	0.88325	0.88402			6
2025.11.20	00:12:27.296	0.88324	0.88403			6
2025.11.20	00:12:30.715	0.88306	0.88391			6
2025.11.20	00:12:43.178	0.88307				2
2025.11.20	00:13:01.200	0.88307				2
2025.11.20	00:13:08.415		0.88390			4
2025.11.20	00:13:09.417	0.88308	0.88389			6
2025.11.20	00:13:26.114	0.88309				2
2025.11.20	00:13:48.541	0.88305	0.88388			6
2025.11.20	00:14:03.314	0.88305	0.88387			6
2025.11.20	00:14:12.174	0.88304	0.88388			6
2025.11.20	00:14:29.117	0.88305				2
2025.11.20	00:15:00.306	0.88294	0.88384			6
2025.11.20	00:15:01.414	0.88292				2
2025.11.20	00:15:17.114		0.88383			4
2025.11.20	00:15:38.892	0.88301	0.88382			6
2025.11.20	00:16:01.102	0.88301				2
2025.11.20	00:16:10.358		0.88381			4
2025.11.20	00:16:23.714	0.88302				2
2025.11.20	00:16:37.210	0.88301				2
2025.11.20	00:16:42.281	0.88302				2
2025.11.20	00:16:57.015	0.88303				2
2025.11.20	00:16:59.714		0.88380			4
2025.11.20	00:17:00.757	0.88303				2
2025.11.20	00:17:14.114	0.88304				2
2025.11.20	00:17:29.114		0.88379			4
2025.11.20	00:18:00.615	0.88305				2
2025.11.20	00:18:21.615		0.88378			4
2025.11.20	00:18:46.593	0.88307	0.88376			6
2025.11.20	00:18:58.504		0.88377			4
2025.11.20	00:19:00.014	0.88306				2
2025.11.20	00:19:00.960	0.88296				2
2025.11.20	00:19:03.015		0.88376			4
2025.11.20	00:19:18.315	0.88297				2
2025.11.20	00:19:31.973	0.88296				2
2025.11.20	00:19:37.216		0.88377			4
2025.11.20	00:19:42.916		0.88376			4
2025.11.20	00:19:53.716		0.88377			4
2025.11.20	00:19:57.965	0.88290	0.88376			6
2025.11.20	00:20:00.614	0.88290				2
2025.11.20	00:20:00.964	0.88297				2
2025.11.20	00:20:18.437		0.88377			4
2025.11.20	00:20:31.692	0.88294	0.88379			6
2025.11.20	00:20:34.969	0.88290	0.88380			6
2025.11.20	00:20:38.388		0.88379			4
2025.11.20	00:20:53.939	0.88291	0.88378			6
2025.11.20	00:21:00.758	0.88291				2
2025.11.20	00:21:23.028	0.88297	0.88377			6
2025.11.20	00:21:24.462	0.88294				2
2025.11.20	00:21:34.461	0.88298				2
2025.11.20	00:21:34.838	0.88316	0.88378			6
2025.11.20	00:21:38.114	0.88317				2
2025.11.20	00:21:41.715	0.88316	0.88379			6
2025.11.20	00:21:58.525	0.88326	0.88385			6
2025.11.20	00:21:59.120	0.88327				2
2025.11.20	00:22:03.559	0.88327				2
2025.11.20	00:22:06.615	0.88309	0.88378			6
2025.11.20	00:22:07.076	0.88310	0.88377			6
2025.11.20	00:22:10.135	0.88324	0.88378			6
2025.11.20	00:22:20.447		0.88377			4
2025.11.20	00:22:32.114	0.88325				2
2025.11.20	00:23:06.796	0.88325				2
2025.11.20	00:23:20.757		0.88377			4
2025.11.20	00:23:36.914	0.88326				2
2025.11.20	00:23:48.912	0.88325				2
2025.11.20	00:23:53.720	0.88326	0.88376			6
2025.11.20	00:24:00.314	0.88326				2
2025.11.20	00:24:12.615		0.88377			4
2025.11.20	00:24:16.284	0.88324	0.88378			6
2025.11.20	00:25:00.374	0.88322	0.88377			6
2025.11.20	00:25:08.715		0.88378			4
2025.11.20	00:25:18.615		0.88377			4
2025.11.20	00:25:54.915	0.88323				2
2025.11.20	00:25:59.716	0.88322	0.88378			6
2025.11.20	00:26:01.745	0.88322				2
2025.11.20	00:26:05.715		0.88377			4
2025.11.20	00:26:57.139	0.88324				2
2025.11.20	00:27:02.845	0.88322				2
2025.11.20	00:27:09.119		0.88377			4
2025.11.20	00:27:12.016	0.88323				2
2025.11.20	00:28:02.440	0.88329	0.88378			6
2025.11.20	00:28:11.414	0.88330				2
2025.11.20	00:28:43.871		0.88379			4
2025.11.20	00:29:00.152	0.88330				2
2025.11.20	00:29:05.872	0.88331	0.88378			6
2025.11.20	00:29:11.414	0.88330				2
2025.11.20	00:29:17.553	0.88326	0.88383			6
2025.11.20	00:29:27.508		0.88381			4
2025.11.20	00:29:27.811	0.88323	0.88387			6
2025.11.20	00:29:30.427		0.88386			4
2025.11.20	00:29:38.973		0.88387			4
2025.11.20	00:30:01.410	0.88323				2
2025.11.20	00:30:01.844		0.88385			4
2025.11.20	00:30:13.041	0.88302	0.88373			6
2025.11.20	00:30:15.975	0.88304	0.88372			6
2025.11.20	00:30:16.500	0.88325	0.88383			6
2025.11.20	00:30:16.852	0.88326	0.88382			6
2025.11.20	00:30:20.315		0.88384			4
2025.11.20	00:30:32.619	0.88327	0.88383			6
2025.11.20	00:30:47.449	0.88326	0.88384			6
2025.11.20	00:31:06.349	0.88326				2
2025.11.20	00:31:11.074	0.88327	0.88383			6
2025.11.20	00:32:02.650	0.88327				2
2025.11.20	00:32:13.674		0.88383			4
2025.11.20	00:32:20.513	0.88326	0.88384			6
2025.11.20	00:32:25.258		0.88382			4
2025.11.20	00:32:55.982	0.88330	0.88379			6
2025.11.20	00:32:57.162	0.88331	0.88380			6
2025.11.20	00:33:01.410	0.88331				2
2025.11.20	00:33:03.614	0.88330				2
2025.11.20	00:33:11.495	0.88331	0.88379			6
2025.11.20	00:34:07.815	0.88331	0.88378			6
2025.11.20	00:34:20.119		0.88379			4
2025.11.20	00:35:01.413	0.88331				2
2025.11.20	00:35:24.832		0.88379			4
2025.11.20	00:35:39.918	0.88332	0.88378			6
2025.11.20	00:36:12.338	0.88332				2
2025.11.20	00:36:34.889	0.88331	0.88379			6
2025.11.20	00:36:37.835	0.88330				2
2025.11.20	00:37:00.757	0.88330				2
2025.11.20	00:37:04.533	0.88331				2
2025.11.20	00:37:17.860	0.88330	0.88380			6
2025.11.20	00:37:27.139	0.88331				2
2025.11.20	00:37:31.052	0.88330	0.88381			6
2025.11.20	00:37:32.836		0.88380			4
2025.11.20	00:37:48.053	0.88329	0.88381			6
2025.11.20	00:37:50.620	0.88330	0.88380			6
2025.11.20	00:38:00.955	0.88330				2
2025.11.20	00:38:41.058		0.88381			4
2025.11.20	00:38:46.218	0.88329				2
2025.11.20	00:39:00.920	0.88327	0.88383			6
2025.11.20	00:39:11.714	0.88328	0.88382			6
2025.11.20	00:39:22.943	0.88325	0.88385			6
2025.11.20	00:39:30.616		0.88386			4
2025.11.20	00:39:30.920	0.88327	0.88383			6
2025.11.20	00:39:36.015	0.88328	0.88382			6
2025.11.20	00:39:50.758	0.88326	0.88384			6
2025.11.20	00:40:00.464	0.88325	0.88385			6
2025.11.20	00:40:03.017		0.88386			4
2025.11.20	00:40:12.065	0.88324				2
2025.11.20	00:40:27.014		0.88387			4
2025.11.20	00:40:39.314		0.88386			4
2025.11.20	00:40:40.916	0.88328	0.88382			6
2025.11.20	00:40:41.859	0.88331	0.88379			6
2025.11.20	00:40:42.880	0.88332				2
2025.11.20	00:40:49.210	0.88331				2
2025.11.20	00:41:00.758	0.88331				2
2025.11.20	00:41:09.299	0.88332				2
2025.11.20	00:41:09.947	0.88333				2
2025.11.20	00:41:11.418	0.88332				2
2025.11.20	00:41:21.914		0.88378			4
2025.11.20	00:41:41.418	0.88333	0.88377			6
2025.11.20	00:41:45.965	0.88334				2
2025.11.20	00:41:50.956	0.88333				2
2025.11.20	00:41:52.320		0.88378			4
2025.11.20	00:41:53.802	0.88325	0.88377			6
2025.11.20	00:41:59.354	0.88337	0.88382			6
2025.11.20	00:41:59.861	0.88338	0.88381			6
2025.11.20	00:42:00.592	0.88338				2
2025.11.20	00:42:12.541	0.88313	0.88380			6
2025.11.20	00:42:16.805	0.88337	0.88388			6
2025.11.20	00:42:20.922	0.88338	0.88387			6
2025.11.20	00:42:22.235	0.88337	0.88388			6
2025.11.20	00:42:30.505	0.88338	0.88385			6
2025.11.20	00:42:30.919	0.88337	0.88386			6
2025.11.20	00:42:40.758	0.88340	0.88384			6
2025.11.20	00:42:44.510	0.88339	0.88385			6
2025.11.20	00:43:00.924	0.88340	0.88384			6
2025.11.20	00:43:10.921	0.88316	0.88382			6
2025.11.20	00:43:11.847	0.88317	0.88381			6
2025.11.20	00:43:13.411		0.88380			4
2025.11.20	00:43:30.757	0.88318				2
2025.11.20	00:43:33.062	0.88340	0.88384			6
2025.11.20	00:43:36.017	0.88339	0.88385			6
2025.11.20	00:43:38.761	0.88340				2
2025.11.20	00:43:40.922	0.88339	0.88386			6
2025.11.20	00:43:41.855	0.88340	0.88385			6
2025.11.20	00:44:02.334	0.88340				2
2025.11.20	00:44:12.140	0.88341				2
2025.11.20	00:44:43.665	0.88340	0.88385			6
2025.11.20	00:44:46.354	0.88342				2
2025.11.20	00:44:54.614		0.88384			4
2025.11.20	00:44:59.547	0.88341	0.88385			6
2025.11.20	00:45:01.409	0.88341				2
2025.11.20	00:45:03.187	0.88335	0.88392			6
2025.11.20	00:45:06.706	0.88341	0.88385			6
2025.11.20	00:45:11.400	0.88353	0.88373			6
2025.11.20	00:45:25.277	0.88351	0.88374			6
2025.11.20	00:45:30.917	0.88355	0.88388			6
2025.11.20	00:45:31.910	0.88356	0.88387			6
2025.11.20	00:45:33.105		0.88385			4
2025.11.20	00:45:59.113	0.88357				2
2025.11.20	00:46:02.062	0.88357				2
2025.11.20	00:46:08.116	0.88356				2
2025.11.20	00:46:12.656	0.88345	0.88376			6
2025.11.20	00:46:13.161	0.88347	0.88373			6
2025.11.20	00:46:16.025	0.88348				2
2025.11.20	00:46:19.288	0.88347	0.88374			6
2025.11.20	00:46:25.939		0.88373			4
2025.11.20	00:46:30.077	0.88348				2
2025.11.20	00:46:36.702	0.88349				2
2025.11.20	00:46:38.179		0.88372			4
2025.11.20	00:46:40.478	0.88348	0.88373			6
2025.11.20	00:46:45.018	0.88349	0.88372			6
2025.11.20	00:46:57.080	0.88348	0.88373			6
2025.11.20	00:47:00.758	0.88348				2
2025.11.20	00:47:03.184	0.88342	0.88375			6
2025.11.20	00:47:06.455	0.88348	0.88373			6
2025.11.20	00:47:09.892	0.88349	0.88372			6
2025.11.20	00:48:01.410	0.88349				2
2025.11.20	00:48:11.408		0.88372			4
2025.11.20	00:48:13.514	0.88348				2
2025.11.20	00:48:24.917	0.88349				2
2025.11.20	00:49:02.945	0.88349				2
2025.11.20	00:49:05.885	0.88331	0.88371			6
2025.11.20	00:49:06.212	0.88330				2
2025.11.20	00:49:08.241	0.88347	0.88372			6
2025.11.20	00:49:08.684		0.88371			4
2025.11.20	00:49:14.122	0.88348				2
2025.11.20	00:49:18.145	0.88329				2
2025.11.20	00:49:21.456	0.88352				2
2025.11.20	00:49:32.140	0.88353				2
2025.11.20	00:49:42.015	0.88352				2
2025.11.20	00:50:00.336	0.88352				2
2025.11.20	00:50:05.893	0.88353	0.88370			6
2025.11.20	00:51:01.644	0.88353				2
2025.11.20	00:51:07.515		0.88370			4
2025.11.20	00:51:23.176	0.88355	0.88371			6
2025.11.20	00:51:29.114		0.88370			4
2025.11.20	00:51:35.714		0.88371			4
2025.11.20	00:52:09.914	0.88355	0.88370			6
2025.11.20	00:52:27.913		0.88371			4
2025.11.20	00:52:30.615		0.88370			4
2025.11.20	00:52:35.116		0.88371			4
2025.11.20	00:52:42.090		0.88370			4
2025.11.20	00:53:02.113	0.88355				2
2025.11.20	00:53:09.452		0.88371			4
2025.11.20	00:53:30.261		0.88370			4
2025.11.20	00:53:38.804	0.88356				2
2025.11.20	00:53:45.421	0.88355				2
2025.11.20	00:54:00.703	0.88355				2
2025.11.20	00:54:05.718		0.88371			4
2025.11.20	00:54:38.293	0.88356				2
2025.11.20	00:54:40.217		0.88372			4
2025.11.20	00:54:51.915	0.88357	0.88371			6
2025.11.20	00:54:59.122	0.88356				2
2025.11.20	00:55:00.386	0.88357				2
2025.11.20	00:55:05.710	0.88356	0.88374			6
2025.11.20	00:55:09.382	0.88358	0.88373			6
2025.11.20	00:55:15.621		0.88372			4
2025.11.20	00:55:28.816		0.88373			4
2025.11.20	00:55:38.388	0.88357				2
2025.11.20	00:55:57.388	0.88358				2
2025.11.20	00:56:02.778	0.88358				2
2025.11.20	00:56:03.780	0.88357				2
2025.11.20	00:56:22.648	0.88358				2
2025.11.20	00:56:25.514		0.88374			4
2025.11.20	00:56:26.057	0.88359				2
2025.11.20	00:56:28.023	0.88357				2
2025.11.20	00:56:33.118	0.88358	0.88373			6
2025.11.20	00:56:34.387	0.88359	0.88374			6
2025.11.20	00:57:00.759	0.88359				2
2025.11.20	00:57:21.666	0.88358	0.88375			6
2025.11.20	00:58:07.394	0.88358				2
2025.11.20	00:58:24.046		0.88375			4
2025.11.20	00:58:25.116		0.88374			4
2025.11.20	00:58:26.863	0.88354	0.88369			6
2025.11.20	00:58:27.373		0.88370			4
2025.11.20	00:58:27.678	0.88352	0.88371			6
2025.11.20	00:58:28.176	0.88353				2
2025.11.20	00:58:30.430	0.88352				2
2025.11.20	00:58:37.856		0.88372			4
2025.11.20	00:58:42.803		0.88371			4
2025.11.20	00:58:44.071	0.88351	0.88372			6
2025.11.20	00:58:48.392	0.88352				2
2025.11.20	00:58:57.574	0.88351				2
2025.11.20	00:59:01.235	0.88351				2
2025.11.20	00:59:03.760		0.88373			4
2025.11.20	00:59:07.942		0.88372			4
2025.11.20	00:59:12.952	0.88350	0.88373			6
2025.11.20	00:59:14.660		0.88374			4
2025.11.20	00:59:18.915		0.88373			4
2025.11.20	00:59:21.211	0.88349	0.88374			6
2025.11.20	00:59:28.254	0.88350	0.88375			6
2025.11.20	00:59:28.565	0.88349	0.88376			6
2025.11.20	00:59:29.258	0.88348	0.88377			6
2025.11.20	00:59:30.989	0.88352	0.88373			6
2025.11.20	00:59:39.489	0.88353				2
2025.11.20	00:59:49.533	0.88352				2
2025.11.20	00:59:50.212	0.88353				2
2025.11.20	00:59:51.830	0.88354	0.88372			6
2025.11.20	00:59:56.205	0.88351	0.88373			6
2025.11.20	00:59:56.539	0.88350	0.88368			6
2025.11.20	00:59:58.435	0.88351	0.88375			6
2025.11.20	01:00:00.312	0.88358	0.88390			6
2025.11.20	01:00:00.621	0.88357				2
2025.11.20	01:00:00.926	0.88354	0.88393			6
2025.11.20	01:00:01.267	0.88351	0.88387			6
2025.11.20	01:00:01.585	0.88350	0.88393			6
2025.11.20	01:00:01.893	0.88351				2
2025.11.20	01:00:02.216	0.88352	0.88391			6
2025.11.20	01:00:02.545		0.88392			4
2025.11.20	01:00:02.858		0.88390			4
2025.11.20	01:00:03.276		0.88381			4
2025.11.20	01:00:03.610	0.88350	0.88393			6
2025.11.20	01:00:04.572	0.88349	0.88394			6
2025.11.20	01:00:05.526	0.88350	0.88393			6
2025.11.20	01:00:05.829	0.88349	0.88388			6
2025.11.20	01:00:06.481	0.88352	0.88385			6
2025.11.20	01:00:07.134	0.88356	0.88379			6
2025.11.20	01:00:07.808	0.88355				2
2025.11.20	01:00:08.142	0.88354	0.88378			6
2025.11.20	01:00:08.799		0.88377			4
2025.11.20	01:00:09.125	0.88353				2
2025.11.20	01:00:09.447	0.88355	0.88378			6
2025.11.20	01:00:09.774	0.88353	0.88381			6
2025.11.20	01:00:10.236	0.88356	0.88378			6
2025.11.20	01:00:11.270	0.88353	0.88381			6
2025.11.20	01:00:12.344		0.88378			4
2025.11.20	01:00:13.624	0.88355				2
2025.11.20	01:00:13.997	0.88353				2
2025.11.20	01:00:14.493		0.88379			4
2025.11.20	01:00:15.076		0.88378			4
2025.11.20	01:00:15.918	0.88354	0.88379			6
2025.11.20	01:00:16.605	0.88355	0.88378			6
2025.11.20	01:00:17.863	0.88354	0.88377			6
2025.11.20	01:00:18.178	0.88353	0.88378			6
2025.11.20	01:00:18.527	0.88354				2
2025.11.20	01:00:20.804		0.88379			4
2025.11.20	01:00:21.337	0.88356	0.88377			6
2025.11.20	01:00:21.651	0.88355	0.88378			6
2025.11.20	01:00:22.341		0.88379			4
2025.11.20	01:00:22.846		0.88378			4
2025.11.20	01:00:24.573	0.88354				2
2025.11.20	01:00:24.878		0.88377			4
2025.11.20	01:00:25.313	0.88355				2
2025.11.20	01:00:26.884	0.88356	0.88378			6
2025.11.20	01:00:27.188		0.88379			4
2025.11.20	01:00:27.672	0.88357				2
2025.11.20	01:00:28.141	0.88358	0.88380			6
2025.11.20	01:00:28.466	0.88360	0.88373			6
2025.11.20	01:00:28.780	0.88354	0.88372			6
2025.11.20	01:00:29.598	0.88353				2
2025.11.20	01:00:30.823	0.88354	0.88370			6
2025.11.20	01:00:31.127	0.88352				2
2025.11.20	01:00:31.644	0.88349				2
2025.11.20	01:00:33.843		0.88369			4
2025.11.20	01:00:34.731	0.88351				2
2025.11.20	01:00:35.778	0.88349				2
2025.11.20	01:00:37.332		0.88370			4
2025.11.20	01:00:38.495	0.88350				2
2025.11.20	01:00:39.002	0.88352	0.88371			6
2025.11.20	01:00:41.002	0.88351				2
2025.11.20	01:00:43.221	0.88354	0.88373			6
2025.11.20	01:00:44.438	0.88355				2
2025.11.20	01:00:44.740	0.88357				2
2025.11.20	01:00:45.646	0.88345	0.88361			6
2025.11.20	01:00:47.182	0.88346				2
2025.11.20	01:00:47.655	0.88350	0.88365			6
2025.11.20	01:00:48.770	0.88349				2
2025.11.20	01:00:49.443	0.88350				2
2025.11.20	01:00:50.319	0.88351				2
2025.11.20	01:00:51.853	0.88350				2
2025.11.20	01:00:54.441	0.88351	0.88366			6
2025.11.20	01:00:54.764	0.88352	0.88367			6
2025.11.20	01:00:57.380	0.88354	0.88368			6
2025.11.20	01:00:57.694	0.88356	0.88370			6
2025.11.20	01:00:58.038		0.88371			4
2025.11.20	01:00:58.388		0.88369			4
2025.11.20	01:00:59.136	0.88355	0.88371			6
2025.11.20	01:01:00.088	0.88362	0.88377			6
2025.11.20	01:01:00.727	0.88363	0.88378			6
2025.11.20	01:01:01.117		0.88377			4
2025.11.20	01:01:01.464	0.88361	0.88374			6
2025.11.20	01:01:02.391	0.88360	0.88373			6
2025.11.20	01:01:02.827	0.88362				2
2025.11.20	01:01:03.170	0.88361	0.88374			6
2025.11.20	01:01:03.482	0.88362				2
2025.11.20	01:01:04.997	0.88361				2
2025.11.20	01:01:05.336	0.88362	0.88375			6
2025.11.20	01:01:06.200	0.88361				2
2025.11.20	01:01:06.975	0.88362				2
2025.11.20	01:01:07.586		0.88376			4
2025.11.20	01:01:08.515	0.88361				2
2025.11.20	01:01:09.348	0.88363				2
2025.11.20	01:01:10.647	0.88362				2
2025.11.20	01:01:11.513	0.88361				2
2025.11.20	01:01:13.488	0.88365	0.88380			6
2025.11.20	01:01:14.244	0.88367				2
2025.11.20	01:01:16.889	0.88366				2
2025.11.20	01:01:24.016	0.88367				2
2025.11.20	01:01:25.010	0.88365				2
2025.11.20	01:01:25.807		0.88379			4
2025.11.20	01:01:26.807		0.88380			4
2025.11.20	01:01:34.567	0.88367				2
2025.11.20	01:01:37.817	0.88368				2
2025.11.20	01:01:39.615		0.88381			4
2025.11.20	01:01:48.156	0.88369	0.88383			6
2025.11.20	01:01:48.678		0.88381			4
2025.11.20	01:01:49.420	0.88370	0.88383			6
2025.11.20	01:01:50.070	0.88373	0.88386			6
2025.11.20	01:01:51.643	0.88372	0.88385			6
2025.11.20	01:01:51.951		0.88386			4
2025.11.20	01:01:52.387	0.88371				2
2025.11.20	01:01:53.500	0.88372	0.88385			6
2025.11.20	01:01:53.810		0.88384			4
2025.11.20	01:01:54.536	0.88371				2
2025.11.20	01:01:59.416		0.88383			4
2025.11.20	01:02:00.317	0.88371				2
2025.11.20	01:02:02.715		0.88384			4
2025.11.20	01:02:04.392		0.88383			4
2025.11.20	01:02:06.515	0.88370				2
2025.11.20	01:02:10.028	0.88371				2
2025.11.20	01:02:18.499	0.88374	0.88385			6
2025.11.20	01:02:21.615		0.88386			4
2025.11.20	01:02:24.015		0.88385			4
2025.11.20	01:02:27.233	0.88373				2
2025.11.20	01:02:29.851	0.88374				2
2025.11.20	01:02:32.415	0.88373				2
2025.11.20	01:02:32.837	0.88375	0.88386			6
2025.11.20	01:02:34.266	0.88374				2
2025.11.20	01:02:35.171		0.88385			4
2025.11.20	01:02:40.761	0.88378	0.88380			6
2025.11.20	01:02:42.620	0.88380	0.88382			6
2025.11.20	01:02:43.225		0.88383			4
2025.11.20	01:02:44.174	0.88374	0.88385			6
2025.11.20	01:02:44.486	0.88380	0.88391			6
2025.11.20	01:02:45.694	0.88377	0.88388			6
2025.11.20	01:02:47.518	0.88379	0.88387			6
2025.11.20	01:02:50.920		0.88386			4
2025.11.20	01:02:51.248	0.88378	0.88387			6
2025.11.20	01:02:51.562		0.88388			4
2025.11.20	01:02:53.623		0.88386			4
2025.11.20	01:02:56.395		0.88387			4
2025.11.20	01:02:57.006		0.88388			4
2025.11.20	01:02:58.433		0.88390			4
2025.11.20	01:03:00.015	0.88378				2
2025.11.20	01:03:06.039		0.88391			4
2025.11.20	01:03:08.178	0.88379				2
2025.11.20	01:03:35.665		0.88388			4
2025.11.20	01:03:36.623		0.88387			4
2025.11.20	01:03:38.718		0.88388			4
2025.11.20	01:03:42.124	0.88382	0.88387			6
2025.11.20	01:03:54.996		0.88390			4
2025.11.20	01:03:59.985		0.88389			4
2025.11.20	01:04:00.318	0.88382				2
2025.11.20	01:04:00.834	0.88384	0.88395			6
2025.11.20	01:04:04.272	0.88385	0.88394			6
2025.11.20	01:04:15.945	0.88384	0.88395			6
2025.11.20	01:04:17.045	0.88383	0.88393			6
2025.11.20	01:04:17.426	0.88384	0.88394			6
2025.11.20	01:04:17.976	0.88385				2
2025.11.20	01:04:21.589	0.88384				2
2025.11.20	01:04:24.025	0.88385				2
2025.11.20	01:04:39.060	0.88386				2
2025.11.20	01:04:41.156	0.88385				2
2025.11.20	01:04:41.672	0.88393	0.88402			6
2025.11.20	01:04:42.299	0.88397	0.88403			6
2025.11.20	01:04:45.124		0.88404			4
2025.11.20	01:04:49.234	0.88399				2
2025.11.20	01:04:52.108	0.88398	0.88403			6
2025.11.20	01:04:52.411		0.88402			4
2025.11.20	01:04:52.758	0.88397	0.88404			6
2025.11.20	01:04:53.078	0.88396	0.88403			6
2025.11.20	01:04:55.815	0.88397				2
2025.11.20	01:05:00.342	0.88397	0.88404			6
2025.11.20	01:05:02.591	0.88396	0.88403			6
2025.11.20	01:05:03.310	0.88397				2
2025.11.20	01:05:06.449		0.88404			4
2025.11.20	01:05:09.615		0.88403			4
2025.11.20	01:05:10.889	0.88394	0.88401			6
2025.11.20	01:05:14.115	0.88393				2
2025.11.20	01:05:17.290	0.88394	0.88400			6
2025.11.20	01:06:00.287	0.88394				2
2025.11.20	01:06:10.905	0.88392	0.88399			6
2025.11.20	01:06:11.230	0.88393				2
2025.11.20	01:06:14.725	0.88394				2
2025.11.20	01:06:18.618		0.88400			4
2025.11.20	01:06:27.603	0.88395				2
2025.11.20	01:06:53.669	0.88389	0.88398			6
2025.11.20	01:06:55.439	0.88390	0.88397			6
2025.11.20	01:06:58.191	0.88391				2
2025.11.20	01:07:00.406	0.88391				2
2025.11.20	01:07:01.262	0.88396	0.88401			6
2025.11.20	01:07:01.598		0.88402			4
2025.11.20	01:07:11.075	0.88397	0.88403			6
2025.11.20	01:07:11.706		0.88404			4
2025.11.20	01:07:14.878	0.88398	0.88403			6
2025.11.20	01:07:31.684	0.88394	0.88400			6
2025.11.20	01:07:33.014		0.88399			4
2025.11.20	01:07:45.356	0.88390	0.88397			6
2025.11.20	01:07:47.550	0.88392				2
2025.11.20	01:07:48.558	0.88391				2
2025.11.20	01:07:50.808		0.88396			4
2025.11.20	01:07:52.948	0.88390				2
2025.11.20	01:07:54.992	0.88389	0.88395			6
2025.11.20	01:07:55.432	0.88390				2
2025.11.20	01:07:58.515	0.88391	0.88396			6
2025.11.20	01:08:00.020	0.88391				2
2025.11.20	01:08:02.915	0.88390	0.88395			6
2025.11.20	01:08:06.903		0.88396			4
2025.11.20	01:08:10.088	0.88391	0.88395			6
2025.11.20	01:08:18.015	0.88390				2
2025.11.20	01:08:23.794	0.88389				2
2025.11.20	01:08:27.013	0.88390				2
2025.11.20	01:08:28.039	0.88392	0.88397			6
2025.11.20	01:08:30.103		0.88398			4
2025.11.20	01:08:31.169		0.88397			4
2025.11.20	01:08:32.890		0.88398			4
2025.11.20	01:08:36.304	0.88391	0.88397			6
2025.11.20	01:08:37.509		0.88396			4
2025.11.20	01:08:41.190		0.88397			4
2025.11.20	01:08:53.894		0.88396			4
2025.11.20	01:08:54.986	0.88390				2
2025.11.20	01:09:00.678	0.88390	0.88397			6
2025.11.20	01:09:01.217	0.88391				2
2025.11.20	01:09:02.028		0.88395			4
2025.11.20	01:09:02.716	0.88390				2
2025.11.20	01:09:03.438		0.88396			4
2025.11.20	01:09:04.123		0.88394			4
2025.11.20	01:09:05.489		0.88397			4
2025.11.20	01:09:07.948	0.88391				2
2025.11.20	01:09:09.214	0.88388	0.88393			6
2025.11.20	01:09:10.630		0.88394			4
2025.11.20	01:09:12.097		0.88393			4
2025.11.20	01:09:14.130		0.88394			4
2025.11.20	01:09:17.414		0.88393			4
2025.11.20	01:09:20.268		0.88394			4
2025.11.20	01:09:21.721		0.88393			4
2025.11.20	01:09:22.196		0.88394			4
2025.11.20	01:09:23.771		0.88393			4
2025.11.20	01:09:24.542	0.88385	0.88390			6
2025.11.20	01:09:27.599		0.88391			4
2025.11.20	01:09:30.371	0.88386				2
2025.11.20	01:09:32.155	0.88385				2
2025.11.20	01:09:33.450	0.88386	0.88393			6
2025.11.20	01:09:34.273	0.88385	0.88390			6
2025.11.20	01:09:35.627		0.88392			4
2025.11.20	01:09:37.057	0.88386				2
2025.11.20	01:09:38.779	0.88387				2
2025.11.20	01:09:39.803		0.88393			4
2025.11.20	01:09:40.658	0.88386	0.88391			6
2025.11.20	01:09:40.979		0.88392			4
2025.11.20	01:09:41.839	0.88384	0.88389			6
2025.11.20	01:09:43.265	0.88385	0.88390			6
2025.11.20	01:09:44.488	0.88384				2
2025.11.20	01:09:48.809		0.88391			4
2025.11.20	01:09:49.863	0.88385				2
2025.11.20	01:09:52.677		0.88390			4
2025.11.20	01:09:55.814		0.88389			4
2025.11.20	01:09:59.415	0.88384				2
2025.11.20	01:10:00.348	0.88385	0.88391			6
2025.11.20	01:10:06.015	0.88386				2
2025.11.20	01:10:07.216	0.88385				2
2025.11.20	01:10:07.928	0.88386				2
2025.11.20	01:10:09.451	0.88385				2
2025.11.20	01:10:10.643	0.88386	0.88390			6
2025.11.20	01:10:11.378	0.88385	0.88391			6
2025.11.20	01:10:12.478		0.88390			4
2025.11.20	01:10:23.224	0.88386				2
2025.11.20	01:10:27.615	0.88385				2
2025.11.20	01:10:30.403	0.88384				2
2025.11.20	01:10:35.951	0.88385				2
2025.11.20	01:10:38.468	0.88386	0.88391			6
2025.11.20	01:10:41.216	0.88387	0.88392			6
2025.11.20	01:10:43.418	0.88385				2
2025.11.20	01:10:44.416	0.88387				2
2025.11.20	01:10:44.718	0.88386				2
2025.11.20	01:10:45.155	0.88387				2
2025.11.20	01:10:45.458		0.88391			4
2025.11.20	01:10:47.445	0.88386				2
2025.11.20	01:11:00.580	0.88386				2
2025.11.20	01:11:09.016	0.88385				2
2025.11.20	01:11:16.627		0.88390			4
2025.11.20	01:11:30.915	0.88386				2
2025.11.20	01:11:34.515	0.88385				2
2025.11.20	01:11:35.879	0.88383	0.88387			6
2025.11.20	01:11:36.237	0.88382				2
2025.11.20	01:11:40.315	0.88383	0.88389			6
2025.11.20	01:11:41.187	0.88380	0.88386			6
2025.11.20	01:11:41.615	0.88381				2
2025.11.20	01:11:43.242	0.88380				2
2025.11.20	01:11:43.668		0.88384			4
2025.11.20	01:11:43.974	0.88379				2
2025.11.20	01:11:45.375	0.88380	0.88385			6
2025.11.20	01:11:46.177		0.88384			4
2025.11.20	01:11:47.693	0.88377	0.88383			6
2025.11.20	01:11:47.999		0.88382			4
2025.11.20	01:11:48.773		0.88383			4
2025.11.20	01:11:49.078		0.88382			4
2025.11.20	01:11:55.089		0.88383			4
2025.11.20	01:11:55.468	0.88375	0.88379			6
2025.11.20	01:11:55.787	0.88376	0.88383			6
2025.11.20	01:11:56.641		0.88381			4
2025.11.20	01:12:01.325	0.88376	0.88383			6
2025.11.20	01:12:02.173		0.88381			4
2025.11.20	01:12:08.716		0.88382			4
2025.11.20	01:12:11.719	0.88377	0.88381			6
2025.11.20	01:12:13.992		0.88382			4
2025.11.20	01:12:30.231	0.88376	0.88383			6
2025.11.20	01:12:35.309		0.88382			4
2025.11.20	01:12:36.218		0.88381			4
2025.11.20	01:12:40.354	0.88377	0.88383			6
2025.11.20	01:12:40.658	0.88378				2
2025.11.20	01:12:42.337	0.88377	0.88384			6
2025.11.20	01:12:44.927		0.88383			4
2025.11.20	01:12:46.749	0.88378	0.88384			6
2025.11.20	01:12:47.542	0.88377	0.88383			6
2025.11.20	01:12:47.882	0.88376	0.88382			6
2025.11.20	01:12:49.814		0.88381			4
2025.11.20	01:12:53.751		0.88382			4
2025.11.20	01:13:00.973	0.88376	0.88380			6
2025.11.20	01:13:01.310	0.88378	0.88385			6
2025.11.20	01:13:03.272	0.88379				2
2025.11.20	01:13:07.886	0.88378				2
2025.11.20	01:13:12.741	0.88379				2
2025.11.20	01:13:18.448	0.88378				2
2025.11.20	01:13:28.604	0.88380	0.88386			6
2025.11.20	01:13:31.798	0.88379				2
2025.11.20	01:13:43.739	0.88378	0.88384			6
2025.11.20	01:14:00.649	0.88378				2
2025.11.20	01:14:01.450	0.88379	0.88385			6
2025.11.20	01:14:03.808	0.88378				2
2025.11.20	01:14:05.751		0.88383			4
2025.11.20	01:14:09.273	0.88377	0.88384			6
2025.11.20	01:14:09.691		0.88383			4
2025.11.20	01:14:18.913	0.88378				2
2025.11.20	01:14:19.571	0.88377				2
2025.11.20	01:14:25.264		0.88384			4
2025.11.20	01:14:25.603	0.88378				2
2025.11.20	01:14:27.959	0.88379				2
2025.11.20	01:14:33.315		0.88385			4
2025.11.20	01:14:36.897	0.88373	0.88377			6
2025.11.20	01:14:37.211		0.88378			4
2025.11.20	01:14:47.068		0.88377			4
2025.11.20	01:14:51.339	0.88374	0.88380			6
2025.11.20	01:14:52.540	0.88375	0.88381			6
2025.11.20	01:14:56.115	0.88376				2
2025.11.20	01:14:58.425		0.88380			4
2025.11.20	01:15:00.417	0.88377	0.88384			6
2025.11.20	01:15:00.740	0.88378	0.88382			6
2025.11.20	01:15:02.023	0.88377	0.88383			6
2025.11.20	01:15:04.172	0.88378	0.88382			6
2025.11.20	01:15:04.503	0.88377	0.88381			6
2025.11.20	01:15:09.162	0.88376	0.88380			6
2025.11.20	01:15:10.990	0.88375	0.88381			6
2025.11.20	01:15:13.455	0.88376	0.88380			6
2025.11.20	01:15:14.636	0.88375				2
2025.11.20	01:15:17.759	0.88376				2
2025.11.20	01:15:37.962	0.88375				2
2025.11.20	01:15:41.715	0.88376				2
2025.11.20	01:15:42.804		0.88381			4
2025.11.20	01:15:51.014		0.88380			4
2025.11.20	01:15:59.271	0.88375				2
2025.11.20	01:16:01.702	0.88375				2
2025.11.20	01:16:02.338	0.88374	0.88379			6
2025.11.20	01:16:03.561	0.88373				2
2025.11.20	01:16:04.821	0.88375	0.88381			6
2025.11.20	01:16:05.216	0.88374				2
2025.11.20	01:16:06.147	0.88375				2
2025.11.20	01:16:06.892		0.88382			4
2025.11.20	01:16:08.482		0.88381			4
2025.11.20	01:16:10.865	0.88377	0.88383			6
2025.11.20	01:16:12.971		0.88382			4
2025.11.20	01:16:13.336		0.88383			4
2025.11.20	01:16:15.067	0.88376				2
2025.11.20	01:16:23.115		0.88382			4
2025.11.20	01:16:24.071	0.88378				2
2025.11.20	01:16:25.152	0.88380	0.88385			6
2025.11.20	01:16:25.458		0.88386			4
2025.11.20	01:16:27.315	0.88381				2
2025.11.20	01:16:29.988	0.88382	0.88387			6
2025.11.20	01:16:31.105		0.88386			4
2025.11.20	01:16:31.408	0.88380	0.88384			6
2025.11.20	01:16:32.558	0.88379				2
2025.11.20	01:16:43.273	0.88380	0.88385			6
2025.11.20	01:16:43.868	0.88379				2
2025.11.20	01:16:44.558	0.88378				2
2025.11.20	01:16:46.222		0.88384			4
2025.11.20	01:16:48.860	0.88380	0.88385			6
2025.11.20	01:16:50.877	0.88379				2
2025.11.20	01:16:51.878	0.88378	0.88384			6
2025.11.20	01:16:57.245	0.88383	0.88388			6
2025.11.20	01:16:58.152	0.88384				2
2025.11.20	01:16:58.660		0.88389			4
2025.11.20	01:17:00.622	0.88384				2
2025.11.20	01:17:01.001		0.88390			4
2025.11.20	01:17:02.524	0.88385				2
2025.11.20	01:17:03.945	0.88384	0.88389			6
2025.11.20	01:17:05.259	0.88383	0.88391			6
2025.11.20	01:17:05.578	0.88382				2
2025.11.20	01:17:07.096		0.88390			4
2025.11.20	01:17:08.442	0.88381				2
2025.11.20	01:17:09.747		0.88389			4
2025.11.20	01:17:10.430	0.88382	0.88390			6
2025.11.20	01:17:10.955	0.88385	0.88392			6
2025.11.20	01:17:11.275	0.88384				2
2025.11.20	01:17:11.850	0.88385				2
2025.11.20	01:17:18.472	0.88381	0.88389			6
2025.11.20	01:17:19.097		0.88388			4
2025.11.20	01:17:20.067	0.88380				2
2025.11.20	01:17:27.676	0.88377	0.88384			6
2025.11.20	01:17:29.373	0.88376				2
2025.11.20	01:17:30.478	0.88377				2
2025.11.20	01:17:30.825		0.88385			4
2025.11.20	01:17:31.936		0.88386			4
2025.11.20	01:17:32.427		0.88385			4
2025.11.20	01:17:36.676	0.88379	0.88387			6
2025.11.20	01:17:37.052	0.88383	0.88390			6
2025.11.20	01:17:37.841	0.88384	0.88392			6
2025.11.20	01:17:38.286		0.88393			4
2025.11.20	01:17:38.947		0.88392			4
2025.11.20	01:17:39.322	0.88385	0.88393			6
2025.11.20	01:17:41.160	0.88384	0.88389			6
2025.11.20	01:17:42.080	0.88383				2
2025.11.20	01:17:42.439	0.88382				2
2025.11.20	01:17:43.745	0.88386	0.88392			6
2025.11.20	01:17:45.887	0.88385				2
2025.11.20	01:17:46.995	0.88386				2
2025.11.20	01:17:49.710		0.88393			4
2025.11.20	01:17:50.015	0.88379	0.88386			6
2025.11.20	01:17:50.654	0.88385	0.88392			6
2025.11.20	01:17:50.958		0.88393			4
2025.11.20	01:17:51.339	0.88384				2
2025.11.20	01:17:52.430		0.88392			4
2025.11.20	01:17:52.745		0.88393			4
2025.11.20	01:17:53.591	0.88383	0.88391			6
2025.11.20	01:17:54.020	0.88382				2
2025.11.20	01:17:54.715	0.88386	0.88395			6
2025.11.20	01:17:56.028	0.88390	0.88397			6
2025.11.20	01:17:56.338	0.88391	0.88399			6
2025.11.20	01:17:57.370	0.88387	0.88395			6
2025.11.20	01:17:57.751	0.88388				2
2025.11.20	01:17:58.532	0.88386	0.88394			6
2025.11.20	01:17:58.854	0.88387				2
2025.11.20	01:17:59.521	0.88386				2
2025.11.20	01:18:00.315	0.88391	0.88398			6
2025.11.20	01:18:00.676		0.88399			4
2025.11.20	01:18:09.101		0.88397			4
2025.11.20	01:18:11.729	0.88390				2
2025.11.20	01:18:12.038		0.88396			4
2025.11.20	01:18:21.765	0.88392	0.88399			6
2025.11.20	01:18:26.267		0.88400			4
2025.11.20	01:18:26.594	0.88391	0.88398			6
2025.11.20	01:18:31.488	0.88392				2
2025.11.20	01:18:51.337	0.88393	0.88400			6
2025.11.20	01:18:53.195		0.88401			4
2025.11.20	01:18:54.411		0.88400			4
2025.11.20	01:18:59.303	0.88394	0.88402			6
2025.11.20	01:18:59.605	0.88396	0.88403			6
2025.11.20	01:19:00.604	0.88395				2
2025.11.20	01:19:02.960	0.88394				2
2025.11.20	01:19:03.448	0.88395				2
2025.11.20	01:19:04.464	0.88391	0.88398			6
2025.11.20	01:19:04.777		0.88399			4
2025.11.20	01:19:06.349	0.88392				2
2025.11.20	01:19:12.139		0.88397			4
2025.11.20	01:19:13.600	0.88389	0.88396			6
2025.11.20	01:19:20.118	0.88394	0.88400			6
2025.11.20	01:19:20.883	0.88395	0.88401			6
2025.11.20	01:19:21.661	0.88394				2
2025.11.20	01:19:24.555		0.88400			4
2025.11.20	01:19:30.916	0.88392	0.88398			6
2025.11.20	01:19:31.679	0.88390	0.88396			6
2025.11.20	01:19:31.998	0.88389	0.88395			6
2025.11.20	01:19:32.780	0.88391	0.88398			6
2025.11.20	01:19:34.304	0.88383	0.88391			6
2025.11.20	01:19:35.002	0.88385				2
2025.11.20	01:19:35.737	0.88384	0.88390			6
2025.11.20	01:19:36.038		0.88391			4
2025.11.20	01:19:36.388	0.88385				2
2025.11.20	01:19:47.685	0.88386				2
2025.11.20	01:19:50.702		0.88389			4
2025.11.20	01:19:54.286	0.88387	0.88393			6
2025.11.20	01:19:54.910		0.88391			4
2025.11.20	01:20:00.314	0.88387	0.88392			6
2025.11.20	01:20:00.669	0.88386	0.88393			6
2025.11.20	01:20:01.729	0.88387				2
2025.11.20	01:20:03.920	0.88386				2
2025.11.20	01:20:07.006		0.88392			4
2025.11.20	01:20:32.160	0.88385	0.88390			6
2025.11.20	01:20:33.756	0.88386				2
2025.11.20	01:20:35.047		0.88393			4
2025.11.20	01:20:36.680	0.88385	0.88391			6
2025.11.20	01:20:37.094	0.88384	0.88389			6
2025.11.20	01:20:42.914	0.88385				2
2025.11.20	01:20:52.897	0.88390	0.88393			6
2025.11.20	01:20:57.040	0.88391	0.88396			6
2025.11.20	01:20:58.347	0.88390	0.88393			6
2025.11.20	01:21:00.202	0.88390				2
2025.11.20	01:21:01.962	0.88389				2
2025.11.20	01:21:05.140		0.88392			4
2025.11.20	01:21:05.846	0.88386	0.88394			6
2025.11.20	01:21:08.281	0.88387				2
2025.11.20	01:21:11.631	0.88386	0.88392			6
2025.11.20	01:21:12.980	0.88387	0.88394			6
2025.11.20	01:21:18.859	0.88386				2
2025.11.20	01:21:19.592	0.88387	0.88393			6
2025.11.20	01:21:24.016	0.88381	0.88386			6
2025.11.20	01:21:30.296	0.88380	0.88387			6
2025.11.20	01:21:32.097		0.88386			4
2025.11.20	01:21:41.012		0.88385			4
2025.11.20	01:22:00.312	0.88380				2
2025.11.20	01:22:03.463	0.88379	0.88384			6
2025.11.20	01:22:04.219		0.88385			4
2025.11.20	01:22:04.541		0.88384			4
2025.11.20	01:22:06.567	0.88378				2
2025.11.20	01:22:08.702		0.88383			4
2025.11.20	01:22:09.724		0.88385			4
2025.11.20	01:22:15.428	0.88377	0.88383			6
2025.11.20	01:22:19.401		0.88382			4
2025.11.20	01:22:21.020		0.88383			4
2025.11.20	01:22:22.086	0.88378	0.88384			6
2025.11.20	01:22:25.091		0.88383			4
2025.11.20	01:22:26.688	0.88377	0.88382			6
2025.11.20	01:22:30.853	0.88378	0.88383			6
2025.11.20	01:22:31.649		0.88384			4
2025.11.20	01:22:33.311	0.88380				2
2025.11.20	01:22:35.982	0.88381	0.88386			6
2025.11.20	01:22:36.507	0.88380				2
2025.11.20	01:22:38.959		0.88385			4
2025.11.20	01:22:41.472	0.88379				2
2025.11.20	01:22:45.629		0.88382			4
2025.11.20	01:22:45.943		0.88384			4
2025.11.20	01:22:50.889		0.88385			4
2025.11.20	01:22:51.912		0.88384			4
2025.11.20	01:22:52.395		0.88385			4
2025.11.20	01:22:57.267		0.88383			4
2025.11.20	01:23:00.020	0.88379				2
2025.11.20	01:23:06.665	0.88380	0.88384			6
2025.11.20	01:23:09.520		0.88386			4
2025.11.20	01:23:10.351		0.88385			4
2025.11.20	01:23:12.766	0.88376	0.88382			6
2025.11.20	01:23:13.158	0.88377	0.88381			6
2025.11.20	01:23:13.804	0.88376	0.88382			6
2025.11.20	01:23:15.795		0.88381			4
2025.11.20	01:23:25.066		0.88380			4
2025.11.20	01:23:25.380	0.88375	0.88379			6
2025.11.20	01:23:27.708	0.88374	0.88378			6
2025.11.20	01:23:32.708	0.88373				2
2025.11.20	01:23:36.842		0.88377			4
2025.11.20	01:24:00.123	0.88373				2
2025.11.20	01:24:07.560	0.88374				2
2025.11.20	01:24:18.356	0.88373				2
2025.11.20	01:24:34.251	0.88374				2
2025.11.20	01:24:34.634	0.88372				2
2025.11.20	01:24:35.591		0.88376			4
2025.11.20	01:24:42.738	0.88371	0.88375			6
2025.11.20	01:24:43.156	0.88372	0.88376			6
2025.11.20	01:24:44.551	0.88371	0.88375			6
2025.11.20	01:24:45.616	0.88370				2
2025.11.20	01:24:46.703		0.88374			4
2025.11.20	01:24:47.019	0.88373	0.88378			6
2025.11.20	01:24:53.351	0.88372				2
2025.11.20	01:24:54.496		0.88376			4
2025.11.20	01:24:55.878		0.88378			4
2025.11.20	01:24:57.260		0.88377			4
2025.11.20	01:25:00.513	0.88372				2
2025.11.20	01:25:05.615	0.88371	0.88376			6
2025.11.20	01:25:08.180	0.88370				2
2025.11.20	01:25:11.157	0.88371				2
2025.11.20	01:25:13.449		0.88377			4
2025.11.20	01:25:17.181		0.88376			4
2025.11.20	01:25:18.153		0.88377			4
2025.11.20	01:25:22.959	0.88370	0.88376			6
2025.11.20	01:25:23.288	0.88371				2
2025.11.20	01:25:23.793	0.88370	0.88375			6
2025.11.20	01:25:25.340	0.88371				2
2025.11.20	01:25:26.863		0.88374			4
2025.11.20	01:25:34.110	0.88370				2
2025.11.20	01:25:34.474	0.88367	0.88373			6
2025.11.20	01:25:45.941		0.88374			4
2025.11.20	01:25:49.894	0.88366	0.88371			6
2025.11.20	01:25:51.267		0.88370			4
2025.11.20	01:25:59.491	0.88367	0.88371			6
2025.11.20	01:26:00.364	0.88367				2
2025.11.20	01:26:03.556	0.88366				2
2025.11.20	01:26:05.739		0.88370			4
2025.11.20	01:26:28.514	0.88365	0.88368			6
2025.11.20	01:26:29.693	0.88364				2
2025.11.20	01:26:30.250		0.88369			4
2025.11.20	01:26:36.736		0.88368			4
2025.11.20	01:26:37.197	0.88362	0.88366			6
2025.11.20	01:26:37.500		0.88367			4
2025.11.20	01:26:39.435	0.88361	0.88365			6
2025.11.20	01:26:48.577	0.88360				2
2025.11.20	01:26:49.489		0.88363			4
2025.11.20	01:26:59.710	0.88359	0.88362			6
2025.11.20	01:27:00.301	0.88359				2
2025.11.20	01:27:15.809		0.88364			4
2025.11.20	01:27:20.714		0.88363			4
2025.11.20	01:27:50.823	0.88364	0.88366			6
2025.11.20	01:27:51.506		0.88369			4
2025.11.20	01:27:52.247	0.88365				2
2025.11.20	01:27:52.710		0.88368			4
2025.11.20	01:27:54.272	0.88364				2
2025.11.20	01:27:59.114	0.88365				2
2025.11.20	01:28:00.449	0.88365				2
2025.11.20	01:28:00.882	0.88364				2
2025.11.20	01:28:20.036	0.88363	0.88367			6
2025.11.20	01:28:29.887	0.88364				2
2025.11.20	01:28:51.366	0.88363				2
2025.11.20	01:28:51.681	0.88364	0.88368			6
2025.11.20	01:28:54.810		0.88367			4
2025.11.20	01:28:55.284	0.88363	0.88368			6
2025.11.20	01:28:56.121	0.88364				2
2025.11.20	01:29:00.314	0.88364				2
2025.11.20	01:29:03.116	0.88362	0.88366			6
2025.11.20	01:29:03.421	0.88361				2
2025.11.20	01:29:08.378	0.88362				2
2025.11.20	01:29:08.741	0.88361	0.88365			6
2025.11.20	01:29:45.442	0.88360				2
2025.11.20	01:29:53.512	0.88362	0.88366			6
2025.11.20	01:29:55.790		0.88368			4
2025.11.20	01:29:56.160		0.88365			4
2025.11.20	01:29:56.791		0.88368			4
2025.11.20	01:29:57.176		0.88365			4
2025.11.20	01:29:58.276		0.88366			4
2025.11.20	01:29:58.615		0.88368			4
2025.11.20	01:29:59.748		0.88365			4
2025.11.20	01:30:00.370	0.88361				2
2025.11.20	01:30:01.755	0.88360				2
2025.11.20	01:30:02.094	0.88358	0.88361			6
2025.11.20	01:30:02.533	0.88357	0.88362			6
2025.11.20	01:30:06.603	0.88355	0.88360			6
2025.11.20	01:30:06.904	0.88353	0.88358			6
2025.11.20	01:30:08.837	0.88355				2
2025.11.20	01:30:09.200	0.88354				2
2025.11.20	01:30:09.511	0.88355	0.88359			6
2025.11.20	01:30:09.868	0.88358	0.88361			6
2025.11.20	01:30:11.437	0.88356	0.88362			6
2025.11.20	01:30:12.003	0.88359				2
2025.11.20	01:30:13.425	0.88358	0.88361			6
2025.11.20	01:30:13.790		0.88362			4
2025.11.20	01:30:18.564		0.88363			4
2025.11.20	01:30:20.310	0.88359				2
2025.11.20	01:30:27.523	0.88360	0.88364			6
2025.11.20	01:30:27.840	0.88359				2
2025.11.20	01:30:29.409	0.88357	0.88361			6
2025.11.20	01:30:45.326	0.88358				2
2025.11.20	01:31:02.348	0.88358				2
2025.11.20	01:31:07.793	0.88359	0.88363			6
2025.11.20	01:31:08.718	0.88358	0.88362			6
2025.11.20	01:31:15.833	0.88359	0.88363			6
2025.11.20	01:31:16.865	0.88358				2
2025.11.20	01:31:22.544	0.88359	0.88364			6
2025.11.20	01:31:23.798	0.88360				2
2025.11.20	01:31:30.362	0.88356	0.88360			6
2025.11.20	01:31:38.716	0.88355				2
2025.11.20	01:31:45.041	0.88356				2
2025.11.20	01:31:51.448		0.88361			4
2025.11.20	01:31:54.139		0.88360			4
2025.11.20	01:32:00.459	0.88355	0.88359			6
2025.11.20	01:32:02.330	0.88354				2
2025.11.20	01:32:03.476	0.88355				2
2025.11.20	01:32:07.518	0.88358	0.88361			6
2025.11.20	01:32:09.748		0.88362			4
2025.11.20	01:32:12.112	0.88356	0.88360			6
2025.11.20	01:32:17.667	0.88355	0.88359			6
2025.11.20	01:32:18.446	0.88356				2
2025.11.20	01:32:54.318		0.88360			4
2025.11.20	01:33:00.333	0.88356				2
2025.11.20	01:33:01.404	0.88357	0.88361			6
2025.11.20	01:33:02.423		0.88360			4
2025.11.20	01:33:06.510		0.88361			4
2025.11.20	01:33:09.242	0.88356				2
2025.11.20	01:33:11.653	0.88357				2
2025.11.20	01:33:11.958	0.88352	0.88358			6
2025.11.20	01:33:12.346	0.88354	0.88359			6
2025.11.20	01:33:38.965	0.88353	0.88358			6
2025.11.20	01:33:42.586	0.88354	0.88359			6
2025.11.20	01:33:47.918	0.88353	0.88357			6
2025.11.20	01:33:48.981	0.88354	0.88358			6
2025.11.20	01:33:50.095		0.88359			4
2025.11.20	01:33:51.110		0.88358			4
2025.11.20	01:33:51.536		0.88359			4
2025.11.20	01:33:53.367		0.88358			4
2025.11.20	01:33:53.969	0.88351	0.88356			6
2025.11.20	01:33:56.578	0.88350	0.88355			6
2025.11.20	01:34:00.315	0.88351	0.88356			6
2025.11.20	01:34:12.121	0.88350	0.88355			6
2025.11.20	01:34:17.730	0.88351				2
2025.11.20	01:34:25.581		0.88356			4
2025.11.20	01:34:26.035	0.88352				2
2025.11.20	01:34:27.389		0.88357			4
2025.11.20	01:34:30.944	0.88351				2
2025.11.20	01:34:33.257		0.88356			4
2025.11.20	01:34:34.462	0.88353	0.88357			6
2025.11.20	01:34:40.892	0.88354				2
2025.11.20	01:34:43.681	0.88353				2
2025.11.20	01:34:44.074	0.88354				2
2025.11.20	01:34:44.831	0.88355	0.88358			6
2025.11.20	01:34:46.125	0.88354	0.88357			6
2025.11.20	01:34:48.282	0.88355	0.88359			6
2025.11.20	01:34:49.602		0.88358			4
2025.11.20	01:35:00.692	0.88355				2
2025.11.20	01:35:01.102	0.88353	0.88356			6
2025.11.20	01:35:01.428	0.88354				2
2025.11.20	01:35:02.404	0.88352	0.88355			6
2025.11.20	01:35:03.259		0.88356			4
2025.11.20	01:35:03.564	0.88354	0.88358			6
2025.11.20	01:35:30.631	0.88350	0.88355			6
2025.11.20	01:35:41.430	0.88349	0.88354			6
2025.11.20	01:35:42.882	0.88350				2
2025.11.20	01:35:43.948	0.88349				2
2025.11.20	01:35:46.002	0.88350	0.88355			6
2025.11.20	01:35:46.362		0.88354			4
2025.11.20	01:35:52.351	0.88349				2
2025.11.20	01:35:59.659	0.88350				2
2025.11.20	01:36:00.861	0.88349				2
2025.11.20	01:36:06.352	0.88350				2
2025.11.20	01:36:06.659	0.88349				2
2025.11.20	01:36:07.003	0.88350				2
2025.11.20	01:36:07.432		0.88355			4
2025.11.20	01:36:08.213	0.88349				2
2025.11.20	01:36:12.958	0.88347	0.88351			6
2025.11.20	01:36:25.019		0.88352			4
2025.11.20	01:36:26.780	0.88348	0.88353			6
2025.11.20	01:36:32.123	0.88349				2
2025.11.20	01:36:34.716		0.88354			4
2025.11.20	01:36:47.041	0.88350				2
2025.11.20	01:36:57.257		0.88356			4
2025.11.20	01:36:59.144	0.88351				2
2025.11.20	01:37:00.353	0.88350	0.88354			6
2025.11.20	01:37:00.658	0.88348	0.88353			6
2025.11.20	01:37:04.717	0.88349	0.88354			6
2025.11.20	01:37:05.941	0.88350				2
2025.11.20	01:37:12.678	0.88349	0.88353			6
2025.11.20	01:37:15.292	0.88350				2
2025.11.20	01:37:15.626	0.88349				2
2025.11.20	01:37:15.963	0.88350				2
2025.11.20	01:37:16.299	0.88349				2
2025.11.20	01:37:16.662	0.88350				2
2025.11.20	01:37:17.000	0.88349				2
2025.11.20	01:37:17.340	0.88350				2
2025.11.20	01:37:17.653	0.88349				2
2025.11.20	01:37:17.990	0.88350				2
2025.11.20	01:37:18.332	0.88349				2
2025.11.20	01:37:20.090	0.88347	0.88352			6
2025.11.20	01:37:20.402		0.88351			4
2025.11.20	01:37:22.391	0.88346	0.88352			6
2025.11.20	01:37:23.421	0.88347				2
2025.11.20	01:37:27.470	0.88344	0.88349			6
2025.11.20	01:37:31.674		0.88350			4
2025.11.20	01:37:33.916	0.88345				2
2025.11.20	01:37:34.700		0.88349			4
2025.11.20	01:37:35.062	0.88344				2
2025.11.20	01:37:42.734	0.88343				2
2025.11.20	01:37:43.244	0.88345				2
2025.11.20	01:37:46.736	0.88344				2
2025.11.20	01:37:51.914	0.88345				2
2025.11.20	01:37:59.656	0.88344	0.88348			6
2025.11.20	01:38:00.017	0.88344				2
2025.11.20	01:38:02.992		0.88350			4
2025.11.20	01:38:06.542	0.88345				2
2025.11.20	01:38:12.990	0.88344				2
2025.11.20	01:38:14.356	0.88345				2
2025.11.20	01:38:18.861	0.88342	0.88349			6
2025.11.20	01:38:19.164		0.88348			4
2025.11.20	01:38:19.841	0.88343				2
2025.11.20	01:38:20.444	0.88342				2
2025.11.20	01:38:25.113	0.88343				2
2025.11.20	01:38:32.965	0.88342				2
2025.11.20	01:38:33.332	0.88343				2
2025.11.20	01:38:38.035	0.88344	0.88350			6
2025.11.20	01:38:42.014	0.88343				2
2025.11.20	01:38:45.349	0.88344				2
2025.11.20	01:38:48.318	0.88343	0.88347			6
2025.11.20	01:38:49.647		0.88349			4
2025.11.20	01:38:54.947	0.88344				2
2025.11.20	01:38:57.606	0.88342	0.88348			6
2025.11.20	01:39:00.826	0.88342	0.88346			6
2025.11.20	01:39:08.251	0.88335	0.88341			6
2025.11.20	01:39:12.315	0.88336				2
2025.11.20	01:39:20.985	0.88337	0.88342			6
2025.11.20	01:39:21.536	0.88339	0.88344			6
2025.11.20	01:39:22.163	0.88341	0.88346			6
2025.11.20	01:39:27.157	0.88337	0.88340			6
2025.11.20	01:39:49.435		0.88342			4
2025.11.20	01:39:57.271	0.88338				2
2025.11.20	01:40:00.758	0.88338				2
2025.11.20	01:40:06.160	0.88339				2
2025.11.20	01:40:08.076		0.88343			4
2025.11.20	01:40:20.925	0.88340	0.88345			6
2025.11.20	01:40:22.118	0.88339	0.88343			6
2025.11.20	01:40:25.934		0.88344			4
2025.11.20	01:40:26.709		0.88342			4
2025.11.20	01:40:36.470		0.88341			4
2025.11.20	01:40:37.057	0.88338	0.88342			6
2025.11.20	01:40:38.888		0.88341			4
2025.11.20	01:40:42.093	0.88337				2
2025.11.20	01:40:42.447	0.88338				2
2025.11.20	01:40:49.739	0.88340	0.88344			6
2025.11.20	01:40:51.863	0.88341				2
2025.11.20	01:40:52.165	0.88343	0.88349			6
2025.11.20	01:40:52.474	0.88344				2
2025.11.20	01:40:57.973	0.88343				2
2025.11.20	01:41:00.053	0.88343				2
2025.11.20	01:41:00.518	0.88345				2
2025.11.20	01:41:03.785	0.88348	0.88352			6
2025.11.20	01:41:04.097	0.88349				2
2025.11.20	01:41:04.699	0.88348				2
2025.11.20	01:41:05.478	0.88347	0.88350			6
2025.11.20	01:41:05.803	0.88343	0.88348			6
2025.11.20	01:41:06.145	0.88342	0.88347			6
2025.11.20	01:41:09.846	0.88344				2
2025.11.20	01:41:10.362	0.88343				2
2025.11.20	01:41:15.256	0.88344				2
2025.11.20	01:41:18.490		0.88348			4
2025.11.20	01:41:20.351	0.88345	0.88349			6
2025.11.20	01:41:21.396	0.88348	0.88353			6
2025.11.20	01:41:24.150		0.88352			4
2025.11.20	01:41:34.983	0.88349				2
2025.11.20	01:41:36.329	0.88348				2
2025.11.20	01:41:36.653	0.88349				2
2025.11.20	01:41:43.380		0.88353			4
2025.11.20	01:41:44.976		0.88354			4
2025.11.20	01:42:00.732	0.88349				2
2025.11.20	01:42:01.138	0.88348	0.88351			6
2025.11.20	01:42:02.428	0.88347	0.88352			6
2025.11.20	01:42:05.065		0.88351			4
2025.11.20	01:42:05.914		0.88350			4
2025.11.20	01:42:06.220	0.88346				2
2025.11.20	01:42:07.006	0.88347				2
2025.11.20	01:42:14.274	0.88345	0.88348			6
2025.11.20	01:42:15.416	0.88344				2
2025.11.20	01:42:18.017	0.88345				2
2025.11.20	01:42:40.758		0.88349			4
2025.11.20	01:42:42.154	0.88346	0.88350			6
2025.11.20	01:42:43.407		0.88348			4
2025.11.20	01:42:46.165	0.88345				2
2025.11.20	01:42:46.480	0.88347	0.88352			6
2025.11.20	01:42:50.682	0.88348				2
2025.11.20	01:43:03.314	0.88348				2
2025.11.20	01:43:15.390	0.88349	0.88354			6
2025.11.20	01:43:22.641		0.88353			4
2025.11.20	01:43:24.433	0.88348				2
2025.11.20	01:43:33.223	0.88349				2
2025.11.20	01:43:33.593	0.88350				2
2025.11.20	01:43:34.228	0.88349				2
2025.11.20	01:43:36.740	0.88348				2
2025.11.20	01:43:42.844	0.88349	0.88355			6
2025.11.20	01:43:43.161	0.88348	0.88353			6
2025.11.20	01:43:44.209	0.88349				2
2025.11.20	01:44:00.312	0.88350				2
2025.11.20	01:44:01.528	0.88349				2
2025.11.20	01:44:03.914	0.88350				2
2025.11.20	01:44:05.054	0.88349				2
2025.11.20	01:44:09.645	0.88350				2
2025.11.20	01:44:15.358	0.88348				2
2025.11.20	01:44:29.589	0.88350	0.88355			6
2025.11.20	01:44:35.888	0.88349				2
2025.11.20	01:44:37.872	0.88350				2
2025.11.20	01:44:39.380	0.88349	0.88354			6
2025.11.20	01:44:42.377		0.88353			4
2025.11.20	01:44:42.695		0.88354			4
2025.11.20	01:44:49.220	0.88348				2
2025.11.20	01:44:49.743	0.88349				2
2025.11.20	01:44:52.663		0.88353			4
2025.11.20	01:45:00.732	0.88349				2
2025.11.20	01:45:01.486	0.88350				2
2025.11.20	01:45:01.958	0.88348				2
2025.11.20	01:45:02.659	0.88350				2
2025.11.20	01:45:07.372	0.88349				2
2025.11.20	01:45:10.390	0.88350				2
2025.11.20	01:45:12.998	0.88348				2
2025.11.20	01:45:23.267	0.88347				2
2025.11.20	01:45:30.915	0.88348				2
2025.11.20	01:45:53.998		0.88353			4
2025.11.20	01:46:00.002	0.88349				2
2025.11.20	01:46:10.156	0.88348	0.88350			6
2025.11.20	01:46:12.728	0.88349	0.88353			6
2025.11.20	01:46:13.047	0.88347				2
2025.11.20	01:46:13.956	0.88348				2
2025.11.20	01:46:15.992	0.88347				2
2025.11.20	01:46:18.369	0.88348	0.88354			6
2025.11.20	01:46:19.779	0.88349				2
2025.11.20	01:46:20.087	0.88348				2
2025.11.20	01:46:23.157	0.88349				2
2025.11.20	01:46:24.408	0.88348				2
2025.11.20	01:46:24.887	0.88349				2
2025.11.20	01:46:27.993	0.88348				2
2025.11.20	01:46:28.430		0.88353			4
2025.11.20	01:46:29.538	0.88349				2
2025.11.20	01:46:31.059	0.88350				2
2025.11.20	01:46:44.920	0.88349				2
2025.11.20	01:46:46.692	0.88348				2
2025.11.20	01:46:46.997	0.88349				2
2025.11.20	01:46:47.885	0.88348				2
2025.11.20	01:46:50.766	0.88349	0.88354			6
2025.11.20	01:46:53.612		0.88353			4
2025.11.20	01:46:59.713	0.88348				2
2025.11.20	01:47:01.795	0.88348				2
2025.11.20	01:47:05.006	0.88349				2
2025.11.20	01:47:06.545	0.88348				2
2025.11.20	01:47:11.339	0.88349				2
2025.11.20	01:47:16.823	0.88348				2
2025.11.20	01:47:17.132	0.88349	0.88354			6
2025.11.20	01:47:26.531		0.88353			4
2025.11.20	01:47:54.883	0.88348				2
2025.11.20	01:47:59.889	0.88349				2
2025.11.20	01:48:00.718	0.88349				2
2025.11.20	01:48:22.499	0.88348				2
2025.11.20	01:48:26.929		0.88353			4
2025.11.20	01:48:33.569		0.88352			4
2025.11.20	01:48:35.819	0.88349	0.88353			6
2025.11.20	01:48:37.193	0.88348	0.88352			6
2025.11.20	01:48:53.618	0.88345	0.88349			6
2025.11.20	01:49:00.319	0.88345				2
2025.11.20	01:49:01.097	0.88341	0.88346			6
2025.11.20	01:49:01.420	0.88343				2
2025.11.20	01:49:02.866	0.88341	0.88345			6
2025.11.20	01:49:08.722	0.88343	0.88349			6
2025.11.20	01:49:09.090	0.88344				2
2025.11.20	01:49:10.353	0.88342	0.88345			6
2025.11.20	01:49:10.658	0.88341				2
2025.11.20	01:49:17.598	0.88342	0.88346			6
2025.11.20	01:49:17.899	0.88344	0.88347			6
2025.11.20	01:49:29.247		0.88349			4
2025.11.20	01:49:29.706	0.88342	0.88346			6
2025.11.20	01:49:30.132		0.88345			4
2025.11.20	01:49:35.031	0.88344	0.88347			6
2025.11.20	01:49:38.347	0.88343				2
2025.11.20	01:49:38.672		0.88346			4
2025.11.20	01:49:41.452		0.88345			4
2025.11.20	01:49:54.612		0.88347			4
2025.11.20	01:49:59.163		0.88348			4
2025.11.20	01:50:00.576	0.88343				2
2025.11.20	01:50:02.699		0.88349			4
2025.11.20	01:50:09.154	0.88344	0.88346			6
2025.11.20	01:50:09.566	0.88343				2
2025.11.20	01:50:15.716	0.88344	0.88347			6
2025.11.20	01:50:16.074	0.88345	0.88349			6
2025.11.20	01:50:19.230	0.88344				2
2025.11.20	01:50:20.888	0.88345	0.88350			6
2025.11.20	01:50:21.678		0.88351			4
2025.11.20	01:50:22.001	0.88346	0.88349			6
2025.11.20	01:50:22.741	0.88344	0.88348			6
2025.11.20	01:50:26.527	0.88345	0.88350			6
2025.11.20	01:50:26.900	0.88346	0.88351			6
2025.11.20	01:50:27.860		0.88350			4
2025.11.20	01:50:29.867		0.88351			4
2025.11.20	01:50:36.717		0.88350			4
2025.11.20	01:50:37.641	0.88348	0.88351			6
2025.11.20	01:50:42.691		0.88350			4
2025.11.20	01:50:44.386	0.88346	0.88349			6
2025.11.20	01:50:44.700	0.88348	0.88352			6
2025.11.20	01:50:45.030	0.88349				2
2025.11.20	01:51:00.885	0.88349				2
2025.11.20	01:51:11.345		0.88354			4
2025.11.20	01:51:11.659	0.88352	0.88356			6
2025.11.20	01:51:15.668	0.88353	0.88358			6
2025.11.20	01:51:15.978	0.88354	0.88360			6
2025.11.20	01:51:17.646		0.88358			4
2025.11.20	01:51:23.357		0.88357			4
2025.11.20	01:51:28.694	0.88353				2
2025.11.20	01:51:29.358	0.88352	0.88356			6
2025.11.20	01:51:35.571		0.88357			4
2025.11.20	01:51:38.274	0.88353				2
2025.11.20	01:51:46.232	0.88356				2
2025.11.20	01:51:46.716	0.88353				2
2025.11.20	01:52:00.918	0.88353	0.88356			6
2025.11.20	01:52:08.368		0.88357			4
2025.11.20	01:52:08.762	0.88354	0.88358			6
2025.11.20	01:52:09.079	0.88355	0.88359			6
2025.11.20	01:52:09.427	0.88354	0.88360			6
2025.11.20	01:52:09.729	0.88355				2
2025.11.20	01:52:10.958	0.88354				2
2025.11.20	01:52:11.381		0.88358			4
2025.11.20	01:52:11.726	0.88353	0.88356			6
2025.11.20	01:52:15.361	0.88352	0.88355			6
2025.11.20	01:52:19.823	0.88351				2
2025.11.20	01:52:21.857		0.88354			4
2025.11.20	01:52:22.472	0.88350				2
2025.11.20	01:52:25.707	0.88349	0.88353			6
2025.11.20	01:52:28.293	0.88348				2
2025.11.20	01:52:29.883	0.88347	0.88352			6
2025.11.20	01:52:36.337	0.88348	0.88353			6
2025.11.20	01:52:49.211		0.88352			4
2025.11.20	01:52:51.699		0.88353			4
2025.11.20	01:53:00.388	0.88351	0.88356			6
2025.11.20	01:53:06.511		0.88355			4
2025.11.20	01:53:13.549	0.88352				2
2025.11.20	01:53:15.132	0.88351				2
2025.11.20	01:53:28.236	0.88347	0.88351			6
2025.11.20	01:53:28.539	0.88346	0.88350			6
2025.11.20	01:53:28.936	0.88345				2
2025.11.20	01:53:33.103	0.88346				2
2025.11.20	01:53:33.414	0.88345				2
2025.11.20	01:53:38.009	0.88343	0.88349			6
2025.11.20	01:53:42.078	0.88342	0.88346			6
2025.11.20	01:53:42.856	0.88346	0.88347			6
2025.11.20	01:53:43.156	0.88342	0.88346			6
2025.11.20	01:54:00.313	0.88342				2
2025.11.20	01:54:30.815		0.88347			4
2025.11.20	01:54:41.391	0.88341	0.88346			6
2025.11.20	01:54:45.380	0.88342	0.88347			6
2025.11.20	01:54:45.688	0.88341	0.88346			6
2025.11.20	01:54:46.207	0.88340				2
2025.11.20	01:54:47.818		0.88345			4
2025.11.20	01:55:00.869	0.88341				2
2025.11.20	01:55:02.638	0.88340				2
2025.11.20	01:55:15.377		0.88344			4
2025.11.20	01:55:22.746	0.88341				2
2025.11.20	01:55:49.738	0.88340				2
2025.11.20	01:55:50.543	0.88341				2
2025.11.20	01:55:53.649	0.88340				2
2025.11.20	01:56:00.779	0.88344	0.88345			6
2025.11.20	01:56:01.097	0.88340	0.88344			6
2025.11.20	01:56:14.430	0.88341				2
2025.11.20	01:56:14.924		0.88347			4
2025.11.20	01:56:23.841	0.88339	0.88344			6
2025.11.20	01:56:25.884	0.88338	0.88343			6
2025.11.20	01:56:26.527	0.88339				2
2025.11.20	01:56:35.407	0.88341	0.88344			6
2025.11.20	01:56:36.356	0.88342	0.88347			6
2025.11.20	01:56:39.571		0.88346			4
2025.11.20	01:56:53.413		0.88345			4
2025.11.20	01:57:00.976	0.88342				2
2025.11.20	01:57:02.368		0.88346			4
2025.11.20	01:57:02.863		0.88345			4
2025.11.20	01:57:06.233	0.88343	0.88347			6
2025.11.20	01:57:13.028		0.88348			4
2025.11.20	01:57:13.345	0.88345	0.88349			6
2025.11.20	01:57:15.360	0.88344	0.88348			6
2025.11.20	01:57:21.806		0.88347			4
2025.11.20	01:57:32.241	0.88343				2
2025.11.20	01:57:51.369	0.88345	0.88349			6
2025.11.20	01:58:00.319	0.88345				2
2025.11.20	01:58:01.193	0.88344	0.88348			6
2025.11.20	01:58:04.419	0.88349	0.88352			6
2025.11.20	01:58:08.092		0.88351			4
2025.11.20	01:58:09.597	0.88348				2
2025.11.20	01:58:10.065		0.88353			4
2025.11.20	01:58:10.743	0.88349				2
2025.11.20	01:58:15.361	0.88352	0.88356			6
2025.11.20	01:58:16.138	0.88353	0.88357			6
2025.11.20	01:58:55.831	0.88350	0.88354			6
2025.11.20	01:59:00.584	0.88349				2
2025.11.20	01:59:00.908	0.88350				2
2025.11.20	01:59:31.831	0.88351				2
2025.11.20	01:59:34.516	0.88350				2
2025.11.20	01:59:37.272	0.88351				2
2025.11.20	01:59:45.788	0.88350				2
2025.11.20	01:59:50.276	0.88353	0.88356			6
2025.11.20	01:59:50.578		0.88357			4
2025.11.20	01:59:58.058	0.88354				2
2025.11.20	02:00:00.336	0.88356				2
2025.11.20	02:00:00.778	0.88355				2
2025.11.20	02:00:09.037	0.88356	0.88359			6
2025.11.20	02:00:09.702	0.88358				2
2025.11.20	02:00:10.024		0.88360			4
2025.11.20	02:00:10.747	0.88357	0.88358			6
2025.11.20	02:00:11.468		0.88359			4
2025.11.20	02:00:15.378	0.88356	0.88360			6
2025.11.20	02:00:15.863		0.88358			4
2025.11.20	02:00:16.952	0.88357				2
2025.11.20	02:00:20.251	0.88356				2
2025.11.20	02:00:21.984		0.88357			4
2025.11.20	02:00:25.649	0.88355	0.88356			6
2025.11.20	02:00:29.805		0.88358			4
2025.11.20	02:00:30.204	0.88354	0.88356			6
2025.11.20	02:00:30.976	0.88356	0.88359			6
2025.11.20	02:00:31.318		0.88358			4
2025.11.20	02:00:32.443		0.88359			4
2025.11.20	02:00:38.141	0.88354	0.88356			6
2025.11.20	02:00:38.444	0.88353	0.88355			6
2025.11.20	02:00:38.764		0.88354			4
2025.11.20	02:00:39.822		0.88355			4
2025.11.20	02:00:40.857	0.88351	0.88354			6
2025.11.20	02:00:41.161		0.88353			4
2025.11.20	02:00:42.622	0.88350	0.88352			6
2025.11.20	02:00:43.883	0.88349				2
2025.11.20	02:00:44.311		0.88351			4
2025.11.20	02:00:45.262	0.88351	0.88353			6
2025.11.20	02:00:57.397	0.88350	0.88352			6
2025.11.20	02:01:00.043	0.88350				2
2025.11.20	02:01:04.511		0.88353			4
2025.11.20	02:01:05.248		0.88352			4
2025.11.20	02:01:15.973		0.88351			4
2025.11.20	02:01:16.296		0.88352			4
2025.11.20	02:01:26.250		0.88353			4
2025.11.20	02:01:26.554		0.88352			4
2025.11.20	02:01:30.661		0.88351			4
2025.11.20	02:01:32.847		0.88352			4
2025.11.20	02:01:41.364	0.88353	0.88355			6
2025.11.20	02:01:47.726	0.88355	0.88358			6
2025.11.20	02:01:49.394	0.88356				2
2025.11.20	02:01:50.165		0.88359			4
2025.11.20	02:01:53.391	0.88361	0.88362			6
2025.11.20	02:01:53.699		0.88363			4
2025.11.20	02:01:54.350		0.88365			4
2025.11.20	02:01:54.747		0.88366			4
2025.11.20	02:01:56.045	0.88359	0.88362			6
2025.11.20	02:01:58.682	0.88358	0.88363			6
2025.11.20	02:01:59.365	0.88359				2
2025.11.20	02:02:00.317	0.88359				2
2025.11.20	02:02:01.392	0.88358	0.88361			6
2025.11.20	02:02:01.694	0.88357	0.88360			6
2025.11.20	02:02:02.347	0.88356				2
2025.11.20	02:02:02.987	0.88357				2
2025.11.20	02:02:04.202	0.88356				2
2025.11.20	02:02:05.729		0.88359			4
2025.11.20	02:02:06.213	0.88359	0.88362			6
2025.11.20	02:02:07.288	0.88358	0.88361			6
2025.11.20	02:02:07.640		0.88362			4
2025.11.20	02:02:11.661	0.88356				2
2025.11.20	02:02:11.964		0.88360			4
2025.11.20	02:02:14.320	0.88358	0.88361			6
2025.11.20	02:02:17.804	0.88359				2
2025.11.20	02:02:18.147	0.88358				2
2025.11.20	02:02:19.290	0.88359	0.88362			6
2025.11.20	02:02:19.913	0.88360	0.88363			6
2025.11.20	02:02:20.233	0.88362	0.88366			6
2025.11.20	02:02:20.974		0.88367			4
2025.11.20	02:02:21.317	0.88361	0.88362			6
2025.11.20	02:02:22.173		0.88363			4
2025.11.20	02:02:27.290		0.88362			4
2025.11.20	02:02:28.005		0.88363			4
2025.11.20	02:02:29.747		0.88364			4
2025.11.20	02:02:30.059	0.88362				2
2025.11.20	02:02:30.465		0.88365			4
2025.11.20	02:02:32.273	0.88363				2
2025.11.20	02:02:33.712	0.88362				2
2025.11.20	02:02:35.661	0.88363	0.88366			6
2025.11.20	02:02:35.967	0.88364				2
2025.11.20	02:02:37.086	0.88366	0.88368			6
2025.11.20	02:02:39.866		0.88367			4
2025.11.20	02:02:40.194		0.88368			4
2025.11.20	02:02:40.497		0.88367			4
2025.11.20	02:02:46.132	0.88364	0.88365			6
2025.11.20	02:02:49.532	0.88363				2
2025.11.20	02:02:50.545	0.88362	0.88364			6
2025.11.20	02:02:51.423	0.88361	0.88365			6
2025.11.20	02:02:52.346		0.88364			4
2025.11.20	02:02:53.502		0.88365			4
2025.11.20	02:02:54.344		0.88364			4
2025.11.20	02:02:55.982		0.88365			4
2025.11.20	02:02:57.065	0.88362	0.88364			6
2025.11.20	02:03:00.232	0.88362				2
2025.11.20	02:03:00.912	0.88361	0.88363			6
2025.11.20	02:03:02.018	0.88360	0.88362			6
2025.11.20	02:03:04.530	0.88361				2
2025.11.20	02:03:04.840		0.88363			4
2025.11.20	02:03:07.089		0.88364			4
2025.11.20	02:03:12.518	0.88362				2
2025.11.20	02:03:12.902		0.88363			4
2025.11.20	02:03:20.885	0.88361				2
2025.11.20	02:03:26.954	0.88362				2
2025.11.20	02:03:30.383		0.88364			4
2025.11.20	02:03:31.140		0.88365			4
2025.11.20	02:03:33.507	0.88364				2
2025.11.20	02:03:33.810	0.88363				2
2025.11.20	02:03:39.702	0.88362				2
2025.11.20	02:03:40.122		0.88364			4
2025.11.20	02:03:41.041		0.88365			4
2025.11.20	02:03:41.352		0.88366			4
2025.11.20	02:03:42.189		0.88365			4
2025.11.20	02:03:42.532	0.88363	0.88364			6
2025.11.20	02:03:43.819	0.88364	0.88365			6
2025.11.20	02:03:51.995	0.88365	0.88368			6
2025.11.20	02:03:54.094	0.88366				2
2025.11.20	02:03:55.717		0.88369			4
2025.11.20	02:04:00.140	0.88367				2
2025.11.20	02:04:00.872	0.88368				2
2025.11.20	02:04:01.210	0.88367				2
2025.11.20	02:04:02.365	0.88366				2
2025.11.20	02:04:06.899	0.88367				2
2025.11.20	02:04:09.432		0.88368			4
2025.11.20	02:04:11.337		0.88369			4
2025.11.20	02:04:12.917	0.88366	0.88368			6
2025.11.20	02:04:13.348	0.88367				2
2025.11.20	02:04:15.378	0.88366				2
2025.11.20	02:04:30.358	0.88367				2
2025.11.20	02:04:30.758	0.88365	0.88367			6
2025.11.20	02:04:32.068		0.88366			4
2025.11.20	02:04:32.434	0.88364				2
2025.11.20	02:04:33.636	0.88365	0.88367			6
2025.11.20	02:04:34.614	0.88364				2
2025.11.20	02:04:38.498	0.88363	0.88366			6
2025.11.20	02:04:41.606		0.88365			4
2025.11.20	02:04:44.569		0.88366			4
2025.11.20	02:04:45.548		0.88365			4
2025.11.20	02:04:47.924	0.88364	0.88366			6
2025.11.20	02:04:51.910		0.88365			4
2025.11.20	02:04:57.042	0.88363				2
2025.11.20	02:04:57.454		0.88364			4
2025.11.20	02:05:00.585	0.88363				2
2025.11.20	02:05:06.873	0.88362	0.88365			6
2025.11.20	02:05:07.727	0.88360	0.88364			6
2025.11.20	02:05:08.040	0.88361	0.88363			6
2025.11.20	02:05:10.885	0.88360				2
2025.11.20	02:05:11.863	0.88361				2
2025.11.20	02:05:15.232		0.88365			4
2025.11.20	02:05:15.577		0.88364			4
2025.11.20	02:05:18.177		0.88363			4
2025.11.20	02:05:19.983		0.88364			4
2025.11.20	02:05:21.330		0.88363			4
2025.11.20	02:05:21.990		0.88364			4
2025.11.20	02:05:23.280		0.88363			4
2025.11.20	02:05:30.182	0.88355	0.88359			6
2025.11.20	02:05:30.499	0.88354	0.88357			6
2025.11.20	02:05:31.314	0.88355				2
2025.11.20	02:05:31.631	0.88356	0.88358			6
2025.11.20	02:05:31.957		0.88359			4
2025.11.20	02:05:35.303		0.88360			4
2025.11.20	02:05:38.547	0.88360	0.88361			6
2025.11.20	02:05:38.859	0.88361	0.88363			6
2025.11.20	02:05:40.640		0.88362			4
2025.11.20	02:05:41.938		0.88363			4
2025.11.20	02:05:43.149		0.88362			4
2025.11.20	02:05:43.451		0.88363			4
2025.11.20	02:05:45.169	0.88362				2
2025.11.20	02:05:45.641	0.88361	0.88362			6
2025.11.20	02:05:46.253		0.88363			4
2025.11.20	02:05:46.696		0.88362			4
2025.11.20	02:05:50.029	0.88360				2
2025.11.20	02:05:51.744	0.88361	0.88363			6
2025.11.20	02:05:53.148	0.88362	0.88364			6
2025.11.20	02:05:54.382	0.88361	0.88365			6
2025.11.20	02:05:54.713	0.88362	0.88364			6
2025.11.20	02:05:55.447		0.88365			4
2025.11.20	02:05:56.438	0.88363	0.88364			6
2025.11.20	02:05:56.750	0.88362				2
2025.11.20	02:05:57.776		0.88363			4
2025.11.20	02:06:00.110	0.88362				2
2025.11.20	02:06:00.791		0.88364			4
2025.11.20	02:06:01.232	0.88361				2
2025.11.20	02:06:01.590		0.88363			4
2025.11.20	02:06:05.876	0.88362				2
2025.11.20	02:06:09.979		0.88364			4
2025.11.20	02:06:16.831		0.88363			4
2025.11.20	02:06:20.213	0.88361	0.88362			6
2025.11.20	02:06:21.907	0.88360				2
2025.11.20	02:06:38.913	0.88361				2
2025.11.20	02:06:39.502		0.88363			4
2025.11.20	02:06:41.069		0.88362			4
2025.11.20	02:06:45.432		0.88363			4
2025.11.20	02:06:56.553	0.88362				2
2025.11.20	02:06:57.187	0.88361				2
2025.11.20	02:06:57.756	0.88362				2
2025.11.20	02:07:00.634	0.88362				2
2025.11.20	02:07:18.786		0.88366			4
2025.11.20	02:07:19.100	0.88363	0.88365			6
2025.11.20	02:07:19.472		0.88367			4
2025.11.20	02:07:19.779		0.88366			4
2025.11.20	02:07:20.157	0.88367	0.88369			6
2025.11.20	02:07:24.277	0.88366	0.88368			6
2025.11.20	02:07:26.783		0.88367			4
2025.11.20	02:07:28.920	0.88365	0.88368			6
2025.11.20	02:07:36.084	0.88366				2
2025.11.20	02:07:50.174	0.88367	0.88369			6
2025.11.20	02:07:52.828	0.88368				2
2025.11.20	02:08:00.101	0.88368	0.88370			6
2025.11.20	02:08:03.019	0.88367	0.88369			6
2025.11.20	02:08:10.842	0.88365	0.88367			6
2025.11.20	02:08:27.207	0.88366				2
2025.11.20	02:08:39.157	0.88364	0.88366			6
2025.11.20	02:08:42.036	0.88365	0.88367			6
2025.11.20	02:08:44.195		0.88366			4
2025.11.20	02:08:44.511		0.88367			4
2025.11.20	02:08:46.789		0.88366			4
2025.11.20	02:08:48.690		0.88367			4
2025.11.20	02:08:51.472	0.88364	0.88366			6
2025.11.20	02:08:53.017	0.88363	0.88364			6
2025.11.20	02:08:55.694	0.88365	0.88368			6
2025.11.20	02:08:56.001		0.88367			4
2025.11.20	02:08:56.349		0.88368			4
2025.11.20	02:08:56.932		0.88367			4
2025.11.20	02:08:57.504	0.88364	0.88366			6
2025.11.20	02:08:58.081	0.88365	0.88367			6
2025.11.20	02:08:59.041		0.88366			4
2025.11.20	02:09:00.354	0.88365				2
2025.11.20	02:09:01.894		0.88368			4
2025.11.20	02:09:02.197	0.88366	0.88369			6
2025.11.20	02:09:02.536		0.88368			4
2025.11.20	02:09:07.948		0.88367			4
2025.11.20	02:09:08.580		0.88368			4
2025.11.20	02:09:22.396	0.88363	0.88366			6
2025.11.20	02:09:31.668		0.88365			4
2025.11.20	02:09:34.373		0.88366			4
2025.11.20	02:09:40.057		0.88365			4
2025.11.20	02:09:40.377		0.88366			4
2025.11.20	02:09:44.790	0.88365	0.88367			6
2025.11.20	02:09:50.335	0.88366				2
2025.11.20	02:09:53.720	0.88367	0.88369			6
2025.11.20	02:10:00.317	0.88367				2
2025.11.20	02:10:18.098	0.88366	0.88368			6
2025.11.20	02:10:25.583		0.88367			4
2025.11.20	02:10:26.076		0.88368			4
2025.11.20	02:10:28.621		0.88367			4
2025.11.20	02:10:28.963		0.88368			4
2025.11.20	02:10:29.633		0.88367			4
2025.11.20	02:10:30.227		0.88368			4
2025.11.20	02:10:30.548		0.88367			4
2025.11.20	02:10:31.693		0.88368			4
2025.11.20	02:10:32.047		0.88367			4
2025.11.20	02:10:32.706		0.88368			4
2025.11.20	02:10:33.133	0.88365	0.88367			6
2025.11.20	02:10:34.740	0.88366				2
2025.11.20	02:10:50.941	0.88365				2
2025.11.20	02:11:00.390	0.88365				2
2025.11.20	02:11:11.597		0.88366			4
2025.11.20	02:11:12.188		0.88367			4
2025.11.20	02:11:15.289	0.88366				2
2025.11.20	02:11:25.226		0.88368			4
2025.11.20	02:11:33.911		0.88369			4
2025.11.20	02:11:35.539		0.88368			4
2025.11.20	02:11:36.794		0.88369			4
2025.11.20	02:11:44.863	0.88364	0.88366			6
2025.11.20	02:11:47.937		0.88365			4
2025.11.20	02:11:52.233	0.88363	0.88364			6
2025.11.20	02:11:52.773	0.88362				2
2025.11.20	02:11:53.961	0.88361				2
2025.11.20	02:11:55.464	0.88362				2
2025.11.20	02:11:57.660	0.88361	0.88362			6
2025.11.20	02:12:00.023	0.88362	0.88363			6
2025.11.20	02:12:14.054	0.88361				2
2025.11.20	02:12:15.385		0.88362			4
2025.11.20	02:12:16.008	0.88360				2
2025.11.20	02:12:30.315		0.88361			4
2025.11.20	02:12:31.117		0.88362			4
2025.11.20	02:12:33.835		0.88361			4
2025.11.20	02:12:34.349		0.88362			4
2025.11.20	02:12:35.361		0.88361			4
2025.11.20	02:12:37.390	0.88359	0.88360			6
2025.11.20	02:12:42.911	0.88360	0.88361			6
2025.11.20	02:12:43.218		0.88362			4
2025.11.20	02:12:44.347		0.88361			4
2025.11.20	02:12:49.970		0.88362			4
2025.11.20	02:12:56.882	0.88359	0.88361			6
2025.11.20	02:12:58.880		0.88360			4
2025.11.20	02:13:00.452	0.88359				2
2025.11.20	02:13:01.650	0.88360	0.88361			6
2025.11.20	02:13:03.305	0.88361	0.88362			6
2025.11.20	02:13:07.035	0.88362	0.88363			6
2025.11.20	02:13:14.234	0.88361				2
2025.11.20	02:13:15.832	0.88362	0.88364			6
2025.11.20	02:13:18.202		0.88363			4
2025.11.20	02:13:18.980	0.88361				2
2025.11.20	02:13:27.624		0.88362			4
2025.11.20	02:13:31.632	0.88360				2
2025.11.20	02:13:33.366	0.88361				2
2025.11.20	02:13:34.566		0.88363			4
2025.11.20	02:13:40.510	0.88363	0.88364			6
2025.11.20	02:13:46.756		0.88365			4
2025.11.20	02:13:58.709	0.88364				2
2025.11.20	02:14:00.420	0.88360	0.88362			6
2025.11.20	02:14:06.916	0.88361				2
2025.11.20	02:14:07.221	0.88360				2
2025.11.20	02:14:07.663	0.88359	0.88360			6
2025.11.20	02:14:09.218		0.88361			4
2025.11.20	02:14:09.523		0.88360			4
2025.11.20	02:14:12.823		0.88361			4
2025.11.20	02:14:15.371		0.88360			4
2025.11.20	02:14:23.673	0.88355	0.88356			6
2025.11.20	02:14:24.343	0.88354				2
2025.11.20	02:14:24.705	0.88355				2
2025.11.20	02:14:41.234	0.88353	0.88354			6
2025.11.20	02:14:46.073		0.88355			4
2025.11.20	02:14:52.344	0.88355	0.88356			6
2025.11.20	02:15:00.308	0.88353				2
2025.11.20	02:15:00.620	0.88355	0.88357			6
2025.11.20	02:15:01.477	0.88356	0.88358			6
2025.11.20	02:15:01.790		0.88357			4
2025.11.20	02:15:03.632		0.88358			4
2025.11.20	02:15:05.729		0.88357			4
2025.11.20	02:15:09.113	0.88355	0.88356			6
2025.11.20	02:15:09.436	0.88356	0.88357			6
2025.11.20	02:15:09.825	0.88355	0.88356			6
2025.11.20	02:15:12.537	0.88356	0.88357			6
2025.11.20	02:15:20.410	0.88355	0.88356			6
2025.11.20	02:15:29.814		0.88357			4
2025.11.20	02:15:38.216		0.88356			4
2025.11.20	02:15:39.056		0.88357			4
2025.11.20	02:15:40.504	0.88354	0.88355			6
2025.11.20	02:15:41.597	0.88352	0.88354			6
2025.11.20	02:15:43.919	0.88353				2
2025.11.20	02:15:44.353	0.88352				2
2025.11.20	02:15:44.932	0.88353				2
2025.11.20	02:15:46.138	0.88352				2
2025.11.20	02:15:46.476	0.88353				2
2025.11.20	02:15:46.787	0.88352				2
2025.11.20	02:15:47.729	0.88353				2
2025.11.20	02:15:51.980		0.88355			4
2025.11.20	02:15:55.524		0.88354			4
2025.11.20	02:16:00.318	0.88353				2
2025.11.20	02:16:14.955	0.88352				2
2025.11.20	02:16:19.269	0.88349	0.88350			6
2025.11.20	02:16:20.348	0.88348				2
2025.11.20	02:16:24.466		0.88349			4
2025.11.20	02:16:27.495	0.88350	0.88351			6
2025.11.20	02:16:38.991		0.88352			4
2025.11.20	02:16:40.453	0.88351				2
2025.11.20	02:16:49.045	0.88350	0.88351			6
2025.11.20	02:16:50.137		0.88352			4
2025.11.20	02:16:52.940		0.88351			4
2025.11.20	02:17:00.399	0.88350				2
2025.11.20	02:17:07.477	0.88351	0.88352			6
2025.11.20	02:17:09.883	0.88350	0.88351			6
2025.11.20	02:17:13.941	0.88351	0.88352			6
2025.11.20	02:17:21.109	0.88350	0.88351			6
2025.11.20	02:17:33.114	0.88351	0.88352			6
2025.11.20	02:17:33.703	0.88350	0.88351			6
2025.11.20	02:17:38.032	0.88347	0.88349			6
2025.11.20	02:17:42.276		0.88348			4
2025.11.20	02:17:42.578	0.88349	0.88350			6
2025.11.20	02:17:43.500	0.88348				2
2025.11.20	02:17:45.675	0.88347	0.88349			6
2025.11.20	02:17:48.249	0.88348	0.88350			6
2025.11.20	02:17:48.667	0.88349				2
2025.11.20	02:17:50.935	0.88348				2
2025.11.20	02:17:53.230	0.88349				2
2025.11.20	02:17:57.661	0.88348				2
2025.11.20	02:18:00.419	0.88348				2
2025.11.20	02:18:00.727	0.88349				2
2025.11.20	02:18:08.101	0.88348	0.88349			6
2025.11.20	02:18:09.750		0.88350			4
2025.11.20	02:18:19.483	0.88349				2
2025.11.20	02:18:22.943	0.88348				2
2025.11.20	02:18:31.645	0.88347	0.88349			6
2025.11.20	02:18:31.955		0.88348			4
2025.11.20	02:18:32.316	0.88346				2
2025.11.20	02:18:34.134		0.88347			4
2025.11.20	02:18:47.459		0.88349			4
2025.11.20	02:18:48.027	0.88345	0.88347			6
2025.11.20	02:18:54.579		0.88348			4
2025.11.20	02:18:54.906		0.88347			4
2025.11.20	02:18:56.145		0.88348			4
2025.11.20	02:19:00.479	0.88345				2
2025.11.20	02:19:01.723		0.88347			4
2025.11.20	02:19:15.920		0.88348			4
2025.11.20	02:19:18.742		0.88349			4
2025.11.20	02:19:19.101	0.88347	0.88348			6
2025.11.20	02:19:19.562	0.88345				2
2025.11.20	02:19:19.911		0.88347			4
2025.11.20	02:19:27.430		0.88348			4
2025.11.20	02:19:27.993	0.88346				2
2025.11.20	02:19:30.403		0.88347			4
2025.11.20	02:19:31.058	0.88348	0.88349			6
2025.11.20	02:19:34.683	0.88345	0.88347			6
2025.11.20	02:20:00.644	0.88345				2
2025.11.20	02:20:09.077		0.88348			4
2025.11.20	02:20:09.427		0.88349			4
2025.11.20	02:20:10.278		0.88348			4
2025.11.20	02:20:11.101	0.88347				2
2025.11.20	02:20:11.454	0.88346	0.88347			6
2025.11.20	02:20:12.469	0.88345	0.88346			6
2025.11.20	02:20:13.463		0.88347			4
2025.11.20	02:20:27.225	0.88344	0.88346			6
2025.11.20	02:20:28.181		0.88345			4
2025.11.20	02:20:50.510	0.88345	0.88346			6
2025.11.20	02:20:52.873	0.88343	0.88345			6
2025.11.20	02:20:53.192	0.88342	0.88344			6
2025.11.20	02:20:53.498	0.88341	0.88343			6
2025.11.20	02:20:55.501		0.88342			4
2025.11.20	02:20:55.820		0.88344			4
2025.11.20	02:20:57.460		0.88343			4
2025.11.20	02:21:00.764	0.88341				2
2025.11.20	02:21:03.917	0.88340				2
2025.11.20	02:21:05.289	0.88341	0.88344			6
2025.11.20	02:21:06.543		0.88343			4
2025.11.20	02:21:08.424	0.88342				2
2025.11.20	02:21:09.573	0.88341	0.88344			6
2025.11.20	02:21:10.315	0.88342	0.88343			6
2025.11.20	02:21:16.427	0.88341	0.88344			6
2025.11.20	02:21:16.838		0.88345			4
2025.11.20	02:21:18.329		0.88342			4
2025.11.20	02:21:26.673	0.88342	0.88344			6
2025.11.20	02:21:29.441	0.88343	0.88346			6
2025.11.20	02:21:29.747		0.88344			4
2025.11.20	02:21:30.556	0.88344	0.88346			6
2025.11.20	02:21:30.869	0.88342	0.88344			6
2025.11.20	02:21:32.124		0.88343			4
2025.11.20	02:21:32.438	0.88341				2
2025.11.20	02:21:35.291	0.88342	0.88344			6
2025.11.20	02:21:38.418		0.88343			4
2025.11.20	02:21:39.100	0.88341	0.88342			6
2025.11.20	02:21:39.836		0.88343			4
2025.11.20	02:21:40.138		0.88342			4
2025.11.20	02:21:44.545		0.88344			4
2025.11.20	02:21:47.032	0.88340	0.88345			6
2025.11.20	02:21:48.439	0.88342	0.88344			6
2025.11.20	02:21:50.738	0.88340	0.88345			6
2025.11.20	02:21:51.864	0.88342	0.88344			6
2025.11.20	02:22:00.834	0.88343				2
2025.11.20	02:22:01.143	0.88344	0.88345			6
2025.11.20	02:22:07.439		0.88346			4
2025.11.20	02:22:07.949		0.88345			4
2025.11.20	02:22:08.451		0.88346			4
2025.11.20	02:22:10.097		0.88345			4
2025.11.20	02:22:24.957	0.88345	0.88347			6
2025.11.20	02:22:25.513	0.88344	0.88345			6
2025.11.20	02:22:27.966		0.88346			4
2025.11.20	02:22:30.008	0.88345				2
2025.11.20	02:22:33.653	0.88343	0.88344			6
2025.11.20	02:22:35.843		0.88346			4
2025.11.20	02:22:37.517	0.88344	0.88345			6
2025.11.20	02:22:39.349	0.88343				2
2025.11.20	02:22:43.963	0.88342	0.88344			6
2025.11.20	02:22:44.640		0.88345			4
2025.11.20	02:22:46.078		0.88344			4
2025.11.20	02:22:51.910		0.88345			4
2025.11.20	02:22:56.520		0.88344			4
2025.11.20	02:23:00.314	0.88342				2
2025.11.20	02:23:14.011		0.88343			4
2025.11.20	02:23:14.865	0.88341	0.88342			6
2025.11.20	02:23:29.620	0.88340	0.88341			6
2025.11.20	02:23:30.767	0.88339	0.88340			6
2025.11.20	02:23:31.079	0.88338	0.88339			6
2025.11.20	02:23:31.926	0.88337				2
2025.11.20	02:23:32.678	0.88339	0.88341			6
2025.11.20	02:23:34.433	0.88340				2
2025.11.20	02:23:39.524	0.88337	0.88340			6
2025.11.20	02:23:40.570	0.88338	0.88341			6
2025.11.20	02:23:48.491	0.88339				2
2025.11.20	02:23:48.798	0.88340				2
2025.11.20	02:23:55.520	0.88339	0.88340			6
2025.11.20	02:23:55.847	0.88338				2
2025.11.20	02:23:57.365	0.88340	0.88341			6
2025.11.20	02:24:00.440	0.88340				2
2025.11.20	02:24:01.454	0.88338	0.88340			6
2025.11.20	02:24:02.722	0.88339				2
2025.11.20	02:24:03.037		0.88341			4
2025.11.20	02:24:03.483		0.88340			4
2025.11.20	02:24:08.473	0.88338				2
2025.11.20	02:24:09.393	0.88339	0.88341			6
2025.11.20	02:24:09.916	0.88338				2
2025.11.20	02:24:13.400		0.88342			4
2025.11.20	02:24:14.533		0.88341			4
2025.11.20	02:24:17.996		0.88342			4
2025.11.20	02:24:22.524	0.88339	0.88341			6
2025.11.20	02:24:23.188		0.88340			4
2025.11.20	02:24:23.509		0.88341			4
2025.11.20	02:24:24.305		0.88340			4
2025.11.20	02:24:25.493	0.88340	0.88341			6
2025.11.20	02:24:31.786	0.88339				2
2025.11.20	02:24:33.258	0.88340				2
2025.11.20	02:24:38.361	0.88339	0.88340			6
2025.11.20	02:24:43.896	0.88340	0.88342			6
2025.11.20	02:25:00.666	0.88340				2
2025.11.20	02:25:01.201	0.88343	0.88344			6
2025.11.20	02:25:06.948	0.88342				2
2025.11.20	02:25:08.872		0.88345			4
2025.11.20	02:25:10.002	0.88340	0.88341			6
2025.11.20	02:25:10.872	0.88338				2
2025.11.20	02:25:15.110		0.88342			4
2025.11.20	02:25:16.373		0.88341			4
2025.11.20	02:25:16.679	0.88337	0.88339			6
2025.11.20	02:25:21.047		0.88338			4
2025.11.20	02:25:23.347		0.88339			4
2025.11.20	02:25:24.320	0.88338	0.88341			6
2025.11.20	02:25:25.596	0.88337	0.88339			6
2025.11.20	02:25:26.611	0.88335	0.88337			6
2025.11.20	02:25:27.923		0.88338			4
2025.11.20	02:25:28.448	0.88336	0.88337			6
2025.11.20	02:25:32.321		0.88338			4
2025.11.20	02:25:32.625		0.88337			4
2025.11.20	02:25:37.385		0.88339			4
2025.11.20	02:25:37.822		0.88338			4
2025.11.20	02:25:44.573		0.88340			4
2025.11.20	02:25:46.361		0.88338			4
2025.11.20	02:25:46.727		0.88339			4
2025.11.20	02:25:52.300		0.88340			4
2025.11.20	02:25:53.434	0.88337	0.88339			6
2025.11.20	02:25:54.096	0.88336	0.88340			6
2025.11.20	02:25:54.482	0.88337	0.88339			6
2025.11.20	02:26:00.062	0.88337				2
2025.11.20	02:26:00.381	0.88338	0.88340			6
2025.11.20	02:26:01.712	0.88339	0.88341			6
2025.11.20	02:26:08.405	0.88338				2
2025.11.20	02:26:11.548	0.88339	0.88340			6
2025.11.20	02:26:15.439		0.88343			4
2025.11.20	02:26:16.113	0.88341	0.88342			6
2025.11.20	02:26:18.337	0.88343	0.88347			6
2025.11.20	02:26:19.419		0.88345			4
2025.11.20	02:26:26.049		0.88347			4
2025.11.20	02:26:28.636	0.88342	0.88346			6
2025.11.20	02:26:28.983	0.88343				2
2025.11.20	02:26:30.202		0.88347			4
2025.11.20	02:26:31.980	0.88344				2
2025.11.20	02:26:33.192		0.88348			4
2025.11.20	02:26:34.603	0.88345				2
2025.11.20	02:26:40.843		0.88349			4
2025.11.20	02:26:41.622		0.88350			4
2025.11.20	02:26:42.197	0.88346	0.88349			6
2025.11.20	02:26:42.500	0.88347				2
2025.11.20	02:26:44.483		0.88348			4
2025.11.20	02:26:47.396	0.88345	0.88347			6
2025.11.20	02:26:48.555	0.88343	0.88345			6
2025.11.20	02:26:51.913	0.88344				2
2025.11.20	02:26:55.155	0.88343				2
2025.11.20	02:26:56.144	0.88344				2
2025.11.20	02:26:56.662	0.88343				2
2025.11.20	02:27:00.353	0.88343				2
2025.11.20	02:27:05.633	0.88344	0.88346			6
2025.11.20	02:27:06.500		0.88348			4
2025.11.20	02:27:12.283	0.88345	0.88347			6
2025.11.20	02:27:13.907	0.88344	0.88348			6
2025.11.20	02:27:18.215	0.88345	0.88347			6
2025.11.20	02:27:23.260		0.88349			4
2025.11.20	02:27:25.168		0.88348			4
2025.11.20	02:27:27.022	0.88344	0.88347			6
2025.11.20	02:27:31.449		0.88346			4
2025.11.20	02:27:32.082		0.88347			4
2025.11.20	02:27:34.515	0.88343				2
2025.11.20	02:27:35.835		0.88346			4
2025.11.20	02:27:36.859	0.88345	0.88347			6
2025.11.20	02:27:37.515	0.88344	0.88348			6
2025.11.20	02:27:54.032		0.88347			4
2025.11.20	02:27:57.672	0.88345	0.88348			6
2025.11.20	02:28:00.378	0.88349	0.88351			6
2025.11.20	02:28:01.464	0.88350				2
2025.11.20	02:28:02.133	0.88349				2
2025.11.20	02:28:10.587		0.88350			4
2025.11.20	02:28:13.183	0.88348				2
2025.11.20	02:28:13.492		0.88349			4
2025.11.20	02:28:15.124	0.88347				2
2025.11.20	02:28:16.578	0.88348	0.88350			6
2025.11.20	02:28:18.045	0.88349	0.88351			6
2025.11.20	02:28:19.794		0.88350			4
2025.11.20	02:28:20.101		0.88351			4
2025.11.20	02:28:22.496		0.88350			4
2025.11.20	02:28:25.222	0.88350	0.88352			6
2025.11.20	02:28:26.302	0.88351				2
2025.11.20	02:28:29.331	0.88352	0.88355			6
2025.11.20	02:28:32.278	0.88354				2
2025.11.20	02:28:33.656		0.88356			4
2025.11.20	02:28:36.118	0.88355				2
2025.11.20	02:28:40.501	0.88354				2
2025.11.20	02:28:40.947	0.88355				2
2025.11.20	02:28:41.273	0.88354				2
2025.11.20	02:28:41.624	0.88353	0.88355			6
2025.11.20	02:28:45.215	0.88355	0.88356			6
2025.11.20	02:28:45.817		0.88357			4
2025.11.20	02:28:46.199		0.88356			4
2025.11.20	02:28:49.003	0.88354				2
2025.11.20	02:28:53.906	0.88356	0.88358			6
2025.11.20	02:28:56.677	0.88355	0.88357			6
2025.11.20	02:29:00.463	0.88355				2
2025.11.20	02:29:00.903	0.88353	0.88355			6
2025.11.20	02:29:03.270	0.88352				2
2025.11.20	02:29:03.829	0.88351				2
2025.11.20	02:29:04.381	0.88352				2
2025.11.20	02:29:04.917	0.88353				2
2025.11.20	02:29:05.221	0.88352	0.88354			6
2025.11.20	02:29:06.348	0.88353	0.88355			6
2025.11.20	02:29:06.731	0.88351	0.88353			6
2025.11.20	02:29:10.257	0.88350	0.88352			6
2025.11.20	02:29:10.632	0.88351	0.88353			6
2025.11.20	02:29:15.238		0.88354			4
2025.11.20	02:29:17.331	0.88352				2
2025.11.20	02:29:21.946	0.88351				2
2025.11.20	02:29:23.083	0.88352				2
2025.11.20	02:29:24.132	0.88351				2
2025.11.20	02:29:28.741	0.88352				2
2025.11.20	02:29:35.093	0.88353				2
2025.11.20	02:29:36.558		0.88355			4
2025.11.20	02:29:44.348	0.88350				2
2025.11.20	02:29:44.783	0.88352	0.88353			6
2025.11.20	02:29:47.290	0.88349	0.88354			6
2025.11.20	02:29:49.723	0.88351	0.88353			6
2025.11.20	02:29:51.465		0.88352			4
2025.11.20	02:29:52.691	0.88350	0.88354			6
2025.11.20	02:29:52.998	0.88352	0.88353			6
2025.11.20	02:29:54.020	0.88353	0.88355			6
2025.11.20	02:29:54.328		0.88354			4
2025.11.20	02:29:55.090	0.88352				2
2025.11.20	02:29:56.066		0.88353			4
2025.11.20	02:29:56.617		0.88354			4
2025.11.20	02:30:00.376	0.88352				2
2025.11.20	02:30:00.705	0.88353	0.88355			6
2025.11.20	02:30:01.222		0.88354			4
2025.11.20	02:30:01.809	0.88352				2
2025.11.20	02:30:06.791		0.88353			4
2025.11.20	02:30:07.793		0.88354			4
2025.11.20	02:30:08.847		0.88353			4
2025.11.20	02:30:09.170		0.88354			4
2025.11.20	02:30:16.988		0.88353			4
2025.11.20	02:30:18.228	0.88349	0.88351			6
2025.11.20	02:30:19.820	0.88350				2
2025.11.20	02:30:20.747	0.88348	0.88349			6
2025.11.20	02:30:27.407	0.88349	0.88351			6
2025.11.20	02:30:28.063	0.88350				2
2025.11.20	02:30:37.905		0.88352			4
2025.11.20	02:30:39.566	0.88347	0.88349			6
2025.11.20	02:30:41.540	0.88345	0.88350			6
2025.11.20	02:30:44.248		0.88349			4
2025.11.20	02:30:44.961		0.88348			4
2025.11.20	02:30:45.728	0.88346				2
2025.11.20	02:30:50.869		0.88347			4
2025.11.20	02:30:59.058		0.88348			4
2025.11.20	02:31:01.084	0.88346	0.88347			6
2025.11.20	02:31:01.939		0.88348			4
2025.11.20	02:31:02.245		0.88347			4
2025.11.20	02:31:02.633	0.88342	0.88345			6
2025.11.20	02:31:02.939		0.88344			4
2025.11.20	02:31:07.754	0.88343	0.88345			6
2025.11.20	02:31:09.720	0.88342				2
2025.11.20	02:31:11.742		0.88344			4
2025.11.20	02:31:20.031	0.88343	0.88345			6
2025.11.20	02:31:28.302		0.88344			4
2025.11.20	02:31:29.457	0.88346	0.88348			6
2025.11.20	02:31:32.695	0.88347	0.88349			6
2025.11.20	02:31:34.250	0.88346				2
2025.11.20	02:31:34.795	0.88348	0.88350			6
2025.11.20	02:31:39.381	0.88347	0.88349			6
2025.11.20	02:31:39.838	0.88346				2
2025.11.20	02:31:44.172	0.88347				2
2025.11.20	02:31:48.221		0.88348			4
2025.11.20	02:31:54.021		0.88349			4
2025.11.20	02:31:54.421	0.88346				2
2025.11.20	02:32:00.394	0.88346	0.88348			6
2025.11.20	02:32:05.589	0.88347	0.88349			6
2025.11.20	02:32:07.579		0.88348			4
2025.11.20	02:32:14.349	0.88346				2
2025.11.20	02:32:19.238	0.88347	0.88349			6
2025.11.20	02:32:35.482	0.88345	0.88348			6
2025.11.20	02:32:40.379	0.88346				2
2025.11.20	02:32:42.289	0.88347				2
2025.11.20	02:32:42.590	0.88346	0.88347			6
2025.11.20	02:32:44.144	0.88345	0.88348			6
2025.11.20	02:32:49.119	0.88344	0.88347			6
2025.11.20	02:32:58.705		0.88348			4
2025.11.20	02:32:59.039	0.88345				2
2025.11.20	02:33:00.385	0.88345				2
2025.11.20	02:33:01.624		0.88347			4
2025.11.20	02:33:08.534	0.88346				2
2025.11.20	02:33:08.839		0.88349			4
2025.11.20	02:33:09.165	0.88347	0.88348			6
2025.11.20	02:33:10.259	0.88345	0.88347			6
2025.11.20	02:33:12.915	0.88344				2
2025.11.20	02:33:13.808	0.88345				2
2025.11.20	02:33:18.618		0.88346			4
2025.11.20	02:33:23.393	0.88344				2
2025.11.20	02:33:25.047	0.88345				2
2025.11.20	02:33:25.372	0.88344				2
2025.11.20	02:33:26.117	0.88341	0.88343			6
2025.11.20	02:33:26.439		0.88342			4
2025.11.20	02:33:26.741	0.88340				2
2025.11.20	02:33:27.073		0.88343			4
2025.11.20	02:33:30.874	0.88339				2
2025.11.20	02:33:32.467	0.88340				2
2025.11.20	02:33:32.787	0.88339	0.88344			6
2025.11.20	02:33:33.517	0.88340	0.88342			6
2025.11.20	02:33:33.823		0.88343			4
2025.11.20	02:33:34.203	0.88339	0.88344			6
2025.11.20	02:33:36.016	0.88342				2
2025.11.20	02:33:36.435	0.88341				2
2025.11.20	02:33:37.909	0.88342	0.88343			6
2025.11.20	02:33:41.108	0.88341	0.88344			6
2025.11.20	02:33:43.506		0.88343			4
2025.11.20	02:33:45.476	0.88340	0.88342			6
2025.11.20	02:33:45.848	0.88341				2
2025.11.20	02:33:46.249	0.88342	0.88344			6
2025.11.20	02:33:46.560		0.88343			4
2025.11.20	02:33:48.714		0.88344			4
2025.11.20	02:33:51.266		0.88343			4
2025.11.20	02:33:56.032	0.88341				2
2025.11.20	02:34:00.442	0.88339	0.88341			6
2025.11.20	02:34:04.099	0.88340	0.88342			6
2025.11.20	02:34:08.293		0.88341			4
2025.11.20	02:34:09.159		0.88342			4
2025.11.20	02:34:10.316		0.88341			4
2025.11.20	02:34:10.797	0.88341	0.88342			6
2025.11.20	02:34:15.853	0.88340	0.88341			6
2025.11.20	02:34:16.202		0.88342			4
2025.11.20	02:34:16.504		0.88341			4
2025.11.20	02:34:27.305		0.88342			4
2025.11.20	02:34:28.267	0.88341	0.88343			6
2025.11.20	02:34:30.587		0.88342			4
2025.11.20	02:34:31.584	0.88339				2
2025.11.20	02:34:31.902	0.88341				2
2025.11.20	02:34:33.483	0.88340	0.88343			6
2025.11.20	02:34:35.307		0.88342			4
2025.11.20	02:34:35.624	0.88339				2
2025.11.20	02:34:40.292		0.88341			4
2025.11.20	02:34:42.289		0.88342			4
2025.11.20	02:34:54.931	0.88338	0.88341			6
2025.11.20	02:34:55.238	0.88340				2
2025.11.20	02:34:59.057	0.88339				2
2025.11.20	02:35:00.434	0.88339	0.88340			6
2025.11.20	02:35:01.201	0.88338	0.88341			6
2025.11.20	02:35:02.105	0.88339	0.88340			6
2025.11.20	02:35:07.759		0.88341			4
2025.11.20	02:35:08.118	0.88340				2
2025.11.20	02:35:08.457		0.88342			4
2025.11.20	02:35:11.005	0.88341				2
2025.11.20	02:35:11.372		0.88343			4
2025.11.20	02:35:16.307		0.88342			4
2025.11.20	02:35:18.269	0.88340				2
2025.11.20	02:35:22.444		0.88343			4
2025.11.20	02:35:23.533		0.88342			4
2025.11.20	02:35:52.150	0.88341				2
2025.11.20	02:36:00.760	0.88340				2
2025.11.20	02:36:08.284	0.88339	0.88341			6
2025.11.20	02:36:18.025	0.88341	0.88342			6
2025.11.20	02:36:18.770	0.88340				2
2025.11.20	02:36:23.162		0.88341			4
2025.11.20	02:36:25.786	0.88341	0.88342			6
2025.11.20	02:36:26.409		0.88343			4
2025.11.20	02:36:35.981	0.88340	0.88342			6
2025.11.20	02:36:40.986		0.88343			4
2025.11.20	02:36:42.659	0.88341				2
2025.11.20	02:36:43.106		0.88344			4
2025.11.20	02:36:45.449		0.88343			4
2025.11.20	02:36:53.236		0.88344			4
2025.11.20	02:36:53.778	0.88342				2
2025.11.20	02:36:57.105	0.88344	0.88346			6
2025.11.20	02:36:58.174	0.88345				2
2025.11.20	02:36:59.509	0.88341	0.88343			6
2025.11.20	02:37:00.264	0.88344	0.88346			6
2025.11.20	02:37:00.578		0.88345			4
2025.11.20	02:37:00.952	0.88345	0.88346			6
2025.11.20	02:37:01.762	0.88347	0.88348			6
2025.11.20	02:37:02.091	0.88346				2
2025.11.20	02:37:03.396	0.88345	0.88347			6
2025.11.20	02:37:04.046		0.88346			4
2025.11.20	02:37:06.934	0.88344				2
2025.11.20	02:37:07.247	0.88345				2
2025.11.20	02:37:07.934	0.88344				2
2025.11.20	02:37:08.838	0.88345				2
2025.11.20	02:37:10.454		0.88347			4
2025.11.20	02:37:12.609		0.88346			4
2025.11.20	02:37:14.433		0.88347			4
2025.11.20	02:37:15.418	0.88344	0.88346			6
2025.11.20	02:37:15.915	0.88345				2
2025.11.20	02:37:16.542		0.88347			4
2025.11.20	02:37:16.905		0.88346			4
2025.11.20	02:37:18.348		0.88347			4
2025.11.20	02:37:20.189	0.88343	0.88345			6
2025.11.20	02:37:25.429	0.88345	0.88346			6
2025.11.20	02:37:30.114	0.88348	0.88350			6
2025.11.20	02:37:30.457	0.88349	0.88351			6
2025.11.20	02:37:30.776	0.88350				2
2025.11.20	02:37:31.079		0.88352			4
2025.11.20	02:37:31.932		0.88351			4
2025.11.20	02:37:33.715		0.88352			4
2025.11.20	02:37:44.539	0.88351				2
2025.11.20	02:37:46.034	0.88350	0.88351			6
2025.11.20	02:37:47.481		0.88352			4
2025.11.20	02:37:47.799	0.88349	0.88351			6
2025.11.20	02:37:51.161	0.88350				2
2025.11.20	02:37:51.792		0.88352			4
2025.11.20	02:37:55.069		0.88351			4
2025.11.20	02:37:56.684		0.88352			4
2025.11.20	02:37:59.233		0.88353			4
2025.11.20	02:37:59.906	0.88349	0.88351			6
2025.11.20	02:38:00.235	0.88349	0.88350			6
2025.11.20	02:38:05.961	0.88350	0.88351			6
2025.11.20	02:38:06.266		0.88352			4
2025.11.20	02:38:09.834	0.88349				2
2025.11.20	02:38:11.770	0.88350				2
2025.11.20	02:38:14.976		0.88351			4
2025.11.20	02:38:15.277	0.88349				2
2025.11.20	02:38:16.583	0.88350				2
2025.11.20	02:38:17.527	0.88349	0.88350			6
2025.11.20	02:38:17.837		0.88351			4
2025.11.20	02:38:19.554	0.88350				2
2025.11.20	02:38:25.236	0.88349	0.88350			6
2025.11.20	02:38:26.082	0.88350	0.88351			6
2025.11.20	02:38:27.362	0.88348	0.88350			6
2025.11.20	02:38:27.983	0.88347	0.88348			6
2025.11.20	02:38:28.483	0.88348	0.88349			6
2025.11.20	02:38:28.814	0.88347				2
2025.11.20	02:38:33.132		0.88350			4
2025.11.20	02:38:33.704		0.88349			4
2025.11.20	02:38:34.423	0.88346	0.88347			6
2025.11.20	02:38:36.920		0.88348			4
2025.11.20	02:38:37.743		0.88347			4
2025.11.20	02:38:45.701	0.88345				2
2025.11.20	02:38:46.003	0.88346	0.88348			6
2025.11.20	02:38:46.442	0.88345	0.88347			6
2025.11.20	02:38:54.729	0.88346				2
2025.11.20	02:38:57.759	0.88347	0.88348			6
2025.11.20	02:38:58.664	0.88346	0.88347			6
2025.11.20	02:39:00.314	0.88346				2
2025.11.20	02:39:00.994	0.88345	0.88348			6
2025.11.20	02:39:01.299	0.88344	0.88346			6
2025.11.20	02:39:19.427	0.88345				2
2025.11.20	02:39:19.970		0.88347			4
2025.11.20	02:39:21.350		0.88348			4
2025.11.20	02:39:21.893	0.88344	0.88346			6
2025.11.20	02:39:22.408	0.88345	0.88347			6
2025.11.20	02:39:23.167	0.88344				2
2025.11.20	02:39:26.024		0.88348			4
2025.11.20	02:39:30.795		0.88346			4
2025.11.20	02:39:36.648		0.88347			4
2025.11.20	02:39:37.366		0.88346			4
2025.11.20	02:39:39.988		0.88345			4
2025.11.20	02:39:42.533	0.88343				2
2025.11.20	02:39:45.623		0.88344			4
2025.11.20	02:39:46.087		0.88345			4
2025.11.20	02:39:49.577		0.88344			4
2025.11.20	02:39:52.112		0.88345			4
2025.11.20	02:40:00.075	0.88343				2
2025.11.20	02:40:01.411	0.88341	0.88344			6
2025.11.20	02:40:01.727	0.88342	0.88345			6
2025.11.20	02:40:04.448	0.88343	0.88347			6
2025.11.20	02:40:06.478		0.88346			4
2025.11.20	02:40:06.782		0.88345			4
2025.11.20	02:40:07.104	0.88345	0.88347			6
2025.11.20	02:40:16.547		0.88346			4
2025.11.20	02:40:25.818	0.88344	0.88347			6
2025.11.20	02:40:26.986	0.88345				2
2025.11.20	02:40:29.043	0.88344				2
2025.11.20	02:40:29.376	0.88345				2
2025.11.20	02:40:29.893		0.88346			4
2025.11.20	02:40:40.024		0.88347			4
2025.11.20	02:40:47.521	0.88344	0.88346			6
2025.11.20	02:40:47.828	0.88343	0.88345			6
2025.11.20	02:40:51.657	0.88342	0.88344			6
2025.11.20	02:40:52.076	0.88343				2
2025.11.20	02:40:53.872	0.88342				2
2025.11.20	02:41:00.314	0.88342				2
2025.11.20	02:41:03.857	0.88343				2
2025.11.20	02:41:09.104	0.88342				2
2025.11.20	02:41:11.212	0.88343				2
2025.11.20	02:41:15.369	0.88339	0.88341			6
2025.11.20	02:41:17.949	0.88338				2
2025.11.20	02:41:18.843	0.88339	0.88342			6
2025.11.20	02:41:20.196	0.88341	0.88343			6
2025.11.20	02:41:20.500		0.88342			4
2025.11.20	02:41:20.938	0.88340				2
2025.11.20	02:41:26.758	0.88341				2
2025.11.20	02:41:27.288	0.88340				2
2025.11.20	02:41:32.172	0.88341				2
2025.11.20	02:41:33.356	0.88340				2
2025.11.20	02:41:34.354	0.88341				2
2025.11.20	02:41:36.914	0.88340	0.88341			6
2025.11.20	02:41:38.418	0.88341	0.88342			6
2025.11.20	02:41:40.662	0.88340	0.88341			6
2025.11.20	02:41:46.123	0.88339				2
2025.11.20	02:41:51.670	0.88340				2
2025.11.20	02:41:59.219		0.88342			4
2025.11.20	02:42:00.489	0.88340	0.88341			6
2025.11.20	02:42:01.356	0.88338	0.88339			6
2025.11.20	02:42:01.670	0.88339	0.88340			6
2025.11.20	02:42:08.467		0.88341			4
2025.11.20	02:42:08.813	0.88340	0.88342			6
2025.11.20	02:42:10.379		0.88341			4
2025.11.20	02:42:16.432	0.88339	0.88340			6
2025.11.20	02:42:17.976		0.88341			4
2025.11.20	02:42:19.035		0.88340			4
2025.11.20	02:42:20.444		0.88341			4
2025.11.20	02:42:21.471		0.88340			4
2025.11.20	02:42:24.617	0.88338				2
2025.11.20	02:42:25.075	0.88339				2
2025.11.20	02:42:25.533	0.88338				2
2025.11.20	02:42:25.913	0.88339				2
2025.11.20	02:42:26.967	0.88338				2
2025.11.20	02:42:27.763	0.88339				2
2025.11.20	02:42:28.776	0.88338				2
2025.11.20	02:42:29.272	0.88339				2
2025.11.20	02:42:31.714	0.88338				2
2025.11.20	02:42:35.063	0.88339				2
2025.11.20	02:42:37.720		0.88341			4
2025.11.20	02:42:42.387		0.88340			4
2025.11.20	02:42:49.008	0.88338				2
2025.11.20	02:42:50.817	0.88337	0.88339			6
2025.11.20	02:42:51.119	0.88338				2
2025.11.20	02:42:51.426	0.88337				2
2025.11.20	02:42:53.356	0.88338				2
2025.11.20	02:42:55.975	0.88337	0.88338			6
2025.11.20	02:43:00.641	0.88337				2
2025.11.20	02:43:03.131	0.88336	0.88337			6
2025.11.20	02:43:03.434		0.88338			4
2025.11.20	02:43:03.743		0.88337			4
2025.11.20	02:43:05.217	0.88335				2
2025.11.20	02:43:13.801	0.88334	0.88336			6
2025.11.20	02:43:15.380		0.88335			4
2025.11.20	02:43:15.696	0.88331	0.88332			6
2025.11.20	02:43:16.001	0.88332	0.88333			6
2025.11.20	02:43:17.259		0.88334			4
2025.11.20	02:43:19.048	0.88333	0.88335			6
2025.11.20	02:43:23.229	0.88334				2
2025.11.20	02:43:27.543	0.88335	0.88336			6
2025.11.20	02:43:28.665	0.88336	0.88337			6
2025.11.20	02:43:36.738	0.88335				2
2025.11.20	02:43:40.234		0.88336			4
2025.11.20	02:43:40.972	0.88336	0.88337			6
2025.11.20	02:43:44.436	0.88335	0.88336			6
2025.11.20	02:43:48.695	0.88336	0.88337			6
2025.11.20	02:43:48.999	0.88335	0.88336			6
2025.11.20	02:44:01.282	0.88335				2
2025.11.20	02:44:12.377	0.88334	0.88335			6
2025.11.20	02:44:13.446	0.88335	0.88336			6
2025.11.20	02:44:14.612	0.88337	0.88338			6
2025.11.20	02:44:15.367	0.88335	0.88337			6
2025.11.20	02:44:16.189	0.88336				2
2025.11.20	02:44:21.487		0.88338			4
2025.11.20	02:44:23.153		0.88337			4
2025.11.20	02:44:23.788	0.88335				2
2025.11.20	02:44:25.300	0.88336				2
2025.11.20	02:44:26.591		0.88338			4
2025.11.20	02:44:29.880		0.88337			4
2025.11.20	02:44:32.285	0.88335	0.88338			6
2025.11.20	02:44:32.588	0.88336				2
2025.11.20	02:44:33.997	0.88337				2
2025.11.20	02:44:34.301		0.88339			4
2025.11.20	02:44:34.680	0.88338				2
2025.11.20	02:44:37.298	0.88337				2
2025.11.20	02:44:39.247	0.88338				2
2025.11.20	02:44:40.038		0.88340			4
2025.11.20	02:44:42.921	0.88339	0.88341			6
2025.11.20	02:44:43.239	0.88340				2
2025.11.20	02:44:47.659		0.88342			4
2025.11.20	02:44:51.230		0.88341			4
2025.11.20	02:44:57.204		0.88342			4
2025.11.20	02:45:00.329	0.88340				2
2025.11.20	02:45:05.325		0.88341			4
2025.11.20	02:45:06.398	0.88339	0.88340			6
2025.11.20	02:45:07.053	0.88341	0.88342			6
2025.11.20	02:45:07.388	0.88340	0.88341			6
2025.11.20	02:45:07.770		0.88342			4
2025.11.20	02:45:08.163	0.88339	0.88343			6
2025.11.20	02:45:08.608		0.88342			4
2025.11.20	02:45:09.022	0.88340	0.88341			6
2025.11.20	02:45:09.701	0.88339				2
2025.11.20	02:45:10.768		0.88340			4
2025.11.20	02:45:11.075		0.88341			4
2025.11.20	02:45:12.773	0.88336	0.88338			6
2025.11.20	02:45:13.090	0.88335	0.88339			6
2025.11.20	02:45:13.493	0.88334	0.88337			6
2025.11.20	02:45:13.983	0.88335	0.88339			6
2025.11.20	02:45:14.308	0.88336	0.88338			6
2025.11.20	02:45:18.929		0.88337			4
2025.11.20	02:45:19.430	0.88335				2
2025.11.20	02:45:19.763	0.88334				2
2025.11.20	02:45:23.390		0.88336			4
2025.11.20	02:45:33.768		0.88337			4
2025.11.20	02:45:40.764	0.88335	0.88338			6
2025.11.20	02:45:45.371		0.88337			4
2025.11.20	02:45:45.683		0.88338			4
2025.11.20	02:45:45.993		0.88337			4
2025.11.20	02:45:46.596		0.88338			4
2025.11.20	02:45:48.097		0.88337			4
2025.11.20	02:45:52.622	0.88334				2
2025.11.20	02:45:53.492	0.88335				2
2025.11.20	02:45:54.258	0.88334				2
2025.11.20	02:45:55.688		0.88336			4
2025.11.20	02:45:56.532	0.88335	0.88338			6
2025.11.20	02:45:57.588		0.88336			4
2025.11.20	02:45:58.898	0.88334				2
2025.11.20	02:46:00.609	0.88334	0.88338			6
2025.11.20	02:46:01.432	0.88335	0.88337			6
2025.11.20	02:46:03.205		0.88336			4
2025.11.20	02:46:03.512		0.88337			4
2025.11.20	02:46:09.530	0.88334	0.88335			6
2025.11.20	02:46:10.941	0.88335	0.88336			6
2025.11.20	02:46:11.409		0.88337			4
2025.11.20	02:46:12.051		0.88336			4
2025.11.20	02:46:12.380		0.88337			4
2025.11.20	02:46:14.066		0.88336			4
2025.11.20	02:46:40.352		0.88337			4
2025.11.20	02:46:43.501		0.88336			4
2025.11.20	02:46:43.985		0.88337			4
2025.11.20	02:46:56.202		0.88336			4
2025.11.20	02:46:57.337		0.88337			4
2025.11.20	02:46:58.197		0.88336			4
2025.11.20	02:47:00.314	0.88335				2
2025.11.20	02:47:11.049		0.88337			4
2025.11.20	02:47:12.170		0.88336			4
2025.11.20	02:47:16.382		0.88337			4
2025.11.20	02:47:23.123		0.88336			4
2025.11.20	02:47:27.030		0.88337			4
2025.11.20	02:47:31.388		0.88336			4
2025.11.20	02:47:33.882		0.88337			4
2025.11.20	02:47:34.244	0.88336				2
2025.11.20	02:47:35.334		0.88338			4
2025.11.20	02:47:35.645		0.88337			4
2025.11.20	02:47:43.977		0.88338			4
2025.11.20	02:47:45.915	0.88337				2
2025.11.20	02:47:46.234	0.88336	0.88337			6
2025.11.20	02:47:50.793		0.88338			4
2025.11.20	02:47:52.389		0.88337			4
2025.11.20	02:47:52.737	0.88335				2
2025.11.20	02:47:53.657	0.88336	0.88338			6
2025.11.20	02:47:57.703	0.88335	0.88337			6
2025.11.20	02:47:58.278	0.88336				2
2025.11.20	02:47:58.796	0.88335				2
2025.11.20	02:48:00.454	0.88335				2
2025.11.20	02:48:04.610	0.88337	0.88338			6
2025.11.20	02:48:04.919	0.88339	0.88341			6
2025.11.20	02:48:21.080		0.88340			4
2025.11.20	02:48:21.384	0.88338	0.88339			6
2025.11.20	02:48:30.547	0.88337	0.88338			6
2025.11.20	02:48:31.413		0.88339			4
2025.11.20	02:48:33.685		0.88338			4
2025.11.20	02:48:37.452		0.88339			4
2025.11.20	02:48:43.048		0.88338			4
2025.11.20	02:48:48.899		0.88339			4
2025.11.20	02:48:49.584		0.88340			4
2025.11.20	02:48:50.558		0.88339			4
2025.11.20	02:48:51.128	0.88336	0.88338			6
2025.11.20	02:48:51.891	0.88335	0.88337			6
2025.11.20	02:48:53.682		0.88338			4
2025.11.20	02:48:54.856		0.88337			4
2025.11.20	02:48:55.213		0.88338			4
2025.11.20	02:48:55.943		0.88337			4
2025.11.20	02:49:00.751	0.88336				2
2025.11.20	02:49:08.717	0.88335				2
2025.11.20	02:49:10.819		0.88336			4
2025.11.20	02:49:11.172		0.88337			4
2025.11.20	02:49:11.664		0.88336			4
2025.11.20	02:49:11.965	0.88334				2
2025.11.20	02:49:14.115	0.88335	0.88337			6
2025.11.20	02:49:15.068		0.88336			4
2025.11.20	02:49:17.375	0.88336	0.88338			6
2025.11.20	02:49:17.990		0.88337			4
2025.11.20	02:49:18.298	0.88335	0.88336			6
2025.11.20	02:49:21.595	0.88336	0.88337			6
2025.11.20	02:49:27.412	0.88335	0.88336			6
2025.11.20	02:49:28.778	0.88336	0.88337			6
2025.11.20	02:49:32.337	0.88337	0.88338			6
