<DATE>	<TIME>	<BID>	<ASK>	<LAST>	<VOLUME>	<FLAGS>
2025.04.16	00:03:30.765	0.85238	0.85340			6
2025.04.16	00:04:16.234	0.85238				2
2025.04.16	00:04:23.344		0.85414			4
2025.04.16	00:05:00.582	0.85238				2
2025.04.16	00:05:23.343		0.85415			4
2025.04.16	00:06:00.389	0.85238				2
2025.04.16	00:06:07.910		0.85340			4
2025.04.16	00:07:01.227	0.85238				2
2025.04.16	00:07:07.904		0.85338			4
2025.04.16	00:08:12.123	0.85238	0.85338			6
2025.04.16	00:08:12.917	0.85242				2
2025.04.16	00:08:13.941	0.85241				2
2025.04.16	00:08:14.361	0.85239				2
2025.04.16	00:08:24.354	0.85241				2
2025.04.16	00:08:36.746	0.85254				2
2025.04.16	00:08:38.356	0.85252				2
2025.04.16	00:08:48.354	0.85254				2
2025.04.16	00:08:59.359	0.85252				2
2025.04.16	00:09:00.700	0.85252				2
2025.04.16	00:09:01.015	0.85265	0.85330			6
2025.04.16	00:09:02.366	0.85263				2
2025.04.16	00:09:12.129	0.85265				2
2025.04.16	00:09:19.137	0.85271				2
2025.04.16	00:09:27.096	0.85240				2
2025.04.16	00:09:28.359	0.85238				2
2025.04.16	00:09:38.358	0.85239				2
2025.04.16	00:09:49.875	0.85238				2
2025.04.16	00:10:00.377	0.85256				2
2025.04.16	00:10:01.065	0.85257	0.85332			6
2025.04.16	00:10:12.234		0.85362			4
2025.04.16	00:10:12.571		0.85360			4
2025.04.16	00:10:12.877		0.85362			4
2025.04.16	00:10:14.087	0.85258				2
2025.04.16	00:10:15.300		0.85361			4
2025.04.16	00:10:15.603	0.85260	0.85362			6
2025.04.16	00:10:17.727	0.85259				2
2025.04.16	00:10:18.938	0.85260				2
2025.04.16	00:10:20.151	0.85259	0.85360			6
2025.04.16	00:10:20.757	0.85260	0.85358			6
2025.04.16	00:10:21.667	0.85258	0.85362			6
2025.04.16	00:10:21.970		0.85360			4
2025.04.16	00:10:22.274	0.85257	0.85362			6
2025.04.16	00:10:22.576		0.85360			4
2025.04.16	00:10:23.483	0.85258				2
2025.04.16	00:10:24.090		0.85358			4
2025.04.16	00:10:26.515	0.85257	0.85356			6
2025.04.16	00:10:26.816	0.85265	0.85360			6
2025.04.16	00:10:27.120	0.85266	0.85359			6
2025.04.16	00:10:27.425	0.85263	0.85375			6
2025.04.16	00:10:27.726		0.85355			4
2025.04.16	00:10:28.940		0.85353			4
2025.04.16	00:10:30.452	0.85262	0.85351			6
2025.04.16	00:10:31.362		0.85353			4
2025.04.16	00:10:31.972	0.85263	0.85351			6
2025.04.16	00:10:33.485		0.85350			4
2025.04.16	00:10:34.698	0.85264				2
2025.04.16	00:10:35.607	0.85263				2
2025.04.16	00:10:36.819		0.85348			4
2025.04.16	00:10:39.852		0.85349			4
2025.04.16	00:10:41.067	0.85262	0.85347			6
2025.04.16	00:10:42.584		0.85345			4
2025.04.16	00:10:43.797	0.85257	0.85338			6
2025.04.16	00:10:44.404	0.85258	0.85336			6
2025.04.16	00:10:45.010	0.85254				2
2025.04.16	00:10:45.313	0.85251	0.85340			6
2025.04.16	00:10:47.435	0.85252				2
2025.04.16	00:10:48.042	0.85251	0.85336			6
2025.04.16	00:10:51.072	0.85253	0.85337			6
2025.04.16	00:10:52.590		0.85335			4
2025.04.16	00:10:53.195	0.85242	0.85318			6
2025.04.16	00:10:54.769	0.85250	0.85317			6
2025.04.16	00:10:57.770	0.85252	0.85331			6
2025.04.16	00:10:58.706	0.85250	0.85317			6
2025.04.16	00:10:59.462	0.85251	0.85310			6
2025.04.16	00:11:00.645	0.85251				2
2025.04.16	00:11:03.988	0.85241				2
2025.04.16	00:11:05.076	0.85243	0.85325			6
2025.04.16	00:11:05.678	0.85240	0.85310			6
2025.04.16	00:11:06.708	0.85239				2
2025.04.16	00:11:07.387	0.85242				2
2025.04.16	00:11:11.718	0.85245	0.85327			6
2025.04.16	00:11:12.318	0.85242	0.85310			6
2025.04.16	00:11:14.846	0.85252	0.85326			6
2025.04.16	00:11:18.457	0.85255	0.85343			6
2025.04.16	00:11:19.069	0.85254				2
2025.04.16	00:11:19.373	0.85252	0.85326			6
2025.04.16	00:11:20.387	0.85249				2
2025.04.16	00:11:25.358	0.85251	0.85340			6
2025.04.16	00:11:25.991	0.85248	0.85342			6
2025.04.16	00:11:26.296	0.85253	0.85326			6
2025.04.16	00:11:27.705		0.85375			4
2025.04.16	00:11:28.451		0.85327			4
2025.04.16	00:11:30.659	0.85255				2
2025.04.16	00:11:32.389	0.85256				2
2025.04.16	00:11:36.707		0.85372			4
2025.04.16	00:11:37.458		0.85327			4
2025.04.16	00:11:38.772	0.85251				2
2025.04.16	00:11:40.958	0.85252				2
2025.04.16	00:12:00.459	0.85252				2
2025.04.16	00:12:03.760	0.85253				2
2025.04.16	00:12:30.160	0.85254				2
2025.04.16	00:12:37.468		0.85327			4
2025.04.16	00:12:38.861	0.85249				2
2025.04.16	00:12:55.361	0.85250				2
2025.04.16	00:13:00.531	0.85250				2
2025.04.16	00:13:03.457	0.85248	0.85320			6
2025.04.16	00:13:16.062	0.85249				2
2025.04.16	00:13:27.377	0.85248				2
2025.04.16	00:13:45.763	0.85256	0.85316			6
2025.04.16	00:13:47.752	0.85260				2
2025.04.16	00:13:48.708	0.85261				2
2025.04.16	00:14:01.129	0.85264				2
2025.04.16	00:14:02.860	0.85265				2
2025.04.16	00:14:07.085	0.85262				2
2025.04.16	00:14:07.770	0.85263				2
2025.04.16	00:14:31.717	0.85261				2
2025.04.16	00:14:45.763		0.85315			4
2025.04.16	00:14:47.869	0.85263				2
2025.04.16	00:14:48.344	0.85258				2
2025.04.16	00:14:51.033	0.85256				2
2025.04.16	00:14:52.658	0.85255				2
2025.04.16	00:14:54.190	0.85256				2
2025.04.16	00:14:55.905	0.85255				2
2025.04.16	00:15:00.165	0.85255				2
2025.04.16	00:15:00.534	0.85253				2
2025.04.16	00:15:05.529	0.85254				2
2025.04.16	00:15:45.764		0.85315			4
2025.04.16	00:16:01.013	0.85254				2
2025.04.16	00:16:34.746	0.85253				2
2025.04.16	00:16:48.391		0.85315			4
2025.04.16	00:17:05.813	0.85254				2
2025.04.16	00:17:17.853	0.85257				2
2025.04.16	00:17:28.459	0.85255				2
2025.04.16	00:17:40.958	0.85254				2
2025.04.16	00:17:43.957	0.85255				2
2025.04.16	00:17:51.017	0.85259	0.85315			6
2025.04.16	00:17:56.024	0.85261				2
2025.04.16	00:17:57.759	0.85260				2
2025.04.16	00:18:00.934	0.85260				2
2025.04.16	00:18:07.818	0.85259				2
2025.04.16	00:18:09.167	0.85260				2
2025.04.16	00:18:10.036	0.85256				2
2025.04.16	00:18:10.722	0.85255				2
2025.04.16	00:18:11.383	0.85252				2
2025.04.16	00:18:12.572	0.85251				2
2025.04.16	00:18:16.351	0.85253				2
2025.04.16	00:18:22.350	0.85267				2
2025.04.16	00:18:23.883	0.85256				2
2025.04.16	00:18:25.400	0.85255				2
2025.04.16	00:18:53.440		0.85315			4
2025.04.16	00:19:02.559	0.85255				2
2025.04.16	00:19:45.766		0.85318			4
2025.04.16	00:19:57.019	0.85254				2
2025.04.16	00:19:57.326	0.85255				2
2025.04.16	00:20:01.857	0.85255				2
2025.04.16	00:20:06.945	0.85254				2
2025.04.16	00:20:07.248	0.85255				2
2025.04.16	00:20:09.092	0.85254				2
2025.04.16	00:20:09.399	0.85255				2
2025.04.16	00:20:28.006	0.85260				2
2025.04.16	00:20:30.458	0.85255				2
2025.04.16	00:20:30.795	0.85254				2
2025.04.16	00:20:31.099	0.85255				2
2025.04.16	00:20:33.577	0.85254				2
2025.04.16	00:20:33.891	0.85255				2
2025.04.16	00:20:35.086	0.85259				2
2025.04.16	00:20:35.561	0.85260				2
2025.04.16	00:20:36.359	0.85254				2
2025.04.16	00:20:37.958	0.85259				2
2025.04.16	00:20:38.261	0.85255				2
2025.04.16	00:20:38.578	0.85254				2
2025.04.16	00:20:39.200	0.85253				2
2025.04.16	00:20:39.519	0.85254				2
2025.04.16	00:20:40.500	0.85255				2
2025.04.16	00:20:46.015		0.85318			4
2025.04.16	00:20:51.296	0.85254				2
2025.04.16	00:20:51.600	0.85255				2
2025.04.16	00:20:51.930	0.85254				2
2025.04.16	00:20:53.022	0.85259				2
2025.04.16	00:20:53.338	0.85255				2
2025.04.16	00:20:54.016	0.85260				2
2025.04.16	00:21:01.111	0.85255				2
2025.04.16	00:21:05.426	0.85254				2
2025.04.16	00:21:05.738	0.85255				2
2025.04.16	00:21:06.924	0.85254				2
2025.04.16	00:21:07.905	0.85255				2
2025.04.16	00:21:08.518	0.85254				2
2025.04.16	00:21:09.625	0.85255				2
2025.04.16	00:21:11.129	0.85259				2
2025.04.16	00:21:12.124	0.85260				2
2025.04.16	00:21:12.776	0.85255				2
2025.04.16	00:21:15.782	0.85254				2
2025.04.16	00:21:16.100	0.85255				2
2025.04.16	00:21:20.410	0.85256				2
2025.04.16	00:21:20.783	0.85255				2
2025.04.16	00:21:23.283	0.85256				2
2025.04.16	00:21:23.794	0.85255				2
2025.04.16	00:21:25.287	0.85254				2
2025.04.16	00:21:25.597	0.85255				2
2025.04.16	00:21:25.902	0.85254				2
2025.04.16	00:21:26.216	0.85256				2
2025.04.16	00:21:27.781	0.85255				2
2025.04.16	00:21:28.085	0.85256				2
2025.04.16	00:21:28.574	0.85257				2
2025.04.16	00:21:33.231	0.85258				2
2025.04.16	00:21:47.966	0.85257	0.85318			6
2025.04.16	00:21:48.983	0.85258				2
2025.04.16	00:21:49.658	0.85257				2
2025.04.16	00:21:49.985	0.85258				2
2025.04.16	00:21:50.497	0.85257				2
2025.04.16	00:21:51.102	0.85256				2
2025.04.16	00:21:52.494	0.85257				2
2025.04.16	00:21:52.957	0.85258				2
2025.04.16	00:21:53.265	0.85257				2
2025.04.16	00:21:53.983	0.85258				2
2025.04.16	00:21:54.297	0.85256				2
2025.04.16	00:21:54.618	0.85257				2
2025.04.16	00:21:56.338	0.85256	0.85350			6
2025.04.16	00:21:56.664	0.85255				2
2025.04.16	00:21:57.269	0.85256				2
2025.04.16	00:21:58.180	0.85255				2
2025.04.16	00:21:58.481	0.85257	0.85318			6
2025.04.16	00:22:00.298	0.85257				2
2025.04.16	00:22:00.983	0.85258				2
2025.04.16	00:22:01.286	0.85257				2
2025.04.16	00:22:13.546	0.85258				2
2025.04.16	00:22:14.465	0.85257				2
2025.04.16	00:22:14.780	0.85258				2
2025.04.16	00:22:15.086	0.85257				2
2025.04.16	00:22:28.214	0.85258				2
2025.04.16	00:22:47.738	0.85257				2
2025.04.16	00:22:48.641	0.85258				2
2025.04.16	00:22:48.950	0.85257				2
2025.04.16	00:23:02.582	0.85268	0.85318			6
2025.04.16	00:23:03.607	0.85269				2
2025.04.16	00:23:22.962	0.85270				2
2025.04.16	00:23:25.102	0.85269				2
2025.04.16	00:23:30.303	0.85268				2
2025.04.16	00:23:32.356	0.85272				2
2025.04.16	00:23:33.601	0.85279				2
2025.04.16	00:23:38.128	0.85273				2
2025.04.16	00:23:45.763		0.85319			4
2025.04.16	00:23:47.758		0.85392			4
2025.04.16	00:23:48.502	0.85272	0.85319			6
2025.04.16	00:23:52.507	0.85271				2
2025.04.16	00:23:54.761	0.85272				2
2025.04.16	00:24:00.863	0.85271				2
2025.04.16	00:24:06.777	0.85273				2
2025.04.16	00:24:07.744	0.85274				2
2025.04.16	00:24:27.581	0.85272				2
2025.04.16	00:24:30.759	0.85271				2
2025.04.16	00:24:35.975	0.85270				2
2025.04.16	00:24:39.760	0.85271				2
2025.04.16	00:24:48.501		0.85318			4
2025.04.16	00:24:51.015	0.85270				2
2025.04.16	00:25:00.319	0.85270				2
2025.04.16	00:25:11.106	0.85271				2
2025.04.16	00:25:14.744	0.85270				2
2025.04.16	00:25:26.158	0.85278				2
2025.04.16	00:25:35.987	0.85277				2
2025.04.16	00:25:48.352		0.85319			4
2025.04.16	00:25:50.894	0.85274				2
2025.04.16	00:25:59.277	0.85273				2
2025.04.16	00:26:00.367	0.85273				2
2025.04.16	00:26:03.464	0.85274				2
2025.04.16	00:26:44.546	0.85270				2
2025.04.16	00:26:49.658		0.85319			4
2025.04.16	00:27:01.093	0.85270				2
2025.04.16	00:27:36.755	0.85269				2
2025.04.16	00:27:41.161	0.85270				2
2025.04.16	00:27:45.214	0.85269				2
2025.04.16	00:27:46.202	0.85265				2
2025.04.16	00:27:50.565		0.85319			4
2025.04.16	00:27:51.749	0.85262				2
2025.04.16	00:27:59.859	0.85264				2
2025.04.16	00:28:01.000	0.85264				2
2025.04.16	00:28:02.012	0.85263				2
2025.04.16	00:28:09.201	0.85264				2
2025.04.16	00:28:09.518	0.85262				2
2025.04.16	00:28:10.210	0.85264				2
2025.04.16	00:28:10.514	0.85263				2
2025.04.16	00:28:11.024	0.85262				2
2025.04.16	00:28:11.708	0.85264				2
2025.04.16	00:28:12.206	0.85262				2
2025.04.16	00:28:12.707	0.85263				2
2025.04.16	00:28:13.709	0.85261				2
2025.04.16	00:28:14.017	0.85262				2
2025.04.16	00:28:14.653	0.85263				2
2025.04.16	00:28:15.208	0.85262				2
2025.04.16	00:28:15.862	0.85263				2
2025.04.16	00:28:16.207	0.85262				2
2025.04.16	00:28:17.199	0.85261				2
2025.04.16	00:28:17.860	0.85262				2
2025.04.16	00:28:18.234	0.85261				2
2025.04.16	00:28:18.758	0.85262				2
2025.04.16	00:28:20.768	0.85260				2
2025.04.16	00:28:21.980	0.85261				2
2025.04.16	00:28:22.928	0.85260				2
2025.04.16	00:28:23.732		0.85334			4
2025.04.16	00:28:24.326	0.85259				2
2025.04.16	00:28:25.836	0.85255				2
2025.04.16	00:28:27.516	0.85260				2
2025.04.16	00:28:31.730	0.85256				2
2025.04.16	00:28:40.035	0.85251				2
2025.04.16	00:28:41.371	0.85252				2
2025.04.16	00:28:43.278	0.85251				2
2025.04.16	00:28:43.670	0.85254				2
2025.04.16	00:28:43.979	0.85253				2
2025.04.16	00:28:44.859	0.85256				2
2025.04.16	00:28:56.310	0.85257				2
2025.04.16	00:29:01.410	0.85256				2
2025.04.16	00:29:03.431	0.85261				2
2025.04.16	00:29:10.132	0.85257				2
2025.04.16	00:29:11.409	0.85256				2
2025.04.16	00:29:13.513	0.85257				2
2025.04.16	00:29:20.258	0.85258				2
2025.04.16	00:29:29.564		0.85334			4
2025.04.16	00:29:48.358	0.85261				2
2025.04.16	00:29:50.559	0.85262				2
2025.04.16	00:29:51.412	0.85256				2
2025.04.16	00:29:53.845	0.85257				2
2025.04.16	00:30:00.374	0.85256				2
2025.04.16	00:30:04.417	0.85257				2
2025.04.16	00:30:15.389	0.85256				2
2025.04.16	00:30:21.407	0.85258				2
2025.04.16	00:30:22.339	0.85259				2
2025.04.16	00:30:23.162	0.85256				2
2025.04.16	00:30:32.222		0.85334			4
2025.04.16	00:30:36.996	0.85258				2
2025.04.16	00:30:38.014	0.85259				2
2025.04.16	00:30:40.167	0.85257				2
2025.04.16	00:30:41.664	0.85259				2
2025.04.16	00:30:43.466	0.85255				2
2025.04.16	00:30:45.813	0.85258				2
2025.04.16	00:30:47.233	0.85255				2
2025.04.16	00:30:48.416	0.85259				2
2025.04.16	00:30:49.772	0.85255				2
2025.04.16	00:30:53.503	0.85260				2
2025.04.16	00:30:55.344	0.85255				2
2025.04.16	00:30:59.971	0.85261				2
2025.04.16	00:31:00.380	0.85261				2
2025.04.16	00:31:02.948	0.85260				2
2025.04.16	00:31:09.878	0.85259				2
2025.04.16	00:31:24.560	0.85262				2
2025.04.16	00:31:25.142	0.85261				2
2025.04.16	00:31:35.873	0.85260	0.85334			6
2025.04.16	00:31:37.396	0.85261				2
2025.04.16	00:31:57.189	0.85267				2
2025.04.16	00:32:00.392	0.85266				2
2025.04.16	00:32:01.728	0.85267				2
2025.04.16	00:32:06.044	0.85266				2
2025.04.16	00:32:17.183	0.85267				2
2025.04.16	00:32:20.583	0.85256				2
2025.04.16	00:32:30.200	0.85264				2
2025.04.16	00:32:30.549	0.85265				2
2025.04.16	00:32:30.883	0.85266				2
2025.04.16	00:32:38.203		0.85334			4
2025.04.16	00:32:52.963	0.85264				2
2025.04.16	00:33:00.365	0.85264				2
2025.04.16	00:33:05.591	0.85261				2
2025.04.16	00:33:11.010	0.85263				2
2025.04.16	00:33:14.559	0.85264				2
2025.04.16	00:33:23.731		0.85332			4
2025.04.16	00:33:34.657	0.85263				2
2025.04.16	00:33:52.114	0.85262				2
2025.04.16	00:34:01.809	0.85262				2
2025.04.16	00:34:06.106	0.85257				2
2025.04.16	00:34:08.689	0.85259				2
2025.04.16	00:34:10.119	0.85260				2
2025.04.16	00:34:23.733		0.85331			4
2025.04.16	00:34:32.734	0.85265				2
2025.04.16	00:34:33.131	0.85264				2
2025.04.16	00:34:40.922	0.85265				2
2025.04.16	00:34:47.642	0.85264				2
2025.04.16	00:34:52.737	0.85265				2
2025.04.16	00:34:54.391	0.85264				2
2025.04.16	00:35:00.365	0.85264				2
2025.04.16	00:35:23.735		0.85332			4
2025.04.16	00:35:39.129	0.85265				2
2025.04.16	00:35:40.201	0.85264				2
2025.04.16	00:35:48.046	0.85265				2
2025.04.16	00:35:50.406	0.85264				2
2025.04.16	00:36:05.988	0.85263				2
2025.04.16	00:36:18.605	0.85262				2
2025.04.16	00:36:21.476	0.85264				2
2025.04.16	00:36:24.502	0.85262	0.85332			6
2025.04.16	00:36:31.633	0.85258				2
2025.04.16	00:36:49.264	0.85261				2
2025.04.16	00:36:51.406	0.85262				2
2025.04.16	00:36:58.754	0.85263				2
2025.04.16	00:37:00.358	0.85263				2
2025.04.16	00:37:01.412	0.85262				2
2025.04.16	00:37:03.760	0.85263				2
2025.04.16	00:37:28.464		0.85332			4
2025.04.16	00:37:44.316	0.85262				2
2025.04.16	00:37:47.349	0.85263				2
2025.04.16	00:37:51.758	0.85264				2
2025.04.16	00:38:00.362	0.85264				2
2025.04.16	00:38:01.406	0.85265				2
2025.04.16	00:38:08.264	0.85266				2
2025.04.16	00:38:11.288	0.85263				2
2025.04.16	00:38:28.758		0.85332			4
2025.04.16	00:38:32.621	0.85262				2
2025.04.16	00:38:41.407	0.85264				2
2025.04.16	00:38:51.407	0.85262				2
2025.04.16	00:39:10.315	0.85262				2
2025.04.16	00:39:30.312		0.85332			4
2025.04.16	00:39:41.291	0.85264				2
2025.04.16	00:39:51.417	0.85263				2
2025.04.16	00:39:58.631	0.85262				2
2025.04.16	00:40:00.672	0.85262				2
2025.04.16	00:40:30.647		0.85332			4
2025.04.16	00:41:01.405	0.85263				2
2025.04.16	00:41:04.514	0.85264				2
2025.04.16	00:41:11.408	0.85263				2
2025.04.16	00:41:15.156	0.85262				2
2025.04.16	00:41:18.030	0.85264				2
2025.04.16	00:41:19.266	0.85265				2
2025.04.16	00:41:20.566	0.85264				2
2025.04.16	00:41:21.228	0.85263				2
2025.04.16	00:41:22.817	0.85262				2
2025.04.16	00:41:30.380	0.85261				2
2025.04.16	00:41:31.110		0.85332			4
2025.04.16	00:41:41.289	0.85260				2
2025.04.16	00:41:42.759	0.85261				2
2025.04.16	00:41:51.179	0.85262				2
2025.04.16	00:41:51.488	0.85258				2
2025.04.16	00:41:51.798	0.85259				2
2025.04.16	00:42:00.158	0.85259				2
2025.04.16	00:42:01.409	0.85257				2
2025.04.16	00:42:09.408	0.85261				2
2025.04.16	00:42:09.800	0.85262				2
2025.04.16	00:42:11.939	0.85261				2
2025.04.16	00:42:21.408	0.85262				2
2025.04.16	00:42:23.736		0.85333			4
2025.04.16	00:42:25.061	0.85263				2
2025.04.16	00:42:31.417	0.85262				2
2025.04.16	00:42:49.802	0.85261				2
2025.04.16	00:43:00.480	0.85261				2
2025.04.16	00:43:01.663	0.85262				2
2025.04.16	00:43:06.607	0.85263				2
2025.04.16	00:43:13.363	0.85264				2
2025.04.16	00:43:23.559	0.85265	0.85334			6
2025.04.16	00:43:44.850	0.85263				2
2025.04.16	00:43:55.334	0.85264				2
2025.04.16	00:44:00.085	0.85259	0.85315			6
2025.04.16	00:44:05.155	0.85263				2
2025.04.16	00:44:36.145	0.85264				2
2025.04.16	00:44:59.800		0.85317			4
2025.04.16	00:45:02.162	0.85261	0.85341			6
2025.04.16	00:45:04.588	0.85264	0.85317			6
2025.04.16	00:45:08.887	0.85276	0.85305			6
2025.04.16	00:45:10.470	0.85277				2
2025.04.16	00:45:39.425	0.85278				2
2025.04.16	00:46:00.698	0.85278				2
2025.04.16	00:46:01.409	0.85279				2
2025.04.16	00:46:08.376	0.85275				2
2025.04.16	00:46:10.357		0.85305			4
2025.04.16	00:46:19.047	0.85277				2
2025.04.16	00:46:27.558	0.85280				2
2025.04.16	00:46:35.699	0.85279				2
2025.04.16	00:46:37.328	0.85281				2
2025.04.16	00:46:37.973	0.85280				2
2025.04.16	00:46:38.353	0.85279				2
2025.04.16	00:46:41.431	0.85278				2
2025.04.16	00:46:42.901	0.85279				2
2025.04.16	00:47:00.093	0.85279				2
2025.04.16	00:47:01.408	0.85280				2
2025.04.16	00:47:01.815	0.85281				2
2025.04.16	00:47:02.158	0.85278	0.85332			6
2025.04.16	00:47:04.594	0.85281	0.85360			6
2025.04.16	00:47:06.170	0.85283				2
2025.04.16	00:47:15.940	0.85284				2
2025.04.16	00:47:21.774	0.85283				2
2025.04.16	00:47:30.735	0.85286	0.85382			6
2025.04.16	00:47:31.521	0.85287				2
2025.04.16	00:47:35.389	0.85286	0.85383			6
2025.04.16	00:47:39.158	0.85287				2
2025.04.16	00:47:40.716	0.85291	0.85379			6
2025.04.16	00:47:43.814	0.85292	0.85377			6
2025.04.16	00:47:44.822	0.85289	0.85375			6
2025.04.16	00:47:47.024	0.85287	0.85377			6
2025.04.16	00:47:49.890	0.85292	0.85372			6
2025.04.16	00:47:51.035	0.85293	0.85371			6
2025.04.16	00:47:54.840		0.85368			4
2025.04.16	00:47:58.178	0.85292	0.85370			6
2025.04.16	00:48:00.089	0.85292	0.85306			6
2025.04.16	00:48:21.411	0.85293				2
2025.04.16	00:48:30.804	0.85292				2
2025.04.16	00:49:00.363	0.85292	0.85306			6
2025.04.16	00:49:36.477	0.85286				2
2025.04.16	00:49:42.882	0.85288				2
2025.04.16	00:49:53.224	0.85286				2
2025.04.16	00:50:00.779	0.85286	0.85375			6
2025.04.16	00:50:13.536	0.85276	0.85356			6
2025.04.16	00:50:28.561	0.85281	0.85380			6
2025.04.16	00:50:38.916	0.85282				2
2025.04.16	00:50:47.670	0.85281	0.85381			6
2025.04.16	00:50:50.221		0.85371			4
2025.04.16	00:51:02.477	0.85281				2
2025.04.16	00:51:03.452		0.85331			4
2025.04.16	00:52:01.960	0.85281				2
2025.04.16	00:52:03.826		0.85331			4
2025.04.16	00:52:07.362	0.85282				2
2025.04.16	00:53:00.750	0.85282				2
2025.04.16	00:53:04.060		0.85376			4
2025.04.16	00:53:12.459		0.85375			4
2025.04.16	00:53:30.568	0.85275	0.85349			6
2025.04.16	00:53:34.955	0.85273				2
2025.04.16	00:53:46.764	0.85280	0.85377			6
2025.04.16	00:53:47.178	0.85281				2
2025.04.16	00:53:50.745		0.85376			4
2025.04.16	00:53:58.791	0.85282				2
2025.04.16	00:54:00.898	0.85282				2
2025.04.16	00:54:02.900	0.85281				2
2025.04.16	00:54:06.758	0.85282				2
2025.04.16	00:54:23.859	0.85281				2
2025.04.16	00:54:28.699	0.85282				2
2025.04.16	00:54:30.477		0.85375			4
2025.04.16	00:54:37.871		0.85376			4
2025.04.16	00:54:46.659		0.85375			4
2025.04.16	00:55:00.567	0.85282				2
2025.04.16	00:55:02.263	0.85276	0.85349			6
2025.04.16	00:55:03.455		0.85328			4
2025.04.16	00:55:07.936		0.85313			4
2025.04.16	00:55:15.211	0.85283	0.85331			6
2025.04.16	00:55:17.094	0.85282				2
2025.04.16	00:55:20.260	0.85283				2
2025.04.16	00:55:21.747	0.85282				2
2025.04.16	00:55:29.563	0.85283				2
2025.04.16	00:55:42.017	0.85284				2
2025.04.16	00:55:46.639	0.85292				2
2025.04.16	00:56:00.361	0.85292				2
2025.04.16	00:56:11.568	0.85291				2
2025.04.16	00:56:16.554		0.85331			4
2025.04.16	00:56:37.356	0.85289				2
2025.04.16	00:56:40.058	0.85288				2
2025.04.16	00:56:41.845	0.85287				2
2025.04.16	00:57:00.756	0.85287				2
2025.04.16	00:57:13.309	0.85286				2
2025.04.16	00:57:16.224		0.85372			4
2025.04.16	00:57:26.380	0.85288	0.85370			6
2025.04.16	00:57:42.065	0.85287	0.85371			6
2025.04.16	00:57:45.298		0.85370			4
2025.04.16	00:57:49.295		0.85371			4
2025.04.16	00:58:02.015	0.85287				2
2025.04.16	00:58:12.849	0.85286				2
2025.04.16	00:58:18.157	0.85287				2
2025.04.16	00:58:23.355	0.85286				2
2025.04.16	00:58:30.505		0.85381			4
2025.04.16	00:58:36.905		0.85372			4
2025.04.16	00:58:39.897	0.85288	0.85370			6
2025.04.16	00:58:41.412	0.85289	0.85368			6
2025.04.16	00:58:41.749	0.85287	0.85370			6
2025.04.16	00:58:47.490	0.85286	0.85371			6
2025.04.16	00:58:51.412	0.85287				2
2025.04.16	00:58:52.857	0.85286				2
2025.04.16	00:58:54.185	0.85289	0.85368			6
2025.04.16	00:58:54.853	0.85288	0.85370			6
2025.04.16	00:58:55.433	0.85287				2
2025.04.16	00:59:00.291	0.85287				2
2025.04.16	00:59:01.418	0.85288				2
2025.04.16	00:59:04.836	0.85289	0.85380			6
2025.04.16	00:59:05.259	0.85290				2
2025.04.16	00:59:09.059	0.85283	0.85313			6
2025.04.16	00:59:10.867	0.85282				2
2025.04.16	00:59:18.229	0.85287	0.85340			6
2025.04.16	00:59:20.096	0.85288				2
2025.04.16	00:59:27.033	0.85289				2
2025.04.16	00:59:28.858	0.85290				2
2025.04.16	00:59:45.581	0.85289				2
2025.04.16	00:59:47.400	0.85291				2
2025.04.16	00:59:47.880	0.85293				2
2025.04.16	00:59:55.359	0.85294				2
2025.04.16	01:00:00.298	0.85299	0.85349			6
2025.04.16	01:00:00.631	0.85280				2
2025.04.16	01:00:00.940	0.85278				2
2025.04.16	01:00:01.243	0.85273				2
2025.04.16	01:00:01.562	0.85277				2
2025.04.16	01:00:01.864	0.85279				2
2025.04.16	01:00:02.515		0.85341			4
2025.04.16	01:00:02.854	0.85277	0.85338			6
2025.04.16	01:00:03.158	0.85276	0.85337			6
2025.04.16	01:00:03.464	0.85280	0.85341			6
2025.04.16	01:00:03.766	0.85275	0.85336			6
2025.04.16	01:00:04.068	0.85277	0.85338			6
2025.04.16	01:00:04.371	0.85276	0.85337			6
2025.04.16	01:00:04.675	0.85281	0.85341			6
2025.04.16	01:00:04.979	0.85285	0.85342			6
2025.04.16	01:00:05.337	0.85283	0.85344			6
2025.04.16	01:00:05.643	0.85285	0.85342			6
2025.04.16	01:00:05.947	0.85282	0.85331			6
2025.04.16	01:00:06.612	0.85286	0.85338			6
2025.04.16	01:00:06.920		0.85337			4
2025.04.16	01:00:07.251		0.85338			4
2025.04.16	01:00:09.553	0.85279				2
2025.04.16	01:00:11.238	0.85278	0.85332			6
2025.04.16	01:00:12.770	0.85284	0.85333			6
2025.04.16	01:00:13.079		0.85324			4
2025.04.16	01:00:13.396		0.85326			4
2025.04.16	01:00:13.797		0.85325			4
2025.04.16	01:00:16.220	0.85282	0.85324			6
2025.04.16	01:00:16.958	0.85273				2
2025.04.16	01:00:17.325	0.85272				2
2025.04.16	01:00:22.516	0.85284	0.85305			6
2025.04.16	01:00:24.760	0.85282	0.85304			6
2025.04.16	01:00:25.082		0.85302			4
2025.04.16	01:00:28.361		0.85304			4
2025.04.16	01:00:32.897		0.85302			4
2025.04.16	01:00:33.429		0.85304			4
2025.04.16	01:00:35.377	0.85288	0.85306			6
2025.04.16	01:00:35.678		0.85308			4
2025.04.16	01:00:36.362		0.85309			4
2025.04.16	01:00:38.338	0.85291				2
2025.04.16	01:00:38.659	0.85290				2
2025.04.16	01:00:39.315	0.85292				2
2025.04.16	01:00:40.068		0.85311			4
2025.04.16	01:00:43.558	0.85296				2
2025.04.16	01:00:45.981	0.85293	0.85312			6
2025.04.16	01:00:46.287		0.85311			4
2025.04.16	01:00:50.408	0.85297	0.85317			6
2025.04.16	01:00:50.718		0.85314			4
2025.04.16	01:00:51.051		0.85312			4
2025.04.16	01:00:53.159	0.85293				2
2025.04.16	01:00:54.114	0.85295	0.85314			6
2025.04.16	01:00:54.525		0.85312			4
2025.04.16	01:00:58.724		0.85314			4
2025.04.16	01:01:00.227	0.85295				2
2025.04.16	01:01:00.545	0.85294				2
2025.04.16	01:01:05.081		0.85316			4
2025.04.16	01:01:05.412	0.85297				2
2025.04.16	01:01:05.718	0.85300	0.85319			6
2025.04.16	01:01:08.382	0.85306	0.85321			6
2025.04.16	01:01:10.361	0.85308	0.85322			6
2025.04.16	01:01:11.354	0.85306				2
2025.04.16	01:01:14.321	0.85302	0.85320			6
2025.04.16	01:01:35.354	0.85310	0.85315			6
2025.04.16	01:01:35.659	0.85308				2
2025.04.16	01:01:45.194	0.85303				2
2025.04.16	01:01:48.780	0.85305	0.85321			6
2025.04.16	01:01:49.129		0.85318			4
2025.04.16	01:01:49.438		0.85321			4
2025.04.16	01:01:49.768	0.85307	0.85320			6
2025.04.16	01:01:50.078	0.85308				2
2025.04.16	01:01:50.737		0.85322			4
2025.04.16	01:01:51.176	0.85306				2
2025.04.16	01:01:52.237	0.85300				2
2025.04.16	01:01:52.558	0.85303	0.85320			6
2025.04.16	01:01:52.888		0.85321			4
2025.04.16	01:01:53.239	0.85300	0.85322			6
2025.04.16	01:01:57.386	0.85302				2
2025.04.16	01:01:58.155	0.85301	0.85320			6
2025.04.16	01:01:59.235	0.85300	0.85323			6
2025.04.16	01:01:59.603	0.85301	0.85320			6
2025.04.16	01:01:59.943	0.85299	0.85322			6
2025.04.16	01:02:00.264	0.85300	0.85320			6
2025.04.16	01:02:00.580	0.85301				2
2025.04.16	01:02:00.891		0.85319			4
2025.04.16	01:02:01.198	0.85299	0.85322			6
2025.04.16	01:02:01.902	0.85300	0.85320			6
2025.04.16	01:02:02.323	0.85305	0.85322			6
2025.04.16	01:02:02.796	0.85303				2
2025.04.16	01:02:03.283	0.85307	0.85324			6
2025.04.16	01:02:03.733	0.85299	0.85322			6
2025.04.16	01:02:04.076		0.85320			4
2025.04.16	01:02:04.378		0.85322			4
2025.04.16	01:02:04.929	0.85296				2
2025.04.16	01:02:05.278	0.85299	0.85319			6
2025.04.16	01:02:05.743		0.85322			4
2025.04.16	01:02:06.223	0.85298	0.85320			6
2025.04.16	01:02:06.839		0.85322			4
2025.04.16	01:02:07.140		0.85320			4
2025.04.16	01:02:07.785		0.85322			4
2025.04.16	01:02:08.088		0.85320			4
2025.04.16	01:02:08.695		0.85322			4
2025.04.16	01:02:08.997	0.85299	0.85320			6
2025.04.16	01:02:09.679	0.85298				2
2025.04.16	01:02:09.982		0.85322			4
2025.04.16	01:02:10.322		0.85320			4
2025.04.16	01:02:10.631	0.85299				2
2025.04.16	01:02:11.338	0.85298				2
2025.04.16	01:02:11.791		0.85322			4
2025.04.16	01:02:12.473		0.85320			4
2025.04.16	01:02:12.781		0.85322			4
2025.04.16	01:02:13.570		0.85320			4
2025.04.16	01:02:13.903		0.85322			4
2025.04.16	01:02:14.370		0.85320			4
2025.04.16	01:02:14.682		0.85322			4
2025.04.16	01:02:15.039	0.85299				2
2025.04.16	01:02:15.660		0.85320			4
2025.04.16	01:02:15.961	0.85298				2
2025.04.16	01:02:16.380		0.85322			4
2025.04.16	01:02:16.728	0.85299				2
2025.04.16	01:02:17.197	0.85301				2
2025.04.16	01:02:17.521	0.85300				2
2025.04.16	01:02:17.915	0.85301	0.85320			6
2025.04.16	01:02:18.542	0.85300	0.85322			6
2025.04.16	01:02:19.339		0.85320			4
2025.04.16	01:02:20.097		0.85322			4
2025.04.16	01:02:21.717		0.85320			4
2025.04.16	01:02:22.023		0.85322			4
2025.04.16	01:02:22.337		0.85320			4
2025.04.16	01:02:22.658	0.85299	0.85323			6
2025.04.16	01:02:22.978	0.85300	0.85320			6
2025.04.16	01:02:23.288	0.85301	0.85322			6
2025.04.16	01:02:23.620		0.85325			4
2025.04.16	01:02:23.957	0.85304	0.85324			6
2025.04.16	01:02:27.426	0.85306	0.85322			6
2025.04.16	01:02:27.765	0.85301	0.85323			6
2025.04.16	01:02:28.183		0.85322			4
2025.04.16	01:02:28.632		0.85323			4
2025.04.16	01:02:29.238		0.85320			4
2025.04.16	01:02:29.851	0.85306	0.85322			6
2025.04.16	01:02:30.158	0.85300				2
2025.04.16	01:02:30.477	0.85301				2
2025.04.16	01:02:31.296	0.85300	0.85320			6
2025.04.16	01:02:31.599		0.85322			4
2025.04.16	01:02:32.479	0.85301				2
2025.04.16	01:02:32.922	0.85306	0.85321			6
2025.04.16	01:02:33.241		0.85322			4
2025.04.16	01:02:43.909	0.85308				2
2025.04.16	01:02:47.470	0.85312	0.85325			6
2025.04.16	01:03:00.567	0.85312				2
2025.04.16	01:03:03.160		0.85328			4
2025.04.16	01:03:03.478	0.85313	0.85327			6
2025.04.16	01:03:03.785	0.85308	0.85323			6
2025.04.16	01:03:04.480		0.85325			4
2025.04.16	01:03:07.410	0.85315	0.85329			6
2025.04.16	01:03:26.167	0.85313				2
2025.04.16	01:03:32.957	0.85308	0.85324			6
2025.04.16	01:03:47.013	0.85306				2
2025.04.16	01:03:55.971	0.85310	0.85328			6
2025.04.16	01:04:00.569	0.85310				2
2025.04.16	01:04:07.247	0.85308	0.85324			6
2025.04.16	01:04:12.116	0.85306				2
2025.04.16	01:04:12.524		0.85323			4
2025.04.16	01:04:14.599		0.85324			4
2025.04.16	01:04:16.745	0.85308				2
2025.04.16	01:04:17.074	0.85301	0.85322			6
2025.04.16	01:04:18.382	0.85305	0.85320			6
2025.04.16	01:04:19.771	0.85303				2
2025.04.16	01:04:29.455	0.85305	0.85321			6
2025.04.16	01:04:41.328	0.85304				2
2025.04.16	01:04:44.902		0.85320			4
2025.04.16	01:04:48.460	0.85301				2
2025.04.16	01:04:50.576	0.85303	0.85319			6
2025.04.16	01:04:50.890		0.85320			4
2025.04.16	01:04:52.397	0.85301				2
2025.04.16	01:04:57.127	0.85303				2
2025.04.16	01:04:59.400	0.85301				2
2025.04.16	01:05:00.227	0.85299	0.85319			6
2025.04.16	01:05:37.960	0.85301	0.85318			6
2025.04.16	01:05:41.369	0.85296	0.85316			6
2025.04.16	01:05:42.761	0.85297				2
2025.04.16	01:05:50.412	0.85293	0.85312			6
2025.04.16	01:05:54.928		0.85314			4
2025.04.16	01:06:01.885	0.85295	0.85315			6
2025.04.16	01:06:03.471	0.85296	0.85313			6
2025.04.16	01:06:15.216		0.85311			4
2025.04.16	01:06:18.313		0.85312			4
2025.04.16	01:06:21.261	0.85299	0.85315			6
2025.04.16	01:06:25.376	0.85298				2
2025.04.16	01:06:26.214	0.85293	0.85311			6
2025.04.16	01:06:31.809	0.85297				2
2025.04.16	01:06:32.567		0.85312			4
2025.04.16	01:06:40.101	0.85293	0.85310			6
2025.04.16	01:06:40.448	0.85295				2
2025.04.16	01:06:50.559	0.85296	0.85308			6
2025.04.16	01:06:52.793		0.85310			4
2025.04.16	01:07:01.296	0.85296				2
2025.04.16	01:07:02.705	0.85297				2
2025.04.16	01:07:29.147	0.85303	0.85315			6
2025.04.16	01:07:30.261	0.85300	0.85312			6
2025.04.16	01:07:30.650		0.85314			4
2025.04.16	01:07:44.981	0.85305				2
2025.04.16	01:07:47.859		0.85313			4
2025.04.16	01:07:54.999		0.85314			4
2025.04.16	01:07:59.471	0.85307				2
2025.04.16	01:08:00.159	0.85307				2
2025.04.16	01:08:06.739	0.85311	0.85317			6
2025.04.16	01:08:07.058	0.85310	0.85319			6
2025.04.16	01:08:09.159	0.85309	0.85318			6
2025.04.16	01:08:09.468	0.85310				2
2025.04.16	01:08:13.096	0.85317	0.85321			6
2025.04.16	01:08:13.400		0.85322			4
2025.04.16	01:08:26.677	0.85318	0.85323			6
2025.04.16	01:08:28.059		0.85322			4
2025.04.16	01:08:35.588	0.85316				2
2025.04.16	01:08:48.811	0.85322	0.85327			6
2025.04.16	01:08:52.471		0.85325			4
2025.04.16	01:08:53.369	0.85323	0.85327			6
2025.04.16	01:08:56.761		0.85325			4
2025.04.16	01:08:58.361		0.85326			4
2025.04.16	01:09:00.280	0.85329	0.85330			6
2025.04.16	01:09:01.065	0.85319				2
2025.04.16	01:09:01.403	0.85318				2
2025.04.16	01:09:01.949	0.85320	0.85331			6
2025.04.16	01:09:11.204	0.85330	0.85335			6
2025.04.16	01:09:11.516		0.85337			4
2025.04.16	01:09:12.168		0.85339			4
2025.04.16	01:09:12.482		0.85338			4
2025.04.16	01:09:14.082	0.85332	0.85340			6
2025.04.16	01:09:14.394		0.85338			4
2025.04.16	01:09:19.116		0.85340			4
2025.04.16	01:09:19.474		0.85341			4
2025.04.16	01:09:23.217		0.85340			4
2025.04.16	01:09:23.792	0.85331				2
2025.04.16	01:09:24.836	0.85330	0.85343			6
2025.04.16	01:09:37.002	0.85331				2
2025.04.16	01:09:39.347		0.85345			4
2025.04.16	01:09:39.759	0.85330				2
2025.04.16	01:09:43.961	0.85334				2
2025.04.16	01:09:44.728	0.85335				2
2025.04.16	01:09:45.161	0.85336				2
2025.04.16	01:09:50.360		0.85339			4
2025.04.16	01:09:56.373		0.85345			4
2025.04.16	01:09:56.972		0.85343			4
2025.04.16	01:10:00.641	0.85336	0.85344			6
2025.04.16	01:10:02.019	0.85337	0.85345			6
2025.04.16	01:10:09.916		0.85346			4
2025.04.16	01:10:11.907		0.85345			4
2025.04.16	01:10:20.509		0.85346			4
2025.04.16	01:10:31.161	0.85340	0.85349			6
2025.04.16	01:10:34.350	0.85338	0.85348			6
2025.04.16	01:10:34.697		0.85346			4
2025.04.16	01:10:35.260		0.85345			4
2025.04.16	01:10:35.859		0.85346			4
2025.04.16	01:10:36.359		0.85345			4
2025.04.16	01:10:41.125	0.85336				2
2025.04.16	01:10:55.582	0.85340	0.85347			6
2025.04.16	01:10:55.900		0.85348			4
2025.04.16	01:11:00.449	0.85340	0.85350			6
2025.04.16	01:11:00.761		0.85348			4
2025.04.16	01:11:02.269	0.85341	0.85349			6
2025.04.16	01:11:02.580	0.85336	0.85346			6
2025.04.16	01:11:03.455	0.85334				2
2025.04.16	01:11:04.060		0.85345			4
2025.04.16	01:11:04.386	0.85337	0.85348			6
2025.04.16	01:11:04.698	0.85336	0.85347			6
2025.04.16	01:11:05.016	0.85333	0.85342			6
2025.04.16	01:11:05.573	0.85334				2
2025.04.16	01:11:07.235	0.85336	0.85343			6
2025.04.16	01:11:09.932		0.85345			4
2025.04.16	01:11:10.454		0.85343			4
2025.04.16	01:11:12.171	0.85335	0.85342			6
2025.04.16	01:11:12.474	0.85336	0.85346			6
2025.04.16	01:11:13.363	0.85334	0.85343			6
2025.04.16	01:11:13.754		0.85342			4
2025.04.16	01:11:15.087	0.85337	0.85343			6
2025.04.16	01:11:17.505		0.85344			4
2025.04.16	01:11:19.436	0.85338				2
2025.04.16	01:11:20.558		0.85345			4
2025.04.16	01:11:22.474	0.85337				2
2025.04.16	01:11:23.783	0.85341	0.85347			6
2025.04.16	01:11:24.157		0.85348			4
2025.04.16	01:11:25.358		0.85349			4
2025.04.16	01:11:27.459		0.85348			4
2025.04.16	01:11:30.459	0.85342	0.85350			6
2025.04.16	01:11:30.785		0.85352			4
2025.04.16	01:11:32.469	0.85338	0.85351			6
2025.04.16	01:11:33.278	0.85345				2
2025.04.16	01:11:34.796		0.85355			4
2025.04.16	01:11:35.741	0.85346				2
2025.04.16	01:11:39.724	0.85347				2
2025.04.16	01:11:40.788	0.85346	0.85356			6
2025.04.16	01:11:42.483	0.85344				2
2025.04.16	01:11:43.519		0.85353			4
2025.04.16	01:11:46.526		0.85354			4
2025.04.16	01:11:47.447	0.85336	0.85347			6
2025.04.16	01:11:47.829	0.85338	0.85348			6
2025.04.16	01:11:49.058		0.85349			4
2025.04.16	01:11:50.859		0.85348			4
2025.04.16	01:11:52.780	0.85339	0.85349			6
2025.04.16	01:11:54.355		0.85350			4
2025.04.16	01:11:56.349	0.85338				2
2025.04.16	01:11:57.829		0.85349			4
2025.04.16	01:12:00.060	0.85340				2
2025.04.16	01:12:00.884	0.85344	0.85351			6
2025.04.16	01:12:01.664		0.85352			4
2025.04.16	01:12:02.071	0.85349	0.85355			6
2025.04.16	01:12:02.380	0.85345	0.85356			6
2025.04.16	01:12:03.463		0.85355			4
2025.04.16	01:12:07.015	0.85347	0.85357			6
2025.04.16	01:12:08.260		0.85356			4
2025.04.16	01:12:08.858		0.85357			4
2025.04.16	01:12:10.246		0.85356			4
2025.04.16	01:12:12.518	0.85344				2
2025.04.16	01:12:19.355		0.85359			4
2025.04.16	01:12:19.791		0.85356			4
2025.04.16	01:12:20.123	0.85345	0.85357			6
2025.04.16	01:12:21.207	0.85344				2
2025.04.16	01:12:22.960		0.85356			4
2025.04.16	01:12:24.600	0.85343	0.85357			6
2025.04.16	01:12:26.012	0.85345	0.85358			6
2025.04.16	01:12:26.354		0.85359			4
2025.04.16	01:12:27.164		0.85358			4
2025.04.16	01:12:30.706	0.85346				2
2025.04.16	01:12:32.218		0.85359			4
2025.04.16	01:12:34.298		0.85360			4
2025.04.16	01:12:37.184	0.85347	0.85361			6
2025.04.16	01:12:38.414	0.85346				2
2025.04.16	01:12:39.144	0.85347	0.85362			6
2025.04.16	01:12:39.925		0.85360			4
2025.04.16	01:12:40.234	0.85341	0.85356			6
2025.04.16	01:12:50.207		0.85355			4
2025.04.16	01:12:52.142		0.85356			4
2025.04.16	01:12:54.356	0.85339	0.85352			6
2025.04.16	01:12:57.556	0.85338	0.85351			6
2025.04.16	01:12:57.921	0.85336				2
2025.04.16	01:12:58.359		0.85352			4
2025.04.16	01:13:00.364	0.85336	0.85351			6
2025.04.16	01:13:02.427		0.85352			4
2025.04.16	01:13:07.489		0.85350			4
2025.04.16	01:13:08.409	0.85334	0.85344			6
2025.04.16	01:13:08.746	0.85329				2
2025.04.16	01:13:09.131		0.85341			4
2025.04.16	01:13:12.216		0.85342			4
2025.04.16	01:13:12.941	0.85330				2
2025.04.16	01:13:14.114		0.85343			4
2025.04.16	01:13:14.955	0.85331	0.85345			6
2025.04.16	01:13:16.304	0.85332	0.85346			6
2025.04.16	01:13:16.619	0.85333	0.85347			6
2025.04.16	01:13:17.450	0.85332	0.85348			6
2025.04.16	01:13:20.044	0.85335	0.85350			6
2025.04.16	01:13:22.912	0.85336				2
2025.04.16	01:13:23.224		0.85349			4
2025.04.16	01:13:23.966	0.85335				2
2025.04.16	01:13:25.504	0.85334	0.85348			6
2025.04.16	01:13:27.057		0.85349			4
2025.04.16	01:13:29.810	0.85336	0.85350			6
2025.04.16	01:13:30.256	0.85335	0.85349			6
2025.04.16	01:13:33.697		0.85350			4
2025.04.16	01:13:34.002		0.85349			4
2025.04.16	01:13:35.168	0.85331	0.85345			6
2025.04.16	01:13:35.981	0.85330	0.85344			6
2025.04.16	01:13:37.189	0.85329	0.85342			6
2025.04.16	01:13:38.023		0.85341			4
2025.04.16	01:13:38.560	0.85331	0.85343			6
2025.04.16	01:13:39.447	0.85330	0.85342			6
2025.04.16	01:13:39.783	0.85331	0.85343			6
2025.04.16	01:13:41.984		0.85344			4
2025.04.16	01:13:42.629	0.85329	0.85343			6
2025.04.16	01:13:48.521		0.85342			4
2025.04.16	01:13:50.790	0.85330	0.85341			6
2025.04.16	01:13:52.960		0.85342			4
2025.04.16	01:13:58.955	0.85329	0.85343			6
2025.04.16	01:13:59.523		0.85342			4
2025.04.16	01:14:01.361	0.85329				2
2025.04.16	01:14:02.403	0.85326	0.85338			6
2025.04.16	01:14:02.736	0.85324	0.85335			6
2025.04.16	01:14:03.445		0.85328			4
2025.04.16	01:14:08.777		0.85329			4
2025.04.16	01:14:11.576		0.85334			4
2025.04.16	01:14:13.431	0.85326	0.85335			6
2025.04.16	01:14:14.183	0.85327	0.85336			6
2025.04.16	01:14:15.461	0.85326				2
2025.04.16	01:14:16.489	0.85327	0.85338			6
2025.04.16	01:14:17.182	0.85329				2
2025.04.16	01:14:17.500	0.85328	0.85339			6
2025.04.16	01:14:19.663	0.85329				2
2025.04.16	01:14:31.633	0.85330	0.85341			6
2025.04.16	01:14:34.622		0.85340			4
2025.04.16	01:14:36.828	0.85329	0.85339			6
2025.04.16	01:14:53.558		0.85340			4
2025.04.16	01:15:00.275	0.85329	0.85341			6
2025.04.16	01:15:43.832	0.85340	0.85351			6
2025.04.16	01:15:44.479		0.85352			4
2025.04.16	01:15:46.244	0.85339				2
2025.04.16	01:15:46.800	0.85338	0.85348			6
2025.04.16	01:15:47.436		0.85349			4
2025.04.16	01:15:47.867	0.85340				2
2025.04.16	01:15:48.181		0.85351			4
2025.04.16	01:15:52.724	0.85342	0.85352			6
2025.04.16	01:15:53.896		0.85354			4
2025.04.16	01:15:54.783		0.85352			4
2025.04.16	01:15:55.097	0.85343	0.85355			6
2025.04.16	01:15:55.411		0.85354			4
2025.04.16	01:15:56.680	0.85341				2
2025.04.16	01:15:57.023		0.85351			4
2025.04.16	01:16:00.424	0.85340	0.85350			6
2025.04.16	01:16:03.461	0.85341	0.85351			6
2025.04.16	01:16:04.351	0.85340				2
2025.04.16	01:16:06.459	0.85341				2
2025.04.16	01:16:11.265	0.85343	0.85354			6
2025.04.16	01:16:12.550		0.85355			4
2025.04.16	01:16:13.358		0.85354			4
2025.04.16	01:16:16.176	0.85344	0.85356			6
2025.04.16	01:16:17.059	0.85345	0.85358			6
2025.04.16	01:16:18.480	0.85346				2
2025.04.16	01:16:22.056		0.85357			4
2025.04.16	01:16:23.272	0.85345				2
2025.04.16	01:16:25.359	0.85346				2
2025.04.16	01:16:26.427	0.85345				2
2025.04.16	01:16:29.024	0.85346				2
2025.04.16	01:16:29.645	0.85347				2
2025.04.16	01:16:31.182	0.85346				2
2025.04.16	01:16:31.672	0.85347				2
2025.04.16	01:16:32.149	0.85346	0.85356			6
2025.04.16	01:16:32.552		0.85355			4
2025.04.16	01:16:37.659	0.85347				2
2025.04.16	01:16:38.494	0.85346				2
2025.04.16	01:16:40.797	0.85347				2
2025.04.16	01:16:41.662	0.85346	0.85356			6
2025.04.16	01:16:45.331	0.85348				2
2025.04.16	01:16:53.324	0.85349				2
2025.04.16	01:16:55.330	0.85348				2
2025.04.16	01:16:55.909	0.85349				2
2025.04.16	01:16:56.561		0.85355			4
2025.04.16	01:16:59.797	0.85348				2
2025.04.16	01:17:00.567	0.85348				2
2025.04.16	01:17:00.960	0.85349				2
2025.04.16	01:17:02.956	0.85348				2
2025.04.16	01:17:03.869	0.85347				2
2025.04.16	01:17:05.183	0.85348				2
2025.04.16	01:17:07.581	0.85346				2
2025.04.16	01:17:08.563	0.85347				2
2025.04.16	01:17:09.878	0.85346				2
2025.04.16	01:17:10.482	0.85347				2
2025.04.16	01:17:14.863	0.85348				2
2025.04.16	01:17:18.758	0.85347				2
2025.04.16	01:17:25.695	0.85346				2
2025.04.16	01:17:27.201	0.85348	0.85356			6
2025.04.16	01:17:31.674	0.85347				2
2025.04.16	01:17:32.251	0.85348				2
2025.04.16	01:17:36.194	0.85347				2
2025.04.16	01:17:40.340	0.85348				2
2025.04.16	01:17:49.911	0.85347				2
2025.04.16	01:17:50.559	0.85348				2
2025.04.16	01:17:58.062	0.85349				2
2025.04.16	01:17:59.692	0.85348				2
2025.04.16	01:18:00.758	0.85348				2
2025.04.16	01:18:04.366		0.85358			4
2025.04.16	01:18:07.029	0.85347	0.85357			6
2025.04.16	01:18:08.356	0.85348				2
2025.04.16	01:18:25.362		0.85358			4
2025.04.16	01:18:26.860		0.85357			4
2025.04.16	01:18:28.830		0.85358			4
2025.04.16	01:18:33.952		0.85357			4
2025.04.16	01:18:35.263		0.85358			4
2025.04.16	01:18:38.536	0.85345	0.85355			6
2025.04.16	01:18:39.177	0.85348	0.85356			6
2025.04.16	01:18:39.629	0.85346				2
2025.04.16	01:18:40.958	0.85347				2
2025.04.16	01:18:45.343	0.85349				2
2025.04.16	01:18:45.709		0.85357			4
2025.04.16	01:18:46.861	0.85348				2
2025.04.16	01:18:48.521	0.85347	0.85356			6
2025.04.16	01:19:00.357	0.85347				2
2025.04.16	01:19:04.952	0.85349	0.85358			6
2025.04.16	01:19:16.107	0.85350				2
2025.04.16	01:19:30.546		0.85359			4
2025.04.16	01:19:37.654		0.85360			4
2025.04.16	01:19:48.966		0.85359			4
2025.04.16	01:19:49.361	0.85351				2
2025.04.16	01:19:50.929		0.85360			4
2025.04.16	01:19:56.250		0.85362			4
2025.04.16	01:19:56.559	0.85344	0.85353			6
2025.04.16	01:19:56.883	0.85339	0.85348			6
2025.04.16	01:19:57.199	0.85335	0.85344			6
2025.04.16	01:19:58.628	0.85334	0.85343			6
2025.04.16	01:19:58.932	0.85335	0.85344			6
2025.04.16	01:19:59.238		0.85343			4
2025.04.16	01:20:00.318	0.85333	0.85344			6
2025.04.16	01:20:01.213	0.85332	0.85342			6
2025.04.16	01:20:01.517	0.85333				2
2025.04.16	01:20:02.772	0.85334	0.85343			6
2025.04.16	01:20:04.608		0.85344			4
2025.04.16	01:20:05.069	0.85324	0.85333			6
2025.04.16	01:20:05.833	0.85322	0.85332			6
2025.04.16	01:20:06.386	0.85323	0.85333			6
2025.04.16	01:20:11.897		0.85334			4
2025.04.16	01:20:14.859	0.85324				2
2025.04.16	01:20:16.661	0.85318	0.85328			6
2025.04.16	01:20:16.983	0.85317				2
2025.04.16	01:20:17.789	0.85315	0.85325			6
2025.04.16	01:20:18.128		0.85324			4
2025.04.16	01:20:19.662	0.85314				2
2025.04.16	01:20:20.803	0.85313				2
2025.04.16	01:20:21.122	0.85314				2
2025.04.16	01:20:23.258	0.85313				2
2025.04.16	01:20:23.583	0.85317	0.85326			6
2025.04.16	01:20:24.040	0.85319	0.85328			6
2025.04.16	01:20:26.318	0.85320	0.85329			6
2025.04.16	01:20:28.022	0.85324	0.85333			6
2025.04.16	01:20:28.624	0.85323	0.85332			6
2025.04.16	01:20:30.138	0.85318	0.85328			6
2025.04.16	01:20:31.359		0.85327			4
2025.04.16	01:20:31.819	0.85317	0.85328			6
2025.04.16	01:20:32.354	0.85318				2
2025.04.16	01:20:33.779	0.85319				2
2025.04.16	01:20:34.116		0.85329			4
2025.04.16	01:20:35.118	0.85315	0.85326			6
2025.04.16	01:20:38.447	0.85316	0.85325			6
2025.04.16	01:20:44.060	0.85317	0.85326			6
2025.04.16	01:20:46.393		0.85327			4
2025.04.16	01:20:55.146	0.85318	0.85328			6
2025.04.16	01:20:56.218	0.85317				2
2025.04.16	01:20:58.932		0.85326			4
2025.04.16	01:21:00.401	0.85317	0.85328			6
2025.04.16	01:21:01.640	0.85314	0.85325			6
2025.04.16	01:21:01.942	0.85315				2
2025.04.16	01:21:07.505	0.85324	0.85330			6
2025.04.16	01:21:07.818	0.85326	0.85331			6
2025.04.16	01:21:08.154	0.85325				2
2025.04.16	01:21:09.636	0.85324				2
2025.04.16	01:21:11.323	0.85323				2
2025.04.16	01:21:13.861		0.85330			4
2025.04.16	01:21:19.293	0.85322				2
2025.04.16	01:21:19.823	0.85329	0.85335			6
2025.04.16	01:21:20.704	0.85328				2
2025.04.16	01:21:21.103	0.85329				2
2025.04.16	01:21:21.756		0.85336			4
2025.04.16	01:21:22.102	0.85328				2
2025.04.16	01:21:24.761		0.85335			4
2025.04.16	01:21:27.757	0.85323	0.85331			6
2025.04.16	01:21:30.388	0.85322				2
2025.04.16	01:21:32.991	0.85323				2
2025.04.16	01:21:35.236	0.85326	0.85335			6
2025.04.16	01:21:36.220	0.85327	0.85336			6
2025.04.16	01:21:37.060	0.85326				2
2025.04.16	01:21:39.303	0.85329	0.85338			6
2025.04.16	01:21:42.460		0.85337			4
2025.04.16	01:21:44.378	0.85330	0.85340			6
2025.04.16	01:21:44.922	0.85331				2
2025.04.16	01:21:45.238	0.85333	0.85341			6
2025.04.16	01:21:48.161		0.85342			4
2025.04.16	01:21:50.367		0.85341			4
2025.04.16	01:21:55.603	0.85334	0.85342			6
2025.04.16	01:21:57.158	0.85333	0.85341			6
2025.04.16	01:21:57.693	0.85336	0.85346			6
2025.04.16	01:21:58.488	0.85338	0.85347			6
2025.04.16	01:21:59.608	0.85341	0.85348			6
2025.04.16	01:22:00.014	0.85341				2
2025.04.16	01:22:02.258		0.85347			4
2025.04.16	01:22:03.703	0.85344	0.85352			6
2025.04.16	01:22:05.268		0.85353			4
2025.04.16	01:22:09.305		0.85352			4
2025.04.16	01:22:11.748	0.85340	0.85348			6
2025.04.16	01:22:16.386		0.85347			4
2025.04.16	01:22:16.689	0.85339				2
2025.04.16	01:22:18.190	0.85340	0.85349			6
2025.04.16	01:22:19.255		0.85348			4
2025.04.16	01:22:24.294	0.85341				2
2025.04.16	01:22:24.599	0.85340				2
2025.04.16	01:22:26.352		0.85347			4
2025.04.16	01:22:36.682	0.85341				2
2025.04.16	01:22:42.669	0.85340				2
2025.04.16	01:22:49.064	0.85337	0.85342			6
2025.04.16	01:22:50.382		0.85345			4
2025.04.16	01:22:51.767	0.85333	0.85340			6
2025.04.16	01:22:52.636	0.85331	0.85338			6
2025.04.16	01:22:53.837		0.85337			4
2025.04.16	01:22:54.698	0.85332				2
2025.04.16	01:22:55.004		0.85338			4
2025.04.16	01:22:55.332	0.85333	0.85340			6
2025.04.16	01:22:55.901	0.85334	0.85342			6
2025.04.16	01:23:00.460	0.85334				2
2025.04.16	01:23:03.539	0.85335				2
2025.04.16	01:23:16.734		0.85341			4
2025.04.16	01:23:21.610	0.85326	0.85333			6
2025.04.16	01:23:23.258		0.85332			4
2025.04.16	01:23:28.359	0.85325				2
2025.04.16	01:23:29.908	0.85324				2
2025.04.16	01:23:30.371	0.85323	0.85331			6
2025.04.16	01:23:36.162	0.85329	0.85335			6
2025.04.16	01:23:40.363	0.85328				2
2025.04.16	01:23:57.653	0.85327				2
2025.04.16	01:24:00.315	0.85327				2
2025.04.16	01:24:02.046	0.85330	0.85338			6
2025.04.16	01:24:04.363		0.85337			4
2025.04.16	01:24:04.857		0.85336			4
2025.04.16	01:24:07.604		0.85337			4
2025.04.16	01:24:31.694	0.85327	0.85332			6
2025.04.16	01:24:36.473		0.85334			4
2025.04.16	01:24:36.778		0.85335			4
2025.04.16	01:24:38.077	0.85328	0.85336			6
2025.04.16	01:25:00.568	0.85328				2
2025.04.16	01:25:14.319	0.85324	0.85332			6
2025.04.16	01:25:17.593	0.85325				2
2025.04.16	01:25:18.759		0.85331			4
2025.04.16	01:25:19.461	0.85324				2
2025.04.16	01:25:23.859	0.85323				2
2025.04.16	01:25:56.193	0.85315	0.85322			6
2025.04.16	01:25:57.318	0.85316				2
2025.04.16	01:26:00.952	0.85316				2
2025.04.16	01:26:02.372		0.85319			4
2025.04.16	01:26:03.454	0.85315	0.85322			6
2025.04.16	01:26:08.465	0.85310	0.85316			6
2025.04.16	01:26:08.847	0.85309				2
2025.04.16	01:26:09.311	0.85306	0.85313			6
2025.04.16	01:26:09.631		0.85312			4
2025.04.16	01:26:11.677	0.85307	0.85314			6
2025.04.16	01:26:15.159		0.85315			4
2025.04.16	01:26:22.107	0.85308				2
2025.04.16	01:26:25.937		0.85313			4
2025.04.16	01:26:26.291		0.85315			4
2025.04.16	01:26:28.269		0.85316			4
2025.04.16	01:26:30.031	0.85309				2
2025.04.16	01:26:48.727	0.85310				2
2025.04.16	01:26:49.776	0.85312	0.85319			6
2025.04.16	01:26:54.731	0.85314	0.85321			6
2025.04.16	01:26:58.171	0.85313	0.85320			6
2025.04.16	01:27:00.073	0.85314	0.85321			6
2025.04.16	01:27:04.982	0.85315				2
2025.04.16	01:27:05.911		0.85322			4
2025.04.16	01:27:07.674	0.85317	0.85324			6
2025.04.16	01:27:09.171	0.85316				2
2025.04.16	01:27:09.477	0.85317	0.85325			6
2025.04.16	01:27:14.072	0.85318				2
2025.04.16	01:27:15.464	0.85317				2
2025.04.16	01:27:20.111		0.85322			4
2025.04.16	01:27:25.149	0.85316				2
2025.04.16	01:27:27.031		0.85323			4
2025.04.16	01:27:29.178	0.85318	0.85325			6
2025.04.16	01:27:29.513	0.85317	0.85324			6
2025.04.16	01:27:34.145	0.85318				2
2025.04.16	01:27:35.113	0.85319				2
2025.04.16	01:27:36.161		0.85325			4
2025.04.16	01:27:45.336	0.85320				2
2025.04.16	01:27:48.037	0.85319				2
2025.04.16	01:27:50.049	0.85318				2
2025.04.16	01:27:55.234		0.85324			4
2025.04.16	01:27:55.535		0.85325			4
2025.04.16	01:27:57.195	0.85319				2
2025.04.16	01:27:57.996		0.85324			4
2025.04.16	01:27:59.073	0.85317				2
2025.04.16	01:28:00.460	0.85317				2
2025.04.16	01:28:03.287	0.85318				2
2025.04.16	01:28:04.463	0.85322	0.85325			6
2025.04.16	01:28:04.780	0.85323	0.85327			6
2025.04.16	01:28:05.294	0.85322	0.85326			6
2025.04.16	01:28:05.713		0.85327			4
2025.04.16	01:28:06.961		0.85326			4
2025.04.16	01:28:10.059		0.85327			4
2025.04.16	01:28:19.481		0.85326			4
2025.04.16	01:28:19.800	0.85325	0.85330			6
2025.04.16	01:28:24.523	0.85327				2
2025.04.16	01:28:26.558	0.85326	0.85331			6
2025.04.16	01:28:27.718		0.85330			4
2025.04.16	01:28:28.077	0.85325				2
2025.04.16	01:28:31.465	0.85323				2
2025.04.16	01:28:31.776	0.85326				2
2025.04.16	01:28:35.735		0.85331			4
2025.04.16	01:28:37.659		0.85330			4
2025.04.16	01:28:43.059	0.85325				2
2025.04.16	01:28:46.003	0.85326				2
2025.04.16	01:28:46.352		0.85331			4
2025.04.16	01:28:48.038	0.85325	0.85330			6
2025.04.16	01:28:50.264		0.85331			4
2025.04.16	01:28:52.688		0.85330			4
2025.04.16	01:28:56.355		0.85331			4
2025.04.16	01:29:00.514	0.85326				2
2025.04.16	01:29:02.924	0.85330	0.85335			6
2025.04.16	01:29:05.720	0.85331				2
2025.04.16	01:29:06.309		0.85336			4
2025.04.16	01:29:10.874	0.85330				2
2025.04.16	01:29:11.188	0.85328				2
2025.04.16	01:29:11.500		0.85335			4
2025.04.16	01:29:15.634	0.85327				2
2025.04.16	01:29:17.303		0.85334			4
2025.04.16	01:29:25.975		0.85335			4
2025.04.16	01:29:28.959	0.85326	0.85334			6
2025.04.16	01:29:30.075	0.85327				2
2025.04.16	01:29:32.152	0.85328				2
2025.04.16	01:29:33.072	0.85327				2
2025.04.16	01:29:36.807		0.85335			4
2025.04.16	01:29:37.535	0.85329				2
2025.04.16	01:29:39.873	0.85330				2
2025.04.16	01:29:44.873	0.85329				2
2025.04.16	01:29:45.393	0.85330				2
2025.04.16	01:29:53.046	0.85331	0.85336			6
2025.04.16	01:29:56.116	0.85332	0.85337			6
2025.04.16	01:29:57.158	0.85333	0.85336			6
2025.04.16	01:29:59.560	0.85335	0.85341			6
2025.04.16	01:29:59.876	0.85334				2
2025.04.16	01:30:00.232	0.85337				2
2025.04.16	01:30:00.559	0.85339				2
2025.04.16	01:30:02.115	0.85342	0.85348			6
2025.04.16	01:30:03.058	0.85346	0.85352			6
2025.04.16	01:30:03.360	0.85342	0.85348			6
2025.04.16	01:30:04.273	0.85343	0.85349			6
2025.04.16	01:30:04.575	0.85344				2
2025.04.16	01:30:04.940	0.85345	0.85350			6
2025.04.16	01:30:05.756	0.85347	0.85351			6
2025.04.16	01:30:06.996	0.85348	0.85352			6
2025.04.16	01:30:07.361	0.85349	0.85353			6
2025.04.16	01:30:08.303	0.85350				2
2025.04.16	01:30:08.644	0.85344	0.85346			6
2025.04.16	01:30:09.402	0.85342				2
2025.04.16	01:30:11.972	0.85344				2
2025.04.16	01:30:12.383		0.85347			4
2025.04.16	01:30:13.477	0.85342	0.85346			6
2025.04.16	01:30:13.784	0.85344	0.85347			6
2025.04.16	01:30:23.065	0.85339	0.85345			6
2025.04.16	01:30:24.418	0.85340				2
2025.04.16	01:30:24.741	0.85338	0.85344			6
2025.04.16	01:30:25.626		0.85343			4
2025.04.16	01:30:26.194		0.85341			4
2025.04.16	01:30:26.613	0.85337				2
2025.04.16	01:30:31.080	0.85338				2
2025.04.16	01:30:32.363	0.85333	0.85340			6
2025.04.16	01:30:33.503	0.85336				2
2025.04.16	01:30:36.851	0.85334				2
2025.04.16	01:30:47.661	0.85338	0.85341			6
2025.04.16	01:30:49.953		0.85344			4
2025.04.16	01:30:53.216	0.85337				2
2025.04.16	01:31:01.455	0.85337				2
2025.04.16	01:31:13.468	0.85341	0.85346			6
2025.04.16	01:31:23.262		0.85345			4
2025.04.16	01:31:30.591	0.85342	0.85346			6
2025.04.16	01:31:31.350	0.85341	0.85345			6
2025.04.16	01:31:40.675	0.85339				2
2025.04.16	01:31:42.035	0.85337				2
2025.04.16	01:31:43.940		0.85344			4
2025.04.16	01:31:50.206	0.85338				2
2025.04.16	01:31:51.374	0.85337				2
2025.04.16	01:31:54.475	0.85341				2
2025.04.16	01:31:54.779	0.85342	0.85346			6
2025.04.16	01:31:58.063	0.85341				2
2025.04.16	01:31:58.524	0.85343				2
2025.04.16	01:32:00.183	0.85343				2
2025.04.16	01:32:01.487		0.85349			4
2025.04.16	01:32:02.037	0.85341				2
2025.04.16	01:32:02.374		0.85348			4
2025.04.16	01:32:03.576		0.85346			4
2025.04.16	01:32:05.259	0.85340				2
2025.04.16	01:32:08.259	0.85341				2
2025.04.16	01:32:09.456	0.85340				2
2025.04.16	01:32:11.405	0.85338	0.85342			6
2025.04.16	01:32:11.720		0.85343			4
2025.04.16	01:32:21.372	0.85335	0.85341			6
2025.04.16	01:32:25.937	0.85336	0.85342			6
2025.04.16	01:32:29.956		0.85343			4
2025.04.16	01:32:31.187	0.85333	0.85340			6
2025.04.16	01:32:31.496	0.85331	0.85337			6
2025.04.16	01:32:31.803	0.85330				2
2025.04.16	01:32:33.306	0.85327	0.85335			6
2025.04.16	01:32:33.920	0.85325	0.85332			6
2025.04.16	01:32:34.903	0.85324	0.85330			6
2025.04.16	01:32:38.303	0.85322				2
2025.04.16	01:32:38.609	0.85321				2
2025.04.16	01:32:39.280	0.85322				2
2025.04.16	01:32:41.303	0.85321				2
2025.04.16	01:32:44.362		0.85329			4
2025.04.16	01:32:48.801		0.85330			4
2025.04.16	01:32:49.500	0.85320	0.85327			6
2025.04.16	01:32:51.687	0.85325	0.85329			6
2025.04.16	01:32:52.587	0.85326				2
2025.04.16	01:32:54.015	0.85322				2
2025.04.16	01:32:57.351	0.85324				2
2025.04.16	01:33:00.333	0.85329	0.85333			6
2025.04.16	01:33:01.108	0.85327				2
2025.04.16	01:33:01.487		0.85332			4
2025.04.16	01:33:01.793		0.85331			4
2025.04.16	01:33:02.095		0.85330			4
2025.04.16	01:33:02.462		0.85332			4
2025.04.16	01:33:02.774		0.85333			4
2025.04.16	01:33:03.141	0.85329	0.85334			6
2025.04.16	01:33:03.444	0.85328				2
2025.04.16	01:33:12.117	0.85331	0.85338			6
2025.04.16	01:33:13.121	0.85330				2
2025.04.16	01:33:17.554		0.85339			4
2025.04.16	01:33:18.958	0.85331				2
2025.04.16	01:33:19.520	0.85334				2
2025.04.16	01:33:22.123	0.85329				2
2025.04.16	01:33:22.473	0.85328	0.85335			6
2025.04.16	01:33:27.902	0.85327				2
2025.04.16	01:33:28.306	0.85333	0.85338			6
2025.04.16	01:33:28.963	0.85334				2
2025.04.16	01:33:30.459		0.85339			4
2025.04.16	01:33:30.912	0.85333	0.85337			6
2025.04.16	01:33:31.439	0.85331	0.85338			6
2025.04.16	01:33:35.742		0.85336			4
2025.04.16	01:33:36.435		0.85335			4
2025.04.16	01:33:36.756		0.85338			4
2025.04.16	01:33:40.631		0.85336			4
2025.04.16	01:33:49.787	0.85333	0.85338			6
2025.04.16	01:34:02.373	0.85333				2
2025.04.16	01:34:02.762	0.85332				2
2025.04.16	01:34:03.192	0.85327	0.85335			6
2025.04.16	01:34:04.052	0.85326				2
2025.04.16	01:34:09.507	0.85327				2
2025.04.16	01:34:10.368	0.85326				2
2025.04.16	01:34:11.177	0.85328	0.85334			6
2025.04.16	01:34:14.561	0.85326	0.85335			6
2025.04.16	01:34:14.880	0.85325	0.85334			6
2025.04.16	01:34:18.981	0.85328				2
2025.04.16	01:34:29.704	0.85326	0.85335			6
2025.04.16	01:34:30.760		0.85334			4
2025.04.16	01:34:34.374	0.85324	0.85333			6
2025.04.16	01:34:34.764		0.85334			4
2025.04.16	01:34:35.348	0.85325	0.85333			6
2025.04.16	01:34:37.370	0.85321	0.85329			6
2025.04.16	01:34:38.121	0.85320				2
2025.04.16	01:34:38.522	0.85321				2
2025.04.16	01:34:40.659		0.85330			4
2025.04.16	01:35:00.568	0.85321				2
2025.04.16	01:35:01.316	0.85320	0.85329			6
2025.04.16	01:35:11.259	0.85319				2
2025.04.16	01:35:18.829	0.85320				2
2025.04.16	01:35:24.759	0.85319				2
2025.04.16	01:35:30.953	0.85320				2
2025.04.16	01:35:32.303	0.85319	0.85328			6
2025.04.16	01:35:34.959	0.85320	0.85329			6
2025.04.16	01:35:37.900	0.85319				2
2025.04.16	01:35:39.496		0.85328			4
2025.04.16	01:35:43.238		0.85329			4
2025.04.16	01:35:46.659	0.85320				2
2025.04.16	01:35:47.539		0.85328			4
2025.04.16	01:35:52.015		0.85329			4
2025.04.16	01:36:01.713	0.85320				2
2025.04.16	01:36:16.675	0.85321	0.85330			6
2025.04.16	01:36:31.981	0.85320	0.85326			6
2025.04.16	01:36:33.398	0.85319				2
2025.04.16	01:36:37.838	0.85326	0.85333			6
2025.04.16	01:36:39.350	0.85325	0.85331			6
2025.04.16	01:36:39.778	0.85327	0.85334			6
2025.04.16	01:36:55.865	0.85328	0.85335			6
2025.04.16	01:37:01.081	0.85332	0.85339			6
2025.04.16	01:37:01.521	0.85333				2
2025.04.16	01:37:02.799		0.85338			4
2025.04.16	01:37:06.752		0.85339			4
2025.04.16	01:37:09.836		0.85336			4
2025.04.16	01:37:14.495	0.85332				2
2025.04.16	01:37:16.218	0.85334	0.85338			6
2025.04.16	01:37:16.877	0.85333				2
2025.04.16	01:37:17.755	0.85334				2
2025.04.16	01:37:22.739		0.85339			4
2025.04.16	01:37:24.467	0.85333	0.85336			6
2025.04.16	01:37:33.232	0.85332				2
2025.04.16	01:37:33.758		0.85335			4
2025.04.16	01:37:36.255	0.85330	0.85333			6
2025.04.16	01:37:37.778	0.85328	0.85331			6
2025.04.16	01:37:48.995	0.85329				2
2025.04.16	01:37:50.928	0.85331	0.85337			6
2025.04.16	01:37:51.600	0.85333	0.85338			6
2025.04.16	01:37:53.219	0.85334				2
2025.04.16	01:37:54.320	0.85335	0.85340			6
2025.04.16	01:37:55.609		0.85338			4
2025.04.16	01:38:00.940	0.85335				2
2025.04.16	01:38:18.759	0.85333				2
2025.04.16	01:38:20.062	0.85332				2
2025.04.16	01:38:20.366	0.85331				2
2025.04.16	01:38:26.353	0.85333	0.85337			6
2025.04.16	01:38:31.400	0.85334				2
2025.04.16	01:38:32.456	0.85332				2
2025.04.16	01:38:32.766	0.85334				2
2025.04.16	01:38:44.996	0.85335				2
2025.04.16	01:38:53.540	0.85334				2
2025.04.16	01:39:00.516	0.85334				2
2025.04.16	01:39:02.267	0.85333				2
2025.04.16	01:39:04.128		0.85340			4
2025.04.16	01:39:04.455	0.85334				2
2025.04.16	01:39:08.561	0.85333				2
2025.04.16	01:39:14.429	0.85334				2
2025.04.16	01:39:14.739		0.85341			4
2025.04.16	01:39:24.682	0.85335				2
2025.04.16	01:39:26.238	0.85337				2
2025.04.16	01:39:28.977	0.85336				2
2025.04.16	01:39:32.186		0.85340			4
2025.04.16	01:39:34.412	0.85334	0.85339			6
2025.04.16	01:39:34.720		0.85340			4
2025.04.16	01:39:35.109	0.85337	0.85341			6
2025.04.16	01:40:00.572	0.85337				2
2025.04.16	01:40:03.174	0.85338	0.85342			6
2025.04.16	01:40:09.522	0.85337	0.85344			6
2025.04.16	01:40:11.017	0.85339				2
2025.04.16	01:40:14.325	0.85337	0.85342			6
2025.04.16	01:40:17.413	0.85334	0.85339			6
2025.04.16	01:40:21.762	0.85333				2
2025.04.16	01:40:23.540	0.85335	0.85340			6
2025.04.16	01:40:30.120	0.85333	0.85338			6
2025.04.16	01:40:42.754		0.85337			4
2025.04.16	01:40:49.575		0.85338			4
2025.04.16	01:41:00.411	0.85333	0.85337			6
2025.04.16	01:41:02.607	0.85336	0.85342			6
2025.04.16	01:41:04.287	0.85337	0.85343			6
2025.04.16	01:41:18.766	0.85338	0.85345			6
2025.04.16	01:41:19.615	0.85337	0.85344			6
2025.04.16	01:41:25.899	0.85338	0.85342			6
2025.04.16	01:41:26.506	0.85337				2
2025.04.16	01:41:28.455		0.85343			4
2025.04.16	01:41:30.730	0.85339				2
2025.04.16	01:41:31.904	0.85341				2
2025.04.16	01:41:32.754	0.85342				2
2025.04.16	01:41:36.416	0.85341				2
2025.04.16	01:41:41.971	0.85344	0.85345			6
2025.04.16	01:41:43.323	0.85342				2
2025.04.16	01:41:45.222	0.85343				2
2025.04.16	01:41:47.357	0.85341	0.85343			6
2025.04.16	01:41:49.526	0.85340				2
2025.04.16	01:41:50.676	0.85341	0.85345			6
2025.04.16	01:41:53.070	0.85340	0.85343			6
2025.04.16	01:41:58.568	0.85333	0.85338			6
2025.04.16	01:41:59.266		0.85337			4
2025.04.16	01:42:00.360	0.85333				2
2025.04.16	01:42:04.940		0.85338			4
2025.04.16	01:42:05.845	0.85332	0.85339			6
2025.04.16	01:42:09.195	0.85335				2
2025.04.16	01:42:11.308	0.85337				2
2025.04.16	01:42:12.328	0.85338	0.85340			6
2025.04.16	01:42:15.869	0.85334	0.85338			6
2025.04.16	01:42:16.198	0.85335				2
2025.04.16	01:42:16.498	0.85334				2
2025.04.16	01:42:17.322	0.85336				2
2025.04.16	01:42:20.014	0.85335				2
2025.04.16	01:42:22.133	0.85334				2
2025.04.16	01:42:22.824		0.85339			4
2025.04.16	01:42:26.521	0.85340	0.85341			6
2025.04.16	01:42:27.877	0.85338				2
2025.04.16	01:42:28.380		0.85343			4
2025.04.16	01:42:29.095	0.85339				2
2025.04.16	01:42:30.230	0.85337	0.85341			6
2025.04.16	01:42:32.759		0.85340			4
2025.04.16	01:42:34.337	0.85335				2
2025.04.16	01:42:37.296		0.85339			4
2025.04.16	01:42:38.914	0.85336				2
2025.04.16	01:42:42.414	0.85335				2
2025.04.16	01:42:49.305	0.85334				2
2025.04.16	01:43:00.319	0.85334				2
2025.04.16	01:43:02.195	0.85335				2
2025.04.16	01:43:03.457	0.85333				2
2025.04.16	01:43:04.349	0.85336				2
2025.04.16	01:43:04.977		0.85340			4
2025.04.16	01:43:05.398	0.85335				2
2025.04.16	01:43:10.049	0.85336				2
2025.04.16	01:43:27.741	0.85335	0.85339			6
2025.04.16	01:43:29.412	0.85336	0.85340			6
2025.04.16	01:43:30.564	0.85335	0.85339			6
2025.04.16	01:43:31.115		0.85338			4
2025.04.16	01:43:32.100	0.85337	0.85341			6
2025.04.16	01:43:46.453	0.85338	0.85342			6
2025.04.16	01:43:47.380	0.85337	0.85341			6
2025.04.16	01:43:47.727	0.85338	0.85342			6
2025.04.16	01:43:52.638	0.85337	0.85341			6
2025.04.16	01:43:54.824	0.85338	0.85342			6
2025.04.16	01:44:00.525	0.85339				2
2025.04.16	01:44:03.033		0.85343			4
2025.04.16	01:44:06.294	0.85340	0.85345			6
2025.04.16	01:44:09.077	0.85339				2
2025.04.16	01:44:10.961	0.85337	0.85343			6
2025.04.16	01:44:11.264		0.85342			4
2025.04.16	01:44:11.573		0.85341			4
2025.04.16	01:44:14.857		0.85342			4
2025.04.16	01:44:19.359	0.85338				2
2025.04.16	01:44:19.943		0.85341			4
2025.04.16	01:44:20.694		0.85342			4
2025.04.16	01:44:45.248	0.85336	0.85340			6
2025.04.16	01:44:45.561	0.85337				2
2025.04.16	01:44:47.943	0.85334	0.85338			6
2025.04.16	01:45:00.389	0.85334				2
2025.04.16	01:45:20.412	0.85332	0.85333			6
2025.04.16	01:45:20.764	0.85331	0.85335			6
2025.04.16	01:45:21.150	0.85336	0.85337			6
2025.04.16	01:45:21.781	0.85338	0.85340			6
2025.04.16	01:45:22.196	0.85340	0.85341			6
2025.04.16	01:45:23.256		0.85342			4
2025.04.16	01:45:25.440	0.85331	0.85333			6
2025.04.16	01:45:26.597	0.85332				2
2025.04.16	01:45:35.624	0.85338	0.85340			6
2025.04.16	01:45:37.586	0.85335				2
2025.04.16	01:45:49.844	0.85336				2
2025.04.16	01:45:50.459	0.85338	0.85339			6
2025.04.16	01:45:54.271	0.85337				2
2025.04.16	01:46:00.229	0.85337	0.85340			6
2025.04.16	01:46:02.908	0.85338				2
2025.04.16	01:46:08.150		0.85342			4
2025.04.16	01:46:11.401	0.85337	0.85341			6
2025.04.16	01:46:13.571	0.85335	0.85339			6
2025.04.16	01:46:23.626	0.85336	0.85340			6
2025.04.16	01:46:29.469	0.85338	0.85342			6
2025.04.16	01:46:55.030	0.85339	0.85343			6
2025.04.16	01:47:05.706	0.85339				2
2025.04.16	01:47:06.929	0.85338	0.85344			6
2025.04.16	01:47:11.677	0.85339	0.85343			6
2025.04.16	01:47:54.142	0.85337	0.85342			6
2025.04.16	01:47:54.584	0.85338				2
2025.04.16	01:47:56.403	0.85339				2
2025.04.16	01:47:58.065		0.85343			4
2025.04.16	01:47:59.116	0.85334	0.85339			6
2025.04.16	01:48:00.193	0.85334				2
2025.04.16	01:48:01.131	0.85335				2
2025.04.16	01:48:05.018	0.85336				2
2025.04.16	01:48:13.969	0.85335				2
2025.04.16	01:48:14.473		0.85340			4
2025.04.16	01:48:24.522	0.85334				2
2025.04.16	01:48:25.132		0.85338			4
2025.04.16	01:48:46.670		0.85339			4
2025.04.16	01:48:47.047	0.85335				2
2025.04.16	01:49:00.160	0.85336	0.85340			6
2025.04.16	01:49:01.335	0.85335	0.85338			6
2025.04.16	01:49:01.647	0.85334	0.85337			6
2025.04.16	01:49:01.981	0.85335	0.85338			6
2025.04.16	01:49:02.877	0.85334				2
2025.04.16	01:49:13.427	0.85333				2
2025.04.16	01:49:14.259	0.85334	0.85339			6
2025.04.16	01:49:16.263	0.85333	0.85338			6
2025.04.16	01:49:17.047	0.85335	0.85339			6
2025.04.16	01:49:17.402		0.85340			4
2025.04.16	01:49:27.537	0.85336				2
2025.04.16	01:49:29.136	0.85333	0.85338			6
2025.04.16	01:49:34.957	0.85334	0.85337			6
2025.04.16	01:49:40.704	0.85332	0.85336			6
2025.04.16	01:49:50.775	0.85333				2
2025.04.16	01:49:51.085	0.85334				2
2025.04.16	01:49:54.324		0.85337			4
2025.04.16	01:50:01.288	0.85334				2
2025.04.16	01:50:02.334	0.85333	0.85338			6
2025.04.16	01:50:02.732		0.85339			4
2025.04.16	01:50:03.425		0.85337			4
2025.04.16	01:50:03.736	0.85332	0.85338			6
2025.04.16	01:50:05.122	0.85333				2
2025.04.16	01:50:09.942		0.85339			4
2025.04.16	01:50:11.251	0.85334				2
2025.04.16	01:50:20.996	0.85337	0.85340			6
2025.04.16	01:50:22.942	0.85339	0.85343			6
2025.04.16	01:50:33.925	0.85336	0.85340			6
2025.04.16	01:50:53.705	0.85335	0.85339			6
2025.04.16	01:51:00.505	0.85335				2
2025.04.16	01:51:05.274		0.85340			4
2025.04.16	01:51:05.896	0.85336				2
2025.04.16	01:51:14.777	0.85337	0.85341			6
2025.04.16	01:51:15.308	0.85340	0.85343			6
2025.04.16	01:51:21.646	0.85338	0.85342			6
2025.04.16	01:51:22.216	0.85339	0.85343			6
2025.04.16	01:51:25.477	0.85340				2
2025.04.16	01:51:27.914	0.85339				2
2025.04.16	01:51:30.459	0.85338	0.85342			6
2025.04.16	01:51:35.453	0.85339	0.85343			6
2025.04.16	01:51:53.221	0.85340				2
2025.04.16	01:51:55.537	0.85341	0.85344			6
2025.04.16	01:51:58.832		0.85345			4
2025.04.16	01:52:01.344	0.85341				2
2025.04.16	01:52:03.470	0.85342				2
2025.04.16	01:52:03.987	0.85341				2
2025.04.16	01:52:07.204	0.85339	0.85342			6
2025.04.16	01:52:11.013	0.85340	0.85343			6
2025.04.16	01:52:14.450	0.85339				2
2025.04.16	01:52:20.554		0.85342			4
2025.04.16	01:52:20.866	0.85338	0.85343			6
2025.04.16	01:52:21.181		0.85342			4
2025.04.16	01:52:28.149	0.85339				2
2025.04.16	01:52:30.837	0.85337				2
2025.04.16	01:52:34.312	0.85339				2
2025.04.16	01:52:37.525	0.85340				2
2025.04.16	01:52:41.829		0.85343			4
2025.04.16	01:52:44.608	0.85338				2
2025.04.16	01:52:45.146		0.85342			4
2025.04.16	01:53:00.237	0.85338				2
2025.04.16	01:53:13.205		0.85341			4
2025.04.16	01:53:13.553		0.85342			4
2025.04.16	01:53:16.652	0.85339				2
2025.04.16	01:53:19.880		0.85343			4
2025.04.16	01:53:20.211	0.85340				2
2025.04.16	01:53:21.310	0.85341				2
2025.04.16	01:53:22.273		0.85344			4
2025.04.16	01:53:23.428	0.85339	0.85343			6
2025.04.16	01:53:24.809		0.85342			4
2025.04.16	01:53:26.882	0.85334	0.85336			6
2025.04.16	01:53:27.373		0.85338			4
2025.04.16	01:53:30.270	0.85332	0.85336			6
2025.04.16	01:53:30.648	0.85331	0.85335			6
2025.04.16	01:53:33.944	0.85329				2
2025.04.16	01:53:34.715	0.85330				2
2025.04.16	01:53:37.357	0.85329	0.85333			6
2025.04.16	01:53:40.403	0.85331	0.85335			6
2025.04.16	01:53:41.909	0.85329				2
2025.04.16	01:53:45.695	0.85333	0.85338			6
2025.04.16	01:53:46.662	0.85329	0.85334			6
2025.04.16	01:53:49.873	0.85328	0.85333			6
2025.04.16	01:53:50.180	0.85324	0.85329			6
2025.04.16	01:53:50.950	0.85325	0.85331			6
2025.04.16	01:53:57.768		0.85330			4
2025.04.16	01:53:58.085		0.85331			4
2025.04.16	01:53:59.631		0.85330			4
2025.04.16	01:54:00.028	0.85325	0.85329			6
2025.04.16	01:54:01.377	0.85328	0.85333			6
2025.04.16	01:54:05.258	0.85326	0.85331			6
2025.04.16	01:54:06.345		0.85334			4
2025.04.16	01:54:06.681	0.85327	0.85332			6
2025.04.16	01:54:10.407		0.85331			4
2025.04.16	01:54:11.648	0.85328	0.85332			6
2025.04.16	01:54:13.406	0.85327	0.85330			6
2025.04.16	01:54:13.818		0.85331			4
2025.04.16	01:54:14.791	0.85328				2
2025.04.16	01:54:15.093	0.85327	0.85330			6
2025.04.16	01:54:23.955	0.85328	0.85332			6
2025.04.16	01:54:27.875	0.85329				2
2025.04.16	01:54:28.481		0.85333			4
2025.04.16	01:54:31.708	0.85331	0.85336			6
2025.04.16	01:54:38.788	0.85332				2
2025.04.16	01:54:39.747	0.85331	0.85335			6
2025.04.16	01:54:40.252	0.85332	0.85336			6
2025.04.16	01:54:47.230	0.85334	0.85337			6
2025.04.16	01:54:50.013	0.85333				2
2025.04.16	01:54:51.206	0.85327	0.85330			6
2025.04.16	01:54:51.519	0.85328	0.85331			6
2025.04.16	01:54:54.301	0.85327				2
2025.04.16	01:54:54.605	0.85323	0.85328			6
2025.04.16	01:54:54.970		0.85327			4
2025.04.16	01:54:55.317	0.85324	0.85328			6
2025.04.16	01:54:58.566	0.85323	0.85327			6
2025.04.16	01:54:59.832		0.85328			4
2025.04.16	01:55:00.902	0.85325	0.85330			6
2025.04.16	01:55:01.696	0.85323	0.85327			6
2025.04.16	01:55:02.407	0.85324	0.85328			6
2025.04.16	01:55:04.670	0.85323	0.85327			6
2025.04.16	01:55:06.881	0.85324	0.85328			6
2025.04.16	01:55:08.029	0.85323	0.85327			6
2025.04.16	01:55:10.781	0.85325	0.85331			6
2025.04.16	01:55:11.507		0.85329			4
2025.04.16	01:55:12.153		0.85330			4
2025.04.16	01:55:13.538		0.85331			4
2025.04.16	01:55:18.479	0.85324	0.85330			6
2025.04.16	01:55:19.876	0.85326				2
2025.04.16	01:55:24.733		0.85329			4
2025.04.16	01:55:31.182	0.85327	0.85331			6
2025.04.16	01:55:34.759		0.85329			4
2025.04.16	01:55:51.858	0.85326				2
2025.04.16	01:56:00.306	0.85326				2
2025.04.16	01:56:01.874		0.85330			4
2025.04.16	01:56:04.180		0.85331			4
2025.04.16	01:56:05.177	0.85327				2
2025.04.16	01:56:20.850	0.85329	0.85333			6
2025.04.16	01:56:21.300	0.85328	0.85332			6
2025.04.16	01:56:23.325	0.85329	0.85333			6
2025.04.16	01:56:29.425	0.85328				2
2025.04.16	01:56:29.730	0.85330				2
2025.04.16	01:56:32.377	0.85329				2
2025.04.16	01:56:33.484	0.85330				2
2025.04.16	01:56:34.777		0.85334			4
2025.04.16	01:56:56.195	0.85331	0.85335			6
2025.04.16	01:57:00.026	0.85333	0.85337			6
2025.04.16	01:57:04.452	0.85332				2
2025.04.16	01:57:05.007		0.85336			4
2025.04.16	01:57:08.229	0.85333				2
2025.04.16	01:57:09.068	0.85332				2
2025.04.16	01:57:10.201	0.85333	0.85337			6
2025.04.16	01:57:20.387	0.85332	0.85336			6
2025.04.16	01:57:20.689		0.85337			4
2025.04.16	01:57:21.351		0.85336			4
2025.04.16	01:57:36.144	0.85328	0.85332			6
2025.04.16	01:57:37.131	0.85327	0.85331			6
2025.04.16	01:57:38.850	0.85331	0.85335			6
2025.04.16	01:57:39.485	0.85332				2
2025.04.16	01:57:40.404	0.85328	0.85332			6
2025.04.16	01:57:41.095	0.85327	0.85331			6
2025.04.16	01:57:43.922	0.85325	0.85328			6
2025.04.16	01:57:44.239		0.85330			4
2025.04.16	01:57:44.765	0.85324	0.85328			6
2025.04.16	01:57:45.068	0.85325	0.85330			6
2025.04.16	01:57:45.442		0.85329			4
2025.04.16	01:57:47.322	0.85323	0.85326			6
2025.04.16	01:57:47.779	0.85322				2
2025.04.16	01:57:56.713	0.85325	0.85329			6
2025.04.16	01:57:57.378	0.85326	0.85330			6
2025.04.16	01:58:00.229	0.85326				2
2025.04.16	01:58:33.981	0.85329	0.85333			6
2025.04.16	01:58:34.303	0.85331	0.85335			6
2025.04.16	01:58:37.071	0.85332				2
2025.04.16	01:58:37.615	0.85331				2
2025.04.16	01:58:38.283	0.85332	0.85336			6
2025.04.16	01:58:44.143		0.85335			4
2025.04.16	01:58:44.741	0.85331				2
2025.04.16	01:58:46.389	0.85332	0.85336			6
2025.04.16	01:58:52.454		0.85335			4
2025.04.16	01:58:57.116	0.85333				2
2025.04.16	01:58:57.551	0.85332				2
2025.04.16	01:59:00.324	0.85332				2
2025.04.16	01:59:05.599	0.85333	0.85337			6
2025.04.16	01:59:06.926	0.85334	0.85338			6
2025.04.16	01:59:09.673	0.85333	0.85336			6
2025.04.16	01:59:11.307		0.85337			4
2025.04.16	01:59:30.559	0.85332	0.85335			6
2025.04.16	01:59:33.274	0.85333				2
2025.04.16	01:59:33.580		0.85337			4
2025.04.16	01:59:59.872	0.85335	0.85338			6
2025.04.16	02:00:00.309	0.85336				2
2025.04.16	02:00:00.655	0.85335				2
2025.04.16	02:00:00.969	0.85333	0.85337			6
2025.04.16	02:00:01.323	0.85334	0.85338			6
2025.04.16	02:00:01.656	0.85335	0.85339			6
2025.04.16	02:00:01.958		0.85338			4
2025.04.16	02:00:02.365	0.85334				2
2025.04.16	02:00:06.329	0.85333	0.85336			6
2025.04.16	02:00:13.598	0.85330	0.85332			6
2025.04.16	02:00:13.905	0.85329				2
2025.04.16	02:00:14.283	0.85331	0.85335			6
2025.04.16	02:00:15.523	0.85332	0.85336			6
2025.04.16	02:00:17.312		0.85337			4
2025.04.16	02:00:18.740		0.85336			4
2025.04.16	02:00:19.240	0.85330	0.85334			6
2025.04.16	02:00:19.561		0.85333			4
2025.04.16	02:00:20.292	0.85329				2
2025.04.16	02:00:21.291	0.85327	0.85331			6
2025.04.16	02:00:24.066	0.85326				2
2025.04.16	02:00:24.891	0.85323	0.85326			6
2025.04.16	02:00:25.201	0.85322	0.85325			6
2025.04.16	02:00:26.279	0.85323	0.85326			6
2025.04.16	02:00:28.143		0.85327			4
2025.04.16	02:00:31.044	0.85321	0.85324			6
2025.04.16	02:00:31.681	0.85319	0.85322			6
2025.04.16	02:00:32.021	0.85316	0.85319			6
2025.04.16	02:00:33.916		0.85320			4
2025.04.16	02:00:35.890		0.85319			4
2025.04.16	02:00:38.093		0.85320			4
2025.04.16	02:00:40.602	0.85317	0.85321			6
2025.04.16	02:00:40.923	0.85318	0.85322			6
2025.04.16	02:00:41.401		0.85323			4
2025.04.16	02:00:42.773	0.85323	0.85327			6
2025.04.16	02:00:43.482	0.85326	0.85330			6
2025.04.16	02:00:43.955	0.85328	0.85332			6
2025.04.16	02:00:47.956	0.85332	0.85336			6
2025.04.16	02:00:49.836	0.85331	0.85335			6
2025.04.16	02:00:50.926	0.85330				2
2025.04.16	02:00:52.877	0.85331				2
2025.04.16	02:00:53.196	0.85332	0.85336			6
2025.04.16	02:00:57.081	0.85331	0.85335			6
2025.04.16	02:00:57.978	0.85330	0.85334			6
2025.04.16	02:01:00.056	0.85329	0.85333			6
2025.04.16	02:01:00.850	0.85330	0.85334			6
2025.04.16	02:01:01.234	0.85329	0.85333			6
2025.04.16	02:01:02.303	0.85327	0.85331			6
2025.04.16	02:01:02.628	0.85326	0.85330			6
2025.04.16	02:01:06.409	0.85325	0.85329			6
2025.04.16	02:01:06.727	0.85322	0.85325			6
2025.04.16	02:01:10.410		0.85326			4
2025.04.16	02:01:22.849	0.85321				2
2025.04.16	02:01:23.633	0.85323	0.85327			6
2025.04.16	02:01:40.165	0.85317	0.85322			6
2025.04.16	02:01:41.408	0.85321	0.85325			6
2025.04.16	02:01:49.709	0.85323	0.85327			6
2025.04.16	02:01:50.397	0.85322				2
2025.04.16	02:01:51.822		0.85326			4
2025.04.16	02:01:54.458	0.85324				2
2025.04.16	02:01:55.702	0.85319	0.85323			6
2025.04.16	02:01:58.708		0.85322			4
2025.04.16	02:02:00.002	0.85318				2
2025.04.16	02:02:00.422	0.85317	0.85321			6
2025.04.16	02:02:01.046	0.85321	0.85324			6
2025.04.16	02:02:01.384		0.85325			4
2025.04.16	02:02:02.073	0.85322	0.85326			6
2025.04.16	02:02:09.618		0.85327			4
2025.04.16	02:02:10.778	0.85323				2
2025.04.16	02:02:12.338	0.85324				2
2025.04.16	02:02:19.041		0.85328			4
2025.04.16	02:02:19.360	0.85326	0.85329			6
2025.04.16	02:02:19.959		0.85328			4
2025.04.16	02:02:20.530	0.85325	0.85329			6
2025.04.16	02:02:20.856	0.85328	0.85330			6
2025.04.16	02:02:21.566	0.85327				2
2025.04.16	02:02:25.851	0.85328				2
2025.04.16	02:02:27.009	0.85325	0.85329			6
2025.04.16	02:02:28.065		0.85326			4
2025.04.16	02:02:29.274	0.85326	0.85327			6
2025.04.16	02:02:30.484	0.85325	0.85329			6
2025.04.16	02:02:32.121		0.85328			4
2025.04.16	02:02:33.075	0.85324				2
2025.04.16	02:02:37.736		0.85327			4
2025.04.16	02:02:39.455	0.85323				2
2025.04.16	02:02:50.123	0.85328	0.85332			6
2025.04.16	02:02:50.439	0.85327	0.85331			6
2025.04.16	02:02:50.917		0.85330			4
2025.04.16	02:02:51.739	0.85325	0.85328			6
2025.04.16	02:02:52.052	0.85324	0.85327			6
2025.04.16	02:02:52.506	0.85325	0.85328			6
2025.04.16	02:02:54.205	0.85324				2
2025.04.16	02:02:55.463		0.85326			4
2025.04.16	02:02:57.766	0.85325				2
2025.04.16	02:02:58.222	0.85324				2
2025.04.16	02:03:00.020	0.85324				2
2025.04.16	02:03:00.503	0.85323				2
2025.04.16	02:03:11.462	0.85320	0.85321			6
2025.04.16	02:03:12.390		0.85323			4
2025.04.16	02:03:17.615		0.85324			4
2025.04.16	02:03:19.258		0.85325			4
2025.04.16	02:03:19.561	0.85321				2
2025.04.16	02:03:22.460		0.85323			4
2025.04.16	02:03:25.219		0.85324			4
2025.04.16	02:03:26.023		0.85325			4
2025.04.16	02:03:26.340	0.85320				2
2025.04.16	02:03:27.373	0.85321				2
2025.04.16	02:03:32.876	0.85327	0.85330			6
2025.04.16	02:03:33.180	0.85325				2
2025.04.16	02:03:33.504	0.85326				2
2025.04.16	02:03:33.894	0.85327				2
2025.04.16	02:03:34.211	0.85326				2
2025.04.16	02:03:34.587	0.85327	0.85329			6
2025.04.16	02:03:36.945		0.85328			4
2025.04.16	02:03:37.319	0.85326	0.85327			6
2025.04.16	02:03:38.302	0.85327	0.85329			6
2025.04.16	02:03:41.417	0.85328				2
2025.04.16	02:03:44.303	0.85327	0.85328			6
2025.04.16	02:03:48.173	0.85326				2
2025.04.16	02:03:48.610	0.85327	0.85329			6
2025.04.16	02:03:49.889	0.85328				2
2025.04.16	02:03:53.407	0.85326	0.85327			6
2025.04.16	02:03:54.916	0.85327	0.85328			6
2025.04.16	02:03:58.394	0.85326	0.85327			6
2025.04.16	02:03:59.653		0.85328			4
2025.04.16	02:03:59.964		0.85327			4
2025.04.16	02:04:00.464	0.85326				2
2025.04.16	02:04:01.957		0.85328			4
2025.04.16	02:04:02.979	0.85327				2
2025.04.16	02:04:06.180	0.85328	0.85329			6
2025.04.16	02:04:06.787	0.85327	0.85328			6
2025.04.16	02:04:11.977		0.85329			4
2025.04.16	02:04:12.537		0.85328			4
2025.04.16	02:04:15.360	0.85329	0.85330			6
2025.04.16	02:04:16.147	0.85328				2
2025.04.16	02:04:26.163	0.85327	0.85328			6
2025.04.16	02:04:26.961		0.85329			4
2025.04.16	02:04:29.398		0.85328			4
2025.04.16	02:04:29.703		0.85329			4
2025.04.16	02:04:30.355	0.85326	0.85327			6
2025.04.16	02:04:30.719	0.85327	0.85328			6
2025.04.16	02:04:42.226		0.85329			4
2025.04.16	02:04:42.655		0.85331			4
2025.04.16	02:04:43.306	0.85324	0.85326			6
2025.04.16	02:04:43.621	0.85325				2
2025.04.16	02:04:43.925	0.85324	0.85325			6
2025.04.16	02:04:44.239	0.85321	0.85323			6
2025.04.16	02:04:44.554	0.85320	0.85322			6
2025.04.16	02:04:44.859		0.85321			4
2025.04.16	02:04:45.513	0.85319	0.85320			6
2025.04.16	02:04:46.140	0.85311	0.85314			6
2025.04.16	02:04:46.441		0.85313			4
2025.04.16	02:04:46.742		0.85312			4
2025.04.16	02:04:48.753	0.85314	0.85316			6
2025.04.16	02:04:49.060	0.85315				2
2025.04.16	02:04:50.143	0.85316	0.85317			6
2025.04.16	02:04:52.008	0.85314	0.85315			6
2025.04.16	02:04:52.496	0.85315	0.85316			6
2025.04.16	02:04:56.210		0.85317			4
2025.04.16	02:04:58.801	0.85314	0.85315			6
2025.04.16	02:04:59.888	0.85315	0.85316			6
2025.04.16	02:05:00.326	0.85314	0.85315			6
2025.04.16	02:05:01.458	0.85312	0.85313			6
2025.04.16	02:05:13.088	0.85313	0.85314			6
2025.04.16	02:05:15.073	0.85315	0.85316			6
2025.04.16	02:05:15.621	0.85314	0.85315			6
2025.04.16	02:05:20.477	0.85310	0.85314			6
2025.04.16	02:05:21.151	0.85309	0.85313			6
2025.04.16	02:05:24.714	0.85308	0.85312			6
2025.04.16	02:05:25.029	0.85310	0.85314			6
2025.04.16	02:05:28.429	0.85312	0.85315			6
2025.04.16	02:05:29.476	0.85313	0.85316			6
2025.04.16	02:05:33.255	0.85312	0.85317			6
2025.04.16	02:05:34.682	0.85313				2
2025.04.16	02:05:35.607	0.85310	0.85313			6
2025.04.16	02:05:35.922	0.85313	0.85317			6
2025.04.16	02:05:36.576	0.85310	0.85319			6
2025.04.16	02:05:36.878		0.85321			4
2025.04.16	02:05:38.023	0.85311	0.85320			6
2025.04.16	02:05:38.501		0.85319			4
2025.04.16	02:05:39.793	0.85313	0.85318			6
2025.04.16	02:05:41.739	0.85312	0.85317			6
2025.04.16	02:05:42.186	0.85311	0.85316			6
2025.04.16	02:05:46.056	0.85313	0.85317			6
2025.04.16	02:05:47.012	0.85314	0.85318			6
2025.04.16	02:05:48.890		0.85319			4
2025.04.16	02:05:55.563	0.85313	0.85318			6
2025.04.16	02:05:55.872	0.85314				2
2025.04.16	02:06:00.457	0.85314				2
2025.04.16	02:06:01.591	0.85315	0.85319			6
2025.04.16	02:06:01.899	0.85316	0.85320			6
2025.04.16	02:06:02.206		0.85321			4
2025.04.16	02:06:02.535	0.85317				2
2025.04.16	02:06:15.664		0.85322			4
2025.04.16	02:06:16.886	0.85319	0.85323			6
2025.04.16	02:06:17.452	0.85320	0.85324			6
2025.04.16	02:06:20.283		0.85322			4
2025.04.16	02:06:21.429	0.85323	0.85326			6
2025.04.16	02:06:21.894	0.85322	0.85325			6
2025.04.16	02:06:22.351	0.85321				2
2025.04.16	02:06:23.579		0.85324			4
2025.04.16	02:06:23.898	0.85320				2
2025.04.16	02:06:29.128	0.85319	0.85321			6
2025.04.16	02:06:29.673	0.85317	0.85320			6
2025.04.16	02:06:30.947	0.85318	0.85321			6
2025.04.16	02:06:31.294	0.85317				2
2025.04.16	02:06:32.336	0.85316	0.85320			6
2025.04.16	02:06:34.748		0.85319			4
2025.04.16	02:06:35.162		0.85320			4
2025.04.16	02:06:37.244	0.85317	0.85321			6
2025.04.16	02:06:45.485	0.85310	0.85314			6
2025.04.16	02:06:46.099	0.85311	0.85315			6
2025.04.16	02:06:47.243	0.85310				2
2025.04.16	02:06:48.070		0.85314			4
2025.04.16	02:06:51.791	0.85311	0.85315			6
2025.04.16	02:06:54.885	0.85319	0.85323			6
2025.04.16	02:06:55.201	0.85323	0.85326			6
2025.04.16	02:06:56.045		0.85327			4
2025.04.16	02:06:57.764	0.85325				2
2025.04.16	02:06:58.945	0.85324				2
2025.04.16	02:07:00.298	0.85324				2
2025.04.16	02:07:04.870	0.85323	0.85326			6
2025.04.16	02:07:05.203	0.85324	0.85327			6
2025.04.16	02:07:07.334	0.85323	0.85326			6
2025.04.16	02:07:08.427		0.85325			4
2025.04.16	02:07:08.727	0.85325	0.85326			6
2025.04.16	02:07:09.835		0.85328			4
2025.04.16	02:07:10.152	0.85326				2
2025.04.16	02:07:10.761	0.85324	0.85327			6
2025.04.16	02:07:11.139	0.85326				2
2025.04.16	02:07:11.703		0.85328			4
2025.04.16	02:07:16.111	0.85324				2
2025.04.16	02:07:17.501		0.85329			4
2025.04.16	02:07:17.907		0.85327			4
2025.04.16	02:07:19.093	0.85325				2
2025.04.16	02:07:19.730	0.85322	0.85325			6
2025.04.16	02:07:20.416	0.85320	0.85323			6
2025.04.16	02:07:20.720	0.85319	0.85324			6
2025.04.16	02:07:21.022	0.85318	0.85321			6
2025.04.16	02:07:22.081	0.85316	0.85320			6
2025.04.16	02:07:24.079	0.85319				2
2025.04.16	02:07:26.648	0.85316				2
2025.04.16	02:07:28.157	0.85317				2
2025.04.16	02:07:31.869	0.85319	0.85322			6
2025.04.16	02:07:32.180	0.85320				2
2025.04.16	02:07:32.687		0.85323			4
2025.04.16	02:07:33.425	0.85319	0.85322			6
2025.04.16	02:07:34.346	0.85323	0.85327			6
2025.04.16	02:07:34.979	0.85325	0.85329			6
2025.04.16	02:07:35.482	0.85324				2
2025.04.16	02:07:36.350	0.85326	0.85328			6
2025.04.16	02:07:38.399	0.85324				2
2025.04.16	02:07:39.602	0.85323				2
2025.04.16	02:07:40.996	0.85325				2
2025.04.16	02:07:41.370	0.85326				2
2025.04.16	02:07:43.732	0.85322				2
2025.04.16	02:07:44.043	0.85325				2
2025.04.16	02:07:44.423	0.85324				2
2025.04.16	02:07:50.709		0.85327			4
2025.04.16	02:07:53.044	0.85323	0.85328			6
2025.04.16	02:07:53.360		0.85327			4
2025.04.16	02:07:54.350	0.85325				2
2025.04.16	02:08:00.390	0.85325				2
2025.04.16	02:08:00.750	0.85323	0.85328			6
2025.04.16	02:08:01.648	0.85325	0.85329			6
2025.04.16	02:08:02.361		0.85328			4
2025.04.16	02:08:02.669	0.85323	0.85327			6
2025.04.16	02:08:03.005	0.85324				2
2025.04.16	02:08:03.699	0.85323				2
2025.04.16	02:08:04.045	0.85321	0.85325			6
2025.04.16	02:08:04.351	0.85325	0.85326			6
2025.04.16	02:08:04.807	0.85324				2
2025.04.16	02:08:05.190		0.85325			4
2025.04.16	02:08:06.280		0.85326			4
2025.04.16	02:08:08.686	0.85323	0.85327			6
2025.04.16	02:08:09.220		0.85325			4
2025.04.16	02:08:09.871		0.85326			4
2025.04.16	02:08:18.052		0.85325			4
2025.04.16	02:08:18.397	0.85324	0.85327			6
2025.04.16	02:08:18.700	0.85325	0.85328			6
2025.04.16	02:08:19.207	0.85326	0.85329			6
2025.04.16	02:08:19.519	0.85319	0.85326			6
2025.04.16	02:08:20.410	0.85320	0.85324			6
2025.04.16	02:08:23.480		0.85326			4
2025.04.16	02:08:23.849		0.85324			4
2025.04.16	02:08:24.748		0.85325			4
2025.04.16	02:08:25.495	0.85321				2
2025.04.16	02:08:25.801	0.85320				2
2025.04.16	02:08:26.177		0.85324			4
2025.04.16	02:08:26.763	0.85317	0.85323			6
2025.04.16	02:08:28.038	0.85318	0.85322			6
2025.04.16	02:08:28.910	0.85317				2
2025.04.16	02:08:34.346	0.85316				2
2025.04.16	02:08:34.663	0.85318				2
2025.04.16	02:08:35.744	0.85319				2
2025.04.16	02:08:36.733	0.85318	0.85323			6
2025.04.16	02:08:37.040		0.85324			4
2025.04.16	02:08:37.419	0.85320	0.85325			6
2025.04.16	02:08:37.971	0.85321	0.85327			6
2025.04.16	02:08:38.279	0.85322	0.85326			6
2025.04.16	02:08:38.591	0.85323				2
2025.04.16	02:08:38.900	0.85324	0.85328			6
2025.04.16	02:08:39.432	0.85325				2
2025.04.16	02:08:40.318		0.85329			4
2025.04.16	02:08:41.449	0.85326	0.85330			6
2025.04.16	02:08:42.169	0.85325				2
2025.04.16	02:08:42.488		0.85329			4
2025.04.16	02:08:43.366	0.85323	0.85328			6
2025.04.16	02:08:44.361	0.85326	0.85329			6
2025.04.16	02:08:45.342	0.85325				2
2025.04.16	02:08:46.416		0.85328			4
2025.04.16	02:08:47.372		0.85329			4
2025.04.16	02:08:47.674		0.85328			4
2025.04.16	02:08:48.002	0.85324	0.85329			6
2025.04.16	02:08:48.322	0.85331	0.85333			6
2025.04.16	02:08:48.629		0.85332			4
2025.04.16	02:08:48.932	0.85332	0.85334			6
2025.04.16	02:08:49.565	0.85330				2
2025.04.16	02:08:50.352	0.85334	0.85336			6
2025.04.16	02:08:52.238	0.85333				2
2025.04.16	02:08:52.764	0.85334	0.85337			6
2025.04.16	02:08:54.078	0.85335	0.85338			6
2025.04.16	02:08:55.741		0.85337			4
2025.04.16	02:08:56.062	0.85334				2
2025.04.16	02:09:00.362	0.85334	0.85336			6
2025.04.16	02:09:00.683	0.85333				2
2025.04.16	02:09:01.130	0.85335	0.85338			6
2025.04.16	02:09:01.722		0.85339			4
2025.04.16	02:09:02.351	0.85334	0.85338			6
2025.04.16	02:09:03.419	0.85335	0.85339			6
2025.04.16	02:09:04.257	0.85332	0.85337			6
2025.04.16	02:09:04.874		0.85336			4
2025.04.16	02:09:06.011		0.85337			4
2025.04.16	02:09:07.778	0.85333				2
2025.04.16	02:09:09.304		0.85338			4
2025.04.16	02:09:09.620	0.85334				2
2025.04.16	02:09:10.123		0.85339			4
2025.04.16	02:09:11.017	0.85333	0.85337			6
2025.04.16	02:09:11.774	0.85332				2
2025.04.16	02:09:13.911		0.85336			4
2025.04.16	02:09:14.218	0.85326	0.85332			6
2025.04.16	02:09:15.622	0.85327				2
2025.04.16	02:09:16.351	0.85328				2
2025.04.16	02:09:17.152	0.85326	0.85331			6
2025.04.16	02:09:19.294	0.85327	0.85332			6
2025.04.16	02:09:19.599	0.85325	0.85333			6
2025.04.16	02:09:20.974		0.85332			4
2025.04.16	02:09:21.390	0.85326	0.85333			6
2025.04.16	02:09:21.969	0.85325				2
2025.04.16	02:09:24.023	0.85326				2
2025.04.16	02:09:28.841	0.85328				2
2025.04.16	02:09:29.153	0.85329	0.85334			6
2025.04.16	02:09:29.500	0.85331	0.85335			6
2025.04.16	02:09:31.939		0.85336			4
2025.04.16	02:09:35.407		0.85335			4
2025.04.16	02:09:40.776		0.85336			4
2025.04.16	02:09:42.078		0.85335			4
2025.04.16	02:09:45.807	0.85330	0.85334			6
2025.04.16	02:09:51.831	0.85329	0.85333			6
2025.04.16	02:09:52.887	0.85330				2
2025.04.16	02:09:54.854	0.85329				2
2025.04.16	02:09:55.248		0.85334			4
2025.04.16	02:09:56.538		0.85333			4
2025.04.16	02:09:57.337		0.85334			4
2025.04.16	02:09:57.724		0.85333			4
2025.04.16	02:10:00.272	0.85329	0.85334			6
2025.04.16	02:10:02.300	0.85330	0.85336			6
2025.04.16	02:10:02.727	0.85331				2
2025.04.16	02:10:03.474	0.85330				2
2025.04.16	02:10:05.052	0.85331				2
2025.04.16	02:10:05.381	0.85329	0.85335			6
2025.04.16	02:10:08.725	0.85331				2
2025.04.16	02:10:09.032	0.85332				2
2025.04.16	02:10:09.896		0.85336			4
2025.04.16	02:10:11.255	0.85335	0.85339			6
2025.04.16	02:10:11.581	0.85334	0.85336			6
2025.04.16	02:10:11.900	0.85330	0.85335			6
2025.04.16	02:10:12.857	0.85329	0.85333			6
2025.04.16	02:10:14.893	0.85327				2
2025.04.16	02:10:15.237		0.85332			4
2025.04.16	02:10:15.740		0.85333			4
2025.04.16	02:10:16.371	0.85329	0.85334			6
2025.04.16	02:10:20.228		0.85333			4
2025.04.16	02:10:22.752	0.85330	0.85334			6
2025.04.16	02:10:23.470	0.85329	0.85333			6
2025.04.16	02:10:27.450	0.85327	0.85330			6
2025.04.16	02:10:28.348	0.85328	0.85332			6
2025.04.16	02:10:30.354	0.85325	0.85327			6
2025.04.16	02:10:30.659	0.85324				2
2025.04.16	02:10:32.439		0.85329			4
2025.04.16	02:10:32.752		0.85328			4
2025.04.16	02:10:35.298	0.85325	0.85329			6
2025.04.16	02:10:35.614	0.85324				2
2025.04.16	02:10:36.001	0.85325				2
2025.04.16	02:10:39.543	0.85326	0.85330			6
2025.04.16	02:10:44.339	0.85325	0.85327			6
2025.04.16	02:10:51.099	0.85328	0.85332			6
2025.04.16	02:10:51.872	0.85327				2
2025.04.16	02:10:52.177		0.85331			4
2025.04.16	02:10:54.676		0.85332			4
2025.04.16	02:10:55.029		0.85331			4
2025.04.16	02:10:57.814	0.85328	0.85332			6
2025.04.16	02:11:00.151	0.85328				2
2025.04.16	02:11:01.472	0.85327	0.85331			6
2025.04.16	02:11:03.271	0.85328	0.85332			6
2025.04.16	02:11:17.389	0.85327	0.85331			6
2025.04.16	02:11:18.261		0.85332			4
2025.04.16	02:11:18.662	0.85326	0.85330			6
2025.04.16	02:11:19.024	0.85325	0.85329			6
2025.04.16	02:11:21.102	0.85326	0.85330			6
2025.04.16	02:11:21.726	0.85327	0.85331			6
2025.04.16	02:11:24.345	0.85329	0.85333			6
2025.04.16	02:11:24.650	0.85330				2
2025.04.16	02:11:25.116		0.85334			4
2025.04.16	02:11:26.344	0.85331				2
2025.04.16	02:11:27.127	0.85330				2
2025.04.16	02:11:28.424		0.85333			4
2025.04.16	02:11:28.826	0.85329				2
2025.04.16	02:11:31.305		0.85332			4
2025.04.16	02:11:36.678		0.85333			4
2025.04.16	02:11:37.108	0.85330				2
2025.04.16	02:11:38.556	0.85329				2
2025.04.16	02:11:42.499	0.85330				2
2025.04.16	02:11:48.122	0.85337	0.85340			6
2025.04.16	02:11:52.066		0.85341			4
2025.04.16	02:11:57.979	0.85338				2
2025.04.16	02:11:58.398	0.85339	0.85342			6
2025.04.16	02:11:59.201		0.85341			4
2025.04.16	02:12:00.352	0.85339				2
2025.04.16	02:12:01.553	0.85338	0.85342			6
2025.04.16	02:12:07.703	0.85337	0.85341			6
2025.04.16	02:12:08.341		0.85342			4
2025.04.16	02:12:09.471	0.85338				2
2025.04.16	02:12:11.716	0.85337	0.85341			6
2025.04.16	02:12:13.374	0.85341	0.85345			6
2025.04.16	02:12:13.679	0.85344	0.85346			6
2025.04.16	02:12:13.987		0.85347			4
2025.04.16	02:12:16.278	0.85346	0.85353			6
2025.04.16	02:12:16.921		0.85355			4
2025.04.16	02:12:17.237	0.85347	0.85351			6
2025.04.16	02:12:17.544	0.85346	0.85350			6
2025.04.16	02:12:17.948	0.85348	0.85351			6
2025.04.16	02:12:18.740	0.85349				2
2025.04.16	02:12:19.067	0.85348				2
2025.04.16	02:12:19.671	0.85350	0.85352			6
2025.04.16	02:12:20.032		0.85351			4
2025.04.16	02:12:22.111	0.85351	0.85352			6
2025.04.16	02:12:24.168	0.85349				2
2025.04.16	02:12:26.854	0.85348				2
2025.04.16	02:12:27.410	0.85349	0.85353			6
2025.04.16	02:12:28.395	0.85350				2
2025.04.16	02:12:28.895	0.85351	0.85354			6
2025.04.16	02:12:29.231		0.85355			4
2025.04.16	02:12:42.936	0.85349	0.85352			6
2025.04.16	02:12:56.119	0.85348				2
2025.04.16	02:13:02.825	0.85348				2
2025.04.16	02:13:05.313	0.85347	0.85351			6
2025.04.16	02:13:05.677	0.85349	0.85353			6
2025.04.16	02:13:06.010	0.85342	0.85346			6
2025.04.16	02:13:06.324		0.85345			4
2025.04.16	02:13:06.626		0.85344			4
2025.04.16	02:13:07.652	0.85341	0.85345			6
2025.04.16	02:13:08.335	0.85340	0.85344			6
2025.04.16	02:13:09.659	0.85342	0.85346			6
2025.04.16	02:13:09.967	0.85343	0.85347			6
2025.04.16	02:13:10.844		0.85348			4
2025.04.16	02:13:11.335	0.85344				2
2025.04.16	02:13:12.034	0.85343				2
2025.04.16	02:13:12.343	0.85344				2
2025.04.16	02:13:19.056	0.85345				2
2025.04.16	02:13:20.015		0.85350			4
2025.04.16	02:13:22.323	0.85348	0.85351			6
2025.04.16	02:13:22.638	0.85347				2
2025.04.16	02:13:27.848		0.85350			4
2025.04.16	02:13:28.165		0.85351			4
2025.04.16	02:13:28.481	0.85349	0.85353			6
2025.04.16	02:13:28.852	0.85348				2
2025.04.16	02:13:30.878	0.85349	0.85352			6
2025.04.16	02:13:38.250	0.85348	0.85351			6
2025.04.16	02:13:38.810		0.85353			4
2025.04.16	02:13:39.119	0.85346	0.85351			6
2025.04.16	02:13:39.451	0.85347				2
2025.04.16	02:13:42.827	0.85346	0.85350			6
2025.04.16	02:13:43.143		0.85349			4
2025.04.16	02:13:43.541		0.85350			4
2025.04.16	02:13:46.581	0.85345	0.85347			6
2025.04.16	02:13:49.757	0.85344				2
2025.04.16	02:13:51.300		0.85348			4
2025.04.16	02:13:53.312	0.85345	0.85349			6
2025.04.16	02:13:54.673	0.85344	0.85348			6
2025.04.16	02:13:56.682	0.85345				2
2025.04.16	02:13:57.002	0.85346				2
2025.04.16	02:13:57.758	0.85345	0.85350			6
2025.04.16	02:13:58.892		0.85349			4
2025.04.16	02:14:00.355	0.85345				2
2025.04.16	02:14:08.553	0.85347	0.85352			6
2025.04.16	02:14:10.652	0.85348				2
2025.04.16	02:14:12.953	0.85347				2
2025.04.16	02:14:17.005		0.85351			4
2025.04.16	02:14:18.966		0.85352			4
2025.04.16	02:14:19.705	0.85348	0.85353			6
2025.04.16	02:14:25.056		0.85352			4
2025.04.16	02:14:25.838	0.85347				2
2025.04.16	02:14:27.336	0.85345	0.85348			6
2025.04.16	02:14:28.123		0.85349			4
2025.04.16	02:14:32.910	0.85346	0.85351			6
2025.04.16	02:14:37.205		0.85350			4
2025.04.16	02:14:39.477	0.85345				2
2025.04.16	02:14:45.106		0.85349			4
2025.04.16	02:14:46.347	0.85344	0.85348			6
2025.04.16	02:14:47.546	0.85343				2
2025.04.16	02:14:47.981		0.85346			4
2025.04.16	02:14:54.944	0.85344	0.85347			6
2025.04.16	02:14:58.274		0.85346			4
2025.04.16	02:14:58.620	0.85343				2
2025.04.16	02:14:59.086		0.85347			4
2025.04.16	02:15:00.534	0.85343				2
2025.04.16	02:15:01.194	0.85344	0.85346			6
2025.04.16	02:15:03.157	0.85345	0.85347			6
2025.04.16	02:15:03.762	0.85344				2
2025.04.16	02:15:05.195	0.85343	0.85346			6
2025.04.16	02:15:05.561		0.85347			4
2025.04.16	02:15:08.741		0.85348			4
2025.04.16	02:15:09.239		0.85347			4
2025.04.16	02:15:09.977		0.85348			4
2025.04.16	02:15:14.259		0.85347			4
2025.04.16	02:15:16.080	0.85344	0.85348			6
2025.04.16	02:15:19.298		0.85347			4
2025.04.16	02:15:19.986		0.85348			4
2025.04.16	02:15:25.067	0.85345	0.85349			6
2025.04.16	02:15:27.610		0.85348			4
2025.04.16	02:15:28.530	0.85343	0.85345			6
2025.04.16	02:15:28.856	0.85342	0.85344			6
2025.04.16	02:15:29.159	0.85343	0.85346			6
2025.04.16	02:15:29.957	0.85342				2
2025.04.16	02:15:30.697	0.85343				2
2025.04.16	02:15:33.990	0.85342				2
2025.04.16	02:15:34.359		0.85345			4
2025.04.16	02:15:34.688		0.85346			4
2025.04.16	02:15:38.665		0.85345			4
2025.04.16	02:15:39.831	0.85340	0.85342			6
2025.04.16	02:15:50.298	0.85338	0.85341			6
2025.04.16	02:15:57.470		0.85342			4
2025.04.16	02:15:58.468	0.85337	0.85341			6
2025.04.16	02:16:00.355	0.85337				2
2025.04.16	02:16:00.656	0.85336				2
2025.04.16	02:16:00.963	0.85335	0.85339			6
2025.04.16	02:16:01.616		0.85338			4
2025.04.16	02:16:02.347	0.85336				2
2025.04.16	02:16:05.407	0.85334				2
2025.04.16	02:16:08.545		0.85337			4
2025.04.16	02:16:09.287		0.85338			4
2025.04.16	02:16:18.806	0.85335				2
2025.04.16	02:16:20.500	0.85334				2
2025.04.16	02:16:21.208	0.85335				2
2025.04.16	02:16:22.200	0.85336	0.85339			6
2025.04.16	02:16:22.517	0.85335				2
2025.04.16	02:16:22.837	0.85336	0.85340			6
2025.04.16	02:16:23.499	0.85337	0.85341			6
2025.04.16	02:16:26.040		0.85342			4
2025.04.16	02:16:26.362		0.85341			4
2025.04.16	02:16:28.347	0.85338	0.85342			6
2025.04.16	02:16:28.701	0.85339	0.85343			6
2025.04.16	02:16:29.066	0.85340	0.85344			6
2025.04.16	02:16:30.325	0.85338	0.85342			6
2025.04.16	02:16:30.677	0.85337	0.85341			6
2025.04.16	02:16:30.987	0.85336	0.85340			6
2025.04.16	02:16:31.301	0.85337	0.85341			6
2025.04.16	02:17:00.567	0.85337				2
2025.04.16	02:17:05.699		0.85342			4
2025.04.16	02:17:11.707		0.85341			4
2025.04.16	02:17:13.026	0.85333	0.85337			6
2025.04.16	02:17:13.356	0.85334	0.85338			6
2025.04.16	02:17:15.613	0.85332	0.85336			6
2025.04.16	02:17:30.352	0.85333	0.85337			6
2025.04.16	02:17:33.223	0.85334	0.85338			6
2025.04.16	02:17:39.695	0.85335	0.85339			6
2025.04.16	02:17:40.041	0.85336	0.85340			6
2025.04.16	02:17:47.160	0.85334	0.85339			6
2025.04.16	02:17:47.462		0.85338			4
2025.04.16	02:17:50.423	0.85335				2
2025.04.16	02:17:51.029		0.85339			4
2025.04.16	02:17:51.416	0.85336				2
2025.04.16	02:17:52.269		0.85340			4
2025.04.16	02:18:00.277	0.85336				2
2025.04.16	02:18:01.532	0.85334	0.85338			6
2025.04.16	02:18:01.863	0.85335				2
2025.04.16	02:18:05.733		0.85339			4
2025.04.16	02:18:06.421		0.85338			4
2025.04.16	02:18:07.839	0.85334				2
2025.04.16	02:18:09.234	0.85335	0.85339			6
2025.04.16	02:18:09.708	0.85334	0.85338			6
2025.04.16	02:18:19.871	0.85335				2
2025.04.16	02:18:22.725		0.85339			4
2025.04.16	02:18:24.501	0.85336	0.85340			6
2025.04.16	02:18:27.396		0.85338			4
2025.04.16	02:18:30.008	0.85335				2
2025.04.16	02:18:30.429		0.85339			4
2025.04.16	02:18:31.063	0.85336	0.85340			6
2025.04.16	02:18:31.857	0.85335	0.85338			6
2025.04.16	02:18:37.631	0.85332	0.85336			6
2025.04.16	02:18:38.657	0.85333	0.85337			6
2025.04.16	02:18:41.786	0.85334	0.85338			6
2025.04.16	02:18:42.348	0.85333	0.85337			6
2025.04.16	02:18:42.661	0.85334	0.85338			6
2025.04.16	02:18:43.158	0.85337	0.85342			6
2025.04.16	02:18:43.458		0.85341			4
2025.04.16	02:18:44.775		0.85340			4
2025.04.16	02:18:47.984		0.85341			4
2025.04.16	02:18:51.926	0.85338	0.85342			6
2025.04.16	02:18:52.463	0.85337				2
2025.04.16	02:18:57.717	0.85336	0.85340			6
2025.04.16	02:19:00.354	0.85336				2
2025.04.16	02:19:08.954	0.85337				2
2025.04.16	02:19:11.447	0.85336				2
2025.04.16	02:19:11.955	0.85335				2
2025.04.16	02:19:12.917	0.85336				2
2025.04.16	02:19:13.819	0.85334	0.85339			6
2025.04.16	02:19:14.142		0.85338			4
2025.04.16	02:19:15.275	0.85335				2
2025.04.16	02:19:15.599		0.85339			4
2025.04.16	02:19:18.586	0.85334	0.85338			6
2025.04.16	02:19:19.096	0.85335	0.85339			6
2025.04.16	02:19:23.286	0.85334	0.85338			6
2025.04.16	02:19:23.978		0.85337			4
2025.04.16	02:19:24.676	0.85332	0.85336			6
2025.04.16	02:19:36.428	0.85336	0.85340			6
2025.04.16	02:19:38.345		0.85341			4
2025.04.16	02:19:40.403		0.85339			4
2025.04.16	02:19:41.664		0.85340			4
2025.04.16	02:19:53.123		0.85341			4
2025.04.16	02:19:55.559		0.85340			4
2025.04.16	02:19:55.959	0.85335				2
2025.04.16	02:19:57.422	0.85334	0.85338			6
2025.04.16	02:19:57.833		0.85339			4
2025.04.16	02:19:58.151	0.85335				2
2025.04.16	02:20:00.437	0.85334				2
2025.04.16	02:20:01.182		0.85338			4
2025.04.16	02:20:03.996		0.85339			4
2025.04.16	02:20:05.789		0.85338			4
2025.04.16	02:20:13.282	0.85335	0.85339			6
2025.04.16	02:20:15.190	0.85334	0.85338			6
2025.04.16	02:20:16.384	0.85333	0.85337			6
2025.04.16	02:20:18.531	0.85334	0.85338			6
2025.04.16	02:20:19.961		0.85339			4
2025.04.16	02:20:20.263	0.85336	0.85340			6
2025.04.16	02:20:22.536	0.85337	0.85341			6
2025.04.16	02:20:26.303	0.85338				2
2025.04.16	02:20:33.460	0.85341	0.85345			6
2025.04.16	02:20:39.412		0.85343			4
2025.04.16	02:20:39.721	0.85340	0.85344			6
2025.04.16	02:20:41.623	0.85339	0.85343			6
2025.04.16	02:20:42.032	0.85338	0.85342			6
2025.04.16	02:20:44.670	0.85336	0.85340			6
2025.04.16	02:20:45.071		0.85339			4
2025.04.16	02:20:47.772	0.85337				2
2025.04.16	02:20:48.104		0.85340			4
2025.04.16	02:20:50.263		0.85341			4
2025.04.16	02:20:54.244		0.85340			4
2025.04.16	02:21:00.551	0.85337				2
2025.04.16	02:21:03.617	0.85338	0.85341			6
2025.04.16	02:21:04.033	0.85337				2
2025.04.16	02:21:04.391	0.85336				2
2025.04.16	02:21:04.699		0.85340			4
2025.04.16	02:21:18.250	0.85337	0.85341			6
2025.04.16	02:21:18.560	0.85338				2
2025.04.16	02:21:19.067		0.85342			4
2025.04.16	02:21:34.399	0.85339	0.85343			6
2025.04.16	02:21:35.048	0.85340	0.85344			6
2025.04.16	02:21:35.371	0.85339	0.85343			6
2025.04.16	02:21:35.680	0.85338	0.85342			6
2025.04.16	02:21:43.558	0.85339				2
2025.04.16	02:21:46.747	0.85338				2
2025.04.16	02:21:50.445	0.85339				2
2025.04.16	02:21:51.355	0.85338				2
2025.04.16	02:22:00.409	0.85338				2
2025.04.16	02:22:06.754	0.85340	0.85344			6
2025.04.16	02:22:11.304	0.85341	0.85345			6
2025.04.16	02:22:11.857	0.85340	0.85344			6
2025.04.16	02:22:21.752	0.85341	0.85345			6
2025.04.16	02:22:50.287	0.85342	0.85346			6
2025.04.16	02:22:58.405	0.85343				2
2025.04.16	02:23:00.572	0.85343	0.85345			6
2025.04.16	02:23:02.939		0.85346			4
2025.04.16	02:23:05.440		0.85347			4
2025.04.16	02:23:08.560	0.85345	0.85348			6
2025.04.16	02:23:11.286		0.85347			4
2025.04.16	02:23:15.844	0.85340	0.85343			6
2025.04.16	02:23:16.160	0.85339				2
2025.04.16	02:23:30.748	0.85340	0.85344			6
2025.04.16	02:23:38.349	0.85341				2
2025.04.16	02:23:38.660		0.85345			4
2025.04.16	02:23:46.185	0.85346	0.85347			6
2025.04.16	02:23:47.099	0.85344				2
2025.04.16	02:23:52.452	0.85340	0.85345			6
2025.04.16	02:23:52.759	0.85341				2
