<DATE>	<TIME>	<BID>	<ASK>	<LAST>	<VOLUME>	<FLAGS>
2025.05.30	00:03:30.638	0.84202	0.84278			6
2025.05.30	00:03:52.844		0.84272			4
2025.05.30	00:03:58.381		0.84276			4
2025.05.30	00:04:01.056	0.84202				2
2025.05.30	00:04:23.411		0.84272			4
2025.05.30	00:04:29.879		0.84276			4
2025.05.30	00:04:53.809		0.84272			4
2025.05.30	00:05:00.437	0.84202	0.84276			6
2025.05.30	00:05:20.953		0.84272			4
2025.05.30	00:05:27.487		0.84276			4
2025.05.30	00:05:51.850		0.84272			4
2025.05.30	00:05:57.385		0.84276			4
2025.05.30	00:06:02.526	0.84202				2
2025.05.30	00:06:22.876		0.84272			4
2025.05.30	00:06:29.336		0.84276			4
2025.05.30	00:06:54.611		0.84272			4
2025.05.30	00:06:59.893		0.84276			4
2025.05.30	00:07:02.863	0.84202				2
2025.05.30	00:07:19.919		0.84272			4
2025.05.30	00:07:20.247	0.84203				2
2025.05.30	00:07:25.560		0.84276			4
2025.05.30	00:07:49.952		0.84272			4
2025.05.30	00:07:56.412	0.84205				2
2025.05.30	00:07:56.938		0.84276			4
2025.05.30	00:08:00.317	0.84205				2
2025.05.30	00:08:22.813		0.84272			4
2025.05.30	00:08:28.724		0.84276			4
2025.05.30	00:08:49.761		0.84272			4
2025.05.30	00:08:55.273		0.84276			4
2025.05.30	00:09:00.373	0.84204				2
2025.05.30	00:09:19.273		0.84272			4
2025.05.30	00:09:24.844		0.84277			4
2025.05.30	00:09:45.617		0.84272			4
2025.05.30	00:09:51.580		0.84277			4
2025.05.30	00:10:00.332	0.84204				2
2025.05.30	00:10:12.158	0.84236	0.84333			6
2025.05.30	00:10:19.163	0.84230	0.84334			6
2025.05.30	00:10:19.463	0.84235	0.84333			6
2025.05.30	00:10:25.531	0.84230				2
2025.05.30	00:10:25.836	0.84235				2
2025.05.30	00:10:30.077		0.84332			4
2025.05.30	00:10:30.382	0.84234	0.84331			6
2025.05.30	00:10:35.540	0.84235				2
2025.05.30	00:10:35.841	0.84234				2
2025.05.30	00:10:47.671	0.84236				2
2025.05.30	00:10:50.401	0.84237				2
2025.05.30	00:10:50.704	0.84236				2
2025.05.30	00:10:53.132	0.84203	0.84278			6
2025.05.30	00:10:54.739	0.84204	0.84277			6
2025.05.30	00:10:58.772	0.84235	0.84330			6
2025.05.30	00:10:59.397	0.84204	0.84277			6
2025.05.30	00:11:00.090	0.84204				2
2025.05.30	00:11:05.844	0.84237	0.84330			6
2025.05.30	00:11:06.469	0.84204	0.84277			6
2025.05.30	00:11:12.750	0.84238	0.84330			6
2025.05.30	00:11:13.391	0.84204	0.84277			6
2025.05.30	00:11:15.232		0.84271			4
2025.05.30	00:11:19.850	0.84238	0.84330			6
2025.05.30	00:11:20.462	0.84204	0.84271			6
2025.05.30	00:11:21.022		0.84277			4
2025.05.30	00:11:26.816	0.84238	0.84330			6
2025.05.30	00:11:27.434	0.84204	0.84277			6
2025.05.30	00:11:41.481		0.84271			4
2025.05.30	00:11:46.933		0.84277			4
2025.05.30	00:11:50.380	0.84203				2
2025.05.30	00:12:00.744	0.84203				2
2025.05.30	00:12:13.115		0.84271			4
2025.05.30	00:12:18.825		0.84277			4
2025.05.30	00:12:33.454	0.84202				2
2025.05.30	00:12:43.956		0.84271			4
2025.05.30	00:12:45.129	0.84200				2
2025.05.30	00:12:46.356	0.84202				2
2025.05.30	00:12:49.375		0.84277			4
2025.05.30	00:13:00.750	0.84202				2
2025.05.30	00:13:14.500		0.84271			4
2025.05.30	00:13:20.443		0.84277			4
2025.05.30	00:13:42.954		0.84271			4
2025.05.30	00:13:48.543		0.84277			4
2025.05.30	00:14:00.456	0.84202				2
2025.05.30	00:14:12.898		0.84271			4
2025.05.30	00:14:19.289		0.84277			4
2025.05.30	00:14:45.966		0.84271			4
2025.05.30	00:14:52.001		0.84277			4
2025.05.30	00:15:00.029	0.84202				2
2025.05.30	00:15:20.120		0.84271			4
2025.05.30	00:16:23.610	0.84217	0.84271			6
2025.05.30	00:16:25.177		0.84277			4
2025.05.30	00:16:25.949	0.84218				2
2025.05.30	00:16:27.748	0.84217				2
2025.05.30	00:16:29.130	0.84218				2
2025.05.30	00:16:30.415	0.84219				2
2025.05.30	00:16:32.852	0.84202				2
2025.05.30	00:16:33.453	0.84219				2
2025.05.30	00:16:35.136	0.84202				2
2025.05.30	00:16:36.027	0.84219				2
2025.05.30	00:16:38.139	0.84202				2
2025.05.30	00:16:39.334	0.84221				2
2025.05.30	00:16:40.200	0.84220				2
2025.05.30	00:16:42.329	0.84221				2
2025.05.30	00:16:42.751	0.84202				2
2025.05.30	00:16:43.528	0.84221				2
2025.05.30	00:16:44.141	0.84222				2
2025.05.30	00:16:44.727	0.84202				2
2025.05.30	00:16:45.219	0.84222				2
2025.05.30	00:16:45.748	0.84202				2
2025.05.30	00:16:46.261	0.84222				2
2025.05.30	00:16:47.132	0.84202				2
2025.05.30	00:16:48.029	0.84222				2
2025.05.30	00:16:49.347	0.84202				2
2025.05.30	00:16:50.435	0.84223				2
2025.05.30	00:16:50.890	0.84202				2
2025.05.30	00:16:52.229	0.84223				2
2025.05.30	00:16:53.144		0.84271			4
2025.05.30	00:16:55.313	0.84222				2
2025.05.30	00:16:55.648	0.84202				2
2025.05.30	00:16:56.426	0.84222				2
2025.05.30	00:16:58.047	0.84202				2
2025.05.30	00:16:58.376		0.84277			4
2025.05.30	00:16:59.135	0.84222				2
2025.05.30	00:17:00.146	0.84202				2
2025.05.30	00:17:02.129	0.84223				2
2025.05.30	00:17:05.212	0.84202				2
2025.05.30	00:17:05.924	0.84223				2
2025.05.30	00:17:10.730	0.84202				2
2025.05.30	00:17:11.427	0.84223				2
2025.05.30	00:17:12.352	0.84202				2
2025.05.30	00:17:12.928	0.84223				2
2025.05.30	00:17:13.432	0.84202				2
2025.05.30	00:17:14.728	0.84224				2
2025.05.30	00:17:15.268	0.84225				2
2025.05.30	00:17:16.115	0.84226				2
2025.05.30	00:17:16.828	0.84225				2
2025.05.30	00:17:17.685	0.84202				2
2025.05.30	00:17:18.394	0.84224				2
2025.05.30	00:17:19.497	0.84223				2
2025.05.30	00:17:20.726	0.84224				2
2025.05.30	00:17:21.211		0.84271			4
2025.05.30	00:17:25.220	0.84226				2
2025.05.30	00:17:25.537	0.84228				2
2025.05.30	00:17:25.949	0.84202				2
2025.05.30	00:17:26.427	0.84228				2
2025.05.30	00:17:27.749	0.84202				2
2025.05.30	00:17:28.090	0.84228	0.84276			6
2025.05.30	00:17:28.859	0.84227				2
2025.05.30	00:17:29.360	0.84202				2
2025.05.30	00:17:30.028	0.84228				2
2025.05.30	00:17:31.647	0.84202				2
2025.05.30	00:17:32.128	0.84228				2
2025.05.30	00:17:36.678	0.84202				2
2025.05.30	00:17:37.229	0.84228				2
2025.05.30	00:17:40.827	0.84229				2
2025.05.30	00:17:43.049	0.84202				2
2025.05.30	00:17:43.527	0.84229				2
2025.05.30	00:17:45.031	0.84230				2
2025.05.30	00:17:45.626	0.84229				2
2025.05.30	00:17:46.948	0.84230				2
2025.05.30	00:17:48.931	0.84202				2
2025.05.30	00:17:49.825	0.84230				2
2025.05.30	00:17:51.659		0.84271			4
2025.05.30	00:17:53.148	0.84229				2
2025.05.30	00:17:53.524	0.84231				2
2025.05.30	00:17:53.892	0.84202				2
2025.05.30	00:17:54.329	0.84231				2
2025.05.30	00:17:58.018		0.84276			4
2025.05.30	00:18:00.331	0.84232				2
2025.05.30	00:18:02.129	0.84202				2
2025.05.30	00:18:03.029	0.84232				2
2025.05.30	00:18:04.233	0.84202				2
2025.05.30	00:18:05.130	0.84232				2
2025.05.30	00:18:08.512	0.84234				2
2025.05.30	00:18:09.221	0.84233				2
2025.05.30	00:18:09.771	0.84232				2
2025.05.30	00:18:10.949	0.84202				2
2025.05.30	00:18:11.429	0.84232				2
2025.05.30	00:18:13.349	0.84202				2
2025.05.30	00:18:14.428	0.84233				2
2025.05.30	00:18:15.747	0.84202				2
2025.05.30	00:18:16.527	0.84233				2
2025.05.30	00:18:17.847	0.84202				2
2025.05.30	00:18:18.328	0.84233				2
2025.05.30	00:18:19.228	0.84232				2
2025.05.30	00:18:19.647	0.84233				2
2025.05.30	00:18:20.359		0.84271			4
2025.05.30	00:18:20.731	0.84234				2
2025.05.30	00:18:22.347	0.84202				2
2025.05.30	00:18:22.826	0.84234				2
2025.05.30	00:18:23.236	0.84235				2
2025.05.30	00:18:23.728	0.84234				2
2025.05.30	00:18:24.448	0.84202				2
2025.05.30	00:18:24.925	0.84234				2
2025.05.30	00:18:25.549	0.84233				2
2025.05.30	00:18:26.215		0.84276			4
2025.05.30	00:18:29.551	0.84202				2
2025.05.30	00:18:30.633	0.84233				2
2025.05.30	00:18:31.948	0.84202				2
2025.05.30	00:18:32.429	0.84233				2
2025.05.30	00:18:33.694	0.84202				2
2025.05.30	00:18:34.222	0.84234				2
2025.05.30	00:18:35.225	0.84235				2
2025.05.30	00:18:36.750	0.84202				2
2025.05.30	00:18:37.527	0.84235				2
2025.05.30	00:18:39.448	0.84202				2
2025.05.30	00:18:40.228	0.84235				2
2025.05.30	00:18:43.528	0.84236				2
2025.05.30	00:18:47.430		0.84271			4
2025.05.30	00:18:51.748	0.84202				2
2025.05.30	00:18:52.230	0.84236				2
2025.05.30	00:18:53.183		0.84276			4
2025.05.30	00:18:55.046	0.84202				2
2025.05.30	00:18:55.488	0.84236				2
2025.05.30	00:18:57.147	0.84202				2
2025.05.30	00:18:58.215	0.84236				2
2025.05.30	00:19:00.607	0.84235				2
2025.05.30	00:19:04.528	0.84202				2
2025.05.30	00:19:04.897	0.84235				2
2025.05.30	00:19:05.214	0.84234				2
2025.05.30	00:19:09.997	0.84235				2
2025.05.30	00:19:13.590	0.84237				2
2025.05.30	00:19:14.129	0.84236				2
2025.05.30	00:19:14.729	0.84237				2
2025.05.30	00:19:16.562	0.84238	0.84271			6
2025.05.30	00:19:19.050	0.84202				2
2025.05.30	00:19:19.527	0.84238				2
2025.05.30	00:19:22.044	0.84202	0.84276			6
2025.05.30	00:19:22.356	0.84238				2
2025.05.30	00:19:25.218	0.84237				2
2025.05.30	00:19:30.155	0.84202				2
2025.05.30	00:19:30.507	0.84238				2
2025.05.30	00:19:32.248	0.84202				2
2025.05.30	00:19:33.028	0.84238				2
2025.05.30	00:19:34.948	0.84239				2
2025.05.30	00:19:40.111	0.84233				2
2025.05.30	00:19:40.657	0.84206				2
2025.05.30	00:19:41.429	0.84233				2
2025.05.30	00:19:44.267	0.84237				2
2025.05.30	00:19:45.204		0.84271			4
2025.05.30	00:19:45.927	0.84238				2
2025.05.30	00:19:46.949	0.84204				2
2025.05.30	00:19:47.730	0.84239				2
2025.05.30	00:19:49.049	0.84204				2
2025.05.30	00:19:50.129	0.84239				2
2025.05.30	00:19:50.711	0.84204				2
2025.05.30	00:19:51.330	0.84239				2
2025.05.30	00:19:51.879		0.84276			4
2025.05.30	00:19:52.593	0.84240				2
2025.05.30	00:19:53.130	0.84204				2
2025.05.30	00:19:54.029	0.84239				2
2025.05.30	00:19:55.495	0.84204				2
2025.05.30	00:19:55.904	0.84239				2
2025.05.30	00:19:57.446	0.84204				2
2025.05.30	00:19:57.927	0.84239				2
2025.05.30	00:19:59.848	0.84204				2
2025.05.30	00:20:00.329	0.84239				2
2025.05.30	00:20:02.250	0.84204				2
2025.05.30	00:20:02.603	0.84240				2
2025.05.30	00:20:03.030	0.84239				2
2025.05.30	00:20:03.510	0.84204				2
2025.05.30	00:20:03.930	0.84239				2
2025.05.30	00:20:04.290	0.84240				2
2025.05.30	00:20:09.629	0.84228				2
2025.05.30	00:20:10.005	0.84226				2
2025.05.30	00:20:10.348	0.84199				2
2025.05.30	00:20:11.130	0.84226				2
2025.05.30	00:20:13.509	0.84225				2
2025.05.30	00:20:15.976	0.84224				2
2025.05.30	00:20:17.459		0.84271			4
2025.05.30	00:20:18.748	0.84199				2
2025.05.30	00:20:19.879	0.84222				2
2025.05.30	00:20:22.183	0.84199				2
2025.05.30	00:20:22.985	0.84222	0.84276			6
2025.05.30	00:20:24.428	0.84199				2
2025.05.30	00:20:24.930	0.84221				2
2025.05.30	00:20:25.238	0.84199				2
2025.05.30	00:20:25.829	0.84220				2
2025.05.30	00:20:26.247	0.84199				2
2025.05.30	00:20:26.802	0.84220				2
2025.05.30	00:20:30.146	0.84199				2
2025.05.30	00:20:30.625	0.84220				2
2025.05.30	00:20:32.129	0.84199				2
2025.05.30	00:20:32.438	0.84221				2
2025.05.30	00:20:33.629	0.84199				2
2025.05.30	00:20:34.528	0.84220				2
2025.05.30	00:20:40.670	0.84223				2
2025.05.30	00:20:41.203	0.84224				2
2025.05.30	00:20:42.355	0.84225				2
2025.05.30	00:20:43.829	0.84199				2
2025.05.30	00:20:44.726	0.84224				2
2025.05.30	00:20:45.412		0.84271			4
2025.05.30	00:20:46.045	0.84225				2
2025.05.30	00:20:49.048	0.84199				2
2025.05.30	00:20:49.558	0.84225				2
2025.05.30	00:20:52.048	0.84199	0.84276			6
2025.05.30	00:20:52.825	0.84225				2
2025.05.30	00:20:54.629	0.84224				2
2025.05.30	00:20:58.946	0.84199				2
2025.05.30	00:20:59.429	0.84224				2
2025.05.30	00:21:00.849	0.84199				2
2025.05.30	00:21:01.526	0.84222				2
2025.05.30	00:21:01.949	0.84199				2
2025.05.30	00:21:02.351	0.84223				2
2025.05.30	00:21:03.630	0.84224				2
2025.05.30	00:21:04.647	0.84199				2
2025.05.30	00:21:05.228	0.84224				2
2025.05.30	00:21:07.349	0.84199				2
2025.05.30	00:21:07.707	0.84224				2
2025.05.30	00:21:10.225	0.84225				2
2025.05.30	00:21:12.424		0.84271			4
2025.05.30	00:21:19.090		0.84276			4
2025.05.30	00:21:30.068	0.84199				2
2025.05.30	00:21:30.626	0.84225				2
2025.05.30	00:21:33.150	0.84199				2
2025.05.30	00:21:33.929	0.84225				2
2025.05.30	00:21:34.827	0.84227				2
2025.05.30	00:21:35.429	0.84225				2
2025.05.30	00:21:40.073	0.84199				2
2025.05.30	00:21:40.527	0.84225				2
2025.05.30	00:21:42.351	0.84224				2
2025.05.30	00:21:43.186		0.84271			4
2025.05.30	00:21:44.560	0.84199				2
2025.05.30	00:21:45.222	0.84224				2
2025.05.30	00:21:48.576	0.84199				2
2025.05.30	00:21:48.997	0.84224				2
2025.05.30	00:21:50.328	0.84199	0.84276			6
2025.05.30	00:21:50.730	0.84231				2
2025.05.30	00:21:51.775	0.84199				2
2025.05.30	00:21:52.530	0.84231				2
2025.05.30	00:21:53.249	0.84199				2
2025.05.30	00:21:54.098	0.84231				2
2025.05.30	00:21:57.148	0.84199				2
2025.05.30	00:21:57.926	0.84231				2
2025.05.30	00:22:00.266	0.84231				2
2025.05.30	00:22:02.916	0.84199				2
2025.05.30	00:22:03.629	0.84231				2
2025.05.30	00:22:07.937	0.84187				2
2025.05.30	00:22:08.430	0.84231				2
2025.05.30	00:22:14.353		0.84271			4
2025.05.30	00:22:15.570	0.84226				2
2025.05.30	00:22:16.975	0.84230				2
2025.05.30	00:22:19.585	0.84229	0.84276			6
2025.05.30	00:22:21.329	0.84231				2
2025.05.30	00:22:23.351	0.84229				2
2025.05.30	00:22:23.854	0.84228				2
2025.05.30	00:22:25.220	0.84229				2
2025.05.30	00:22:29.456	0.84228				2
2025.05.30	00:22:31.256	0.84229				2
2025.05.30	00:22:32.257	0.84228				2
2025.05.30	00:22:33.277	0.84229				2
2025.05.30	00:22:33.624	0.84228				2
2025.05.30	00:22:37.874	0.84227				2
2025.05.30	00:22:46.129	0.84228				2
2025.05.30	00:22:46.678	0.84227				2
2025.05.30	00:22:46.996		0.84271			4
2025.05.30	00:22:51.627	0.84228				2
2025.05.30	00:22:53.427		0.84276			4
2025.05.30	00:22:59.097	0.84227				2
2025.05.30	00:23:01.230	0.84227				2
2025.05.30	00:23:05.545	0.84228				2
2025.05.30	00:23:06.026	0.84227				2
2025.05.30	00:23:18.090		0.84271			4
2025.05.30	00:23:23.123		0.84276			4
2025.05.30	00:23:26.169	0.84216				2
2025.05.30	00:23:26.731	0.84227				2
2025.05.30	00:23:30.503	0.84216				2
2025.05.30	00:23:31.229	0.84227				2
2025.05.30	00:23:33.636	0.84208				2
2025.05.30	00:23:34.200	0.84209				2
2025.05.30	00:23:35.668	0.84208				2
2025.05.30	00:23:36.025	0.84229				2
2025.05.30	00:23:37.229	0.84208				2
2025.05.30	00:23:37.762	0.84209				2
2025.05.30	00:23:39.624	0.84229				2
2025.05.30	00:23:42.263	0.84209				2
2025.05.30	00:23:43.403	0.84229				2
2025.05.30	00:23:44.005	0.84213				2
2025.05.30	00:23:44.352	0.84229				2
2025.05.30	00:23:44.905	0.84213				2
2025.05.30	00:23:45.217	0.84212				2
2025.05.30	00:23:45.929	0.84229				2
2025.05.30	00:23:46.402	0.84213				2
2025.05.30	00:23:47.729	0.84229				2
2025.05.30	00:23:48.204	0.84213				2
2025.05.30	00:23:48.864	0.84229	0.84271			6
2025.05.30	00:23:50.003	0.84213				2
2025.05.30	00:23:50.429	0.84229				2
2025.05.30	00:23:51.506	0.84213				2
2025.05.30	00:23:52.362	0.84229				2
2025.05.30	00:23:53.004	0.84213	0.84268			6
2025.05.30	00:23:53.427	0.84229				2
2025.05.30	00:23:53.822		0.84274			4
2025.05.30	00:23:54.505	0.84213				2
2025.05.30	00:23:55.215	0.84214				2
2025.05.30	00:23:55.829	0.84229				2
2025.05.30	00:23:56.905	0.84214				2
2025.05.30	00:23:57.630	0.84215				2
2025.05.30	00:23:58.528	0.84229				2
2025.05.30	00:23:59.004	0.84215				2
2025.05.30	00:23:59.430	0.84214				2
2025.05.30	00:24:00.333	0.84214				2
2025.05.30	00:24:01.230	0.84229				2
2025.05.30	00:24:01.703	0.84214				2
2025.05.30	00:24:02.357	0.84229				2
2025.05.30	00:24:03.506	0.84214				2
2025.05.30	00:24:05.728	0.84229				2
2025.05.30	00:24:07.742	0.84215				2
2025.05.30	00:24:08.429	0.84229				2
2025.05.30	00:24:09.205	0.84215				2
2025.05.30	00:24:11.129	0.84229				2
2025.05.30	00:24:12.204	0.84215				2
2025.05.30	00:24:12.630	0.84229				2
2025.05.30	00:24:13.703	0.84215				2
2025.05.30	00:24:14.337	0.84229				2
2025.05.30	00:24:15.216	0.84215				2
2025.05.30	00:24:15.929	0.84230				2
2025.05.30	00:24:16.365	0.84215				2
2025.05.30	00:24:17.129	0.84230				2
2025.05.30	00:24:20.801		0.84268			4
2025.05.30	00:24:21.204	0.84217				2
2025.05.30	00:24:22.229	0.84230				2
2025.05.30	00:24:24.344	0.84216				2
2025.05.30	00:24:25.209	0.84230				2
2025.05.30	00:24:26.450		0.84274			4
2025.05.30	00:24:26.939	0.84218				2
2025.05.30	00:24:28.530	0.84230				2
2025.05.30	00:24:30.503	0.84218				2
2025.05.30	00:24:31.229	0.84230				2
2025.05.30	00:24:31.704	0.84218				2
2025.05.30	00:24:32.354	0.84230				2
2025.05.30	00:24:35.204	0.84216				2
2025.05.30	00:24:36.330	0.84229				2
2025.05.30	00:24:36.802	0.84217				2
2025.05.30	00:24:37.528	0.84229				2
2025.05.30	00:24:41.010	0.84217				2
2025.05.30	00:24:41.425	0.84229				2
2025.05.30	00:24:43.704	0.84217				2
2025.05.30	00:24:44.127	0.84229				2
2025.05.30	00:24:45.198	0.84230				2
2025.05.30	00:24:46.267	0.84231				2
2025.05.30	00:24:46.766	0.84230				2
2025.05.30	00:24:47.265	0.84218				2
2025.05.30	00:24:47.729	0.84230				2
2025.05.30	00:24:48.503	0.84218				2
2025.05.30	00:24:49.265	0.84230				2
2025.05.30	00:24:49.629	0.84218	0.84268			6
2025.05.30	00:24:50.125	0.84230				2
2025.05.30	00:24:51.203	0.84218				2
2025.05.30	00:24:51.929	0.84230				2
2025.05.30	00:24:52.264	0.84229				2
2025.05.30	00:24:52.764	0.84230				2
2025.05.30	00:24:55.102	0.84229				2
2025.05.30	00:24:55.485		0.84274			4
2025.05.30	00:24:58.701	0.84218				2
2025.05.30	00:24:59.430	0.84229				2
2025.05.30	00:25:00.203	0.84218				2
2025.05.30	00:25:00.625	0.84229				2
2025.05.30	00:25:01.905	0.84219				2
2025.05.30	00:25:03.024	0.84229				2
2025.05.30	00:25:03.801	0.84219				2
2025.05.30	00:25:04.357	0.84229				2
2025.05.30	00:25:05.004	0.84230				2
2025.05.30	00:25:05.604	0.84219				2
2025.05.30	00:25:06.329	0.84230				2
2025.05.30	00:25:08.303	0.84220				2
2025.05.30	00:25:08.728	0.84230				2
2025.05.30	00:25:10.105	0.84220				2
2025.05.30	00:25:10.829	0.84230				2
2025.05.30	00:25:11.605	0.84220				2
2025.05.30	00:25:12.328	0.84230				2
2025.05.30	00:25:12.804	0.84220				2
2025.05.30	00:25:13.228	0.84230				2
2025.05.30	00:25:14.439	0.84220				2
2025.05.30	00:25:15.025	0.84230				2
2025.05.30	00:25:15.804	0.84220				2
2025.05.30	00:25:16.163	0.84230	0.84268			6
2025.05.30	00:25:17.304	0.84220				2
2025.05.30	00:25:18.027	0.84230				2
2025.05.30	00:25:19.103	0.84220				2
2025.05.30	00:25:19.829	0.84230				2
2025.05.30	00:25:20.770	0.84222				2
2025.05.30	00:25:21.929	0.84230				2
2025.05.30	00:25:22.305	0.84222	0.84274			6
2025.05.30	00:25:22.828	0.84220				2
2025.05.30	00:25:24.563	0.84230				2
2025.05.30	00:25:25.710	0.84220				2
2025.05.30	00:25:26.428	0.84230				2
2025.05.30	00:25:27.203	0.84220				2
2025.05.30	00:25:28.227	0.84230				2
2025.05.30	00:25:29.603	0.84220				2
2025.05.30	00:25:30.028	0.84230				2
2025.05.30	00:25:31.103	0.84221				2
2025.05.30	00:25:31.526	0.84230				2
2025.05.30	00:25:32.603	0.84221				2
2025.05.30	00:25:33.328	0.84230				2
2025.05.30	00:25:35.430	0.84221				2
2025.05.30	00:25:36.327	0.84230				2
2025.05.30	00:25:36.805	0.84221				2
2025.05.30	00:25:37.227	0.84230				2
2025.05.30	00:25:39.203	0.84221				2
2025.05.30	00:25:39.627	0.84230				2
2025.05.30	00:25:40.703	0.84221				2
2025.05.30	00:25:41.428	0.84230				2
2025.05.30	00:25:41.937	0.84221				2
2025.05.30	00:25:42.325	0.84230				2
2025.05.30	00:25:42.692		0.84268			4
2025.05.30	00:25:43.708	0.84221				2
2025.05.30	00:25:44.126	0.84230				2
2025.05.30	00:25:45.206	0.84221				2
2025.05.30	00:25:45.927	0.84230				2
2025.05.30	00:25:47.902	0.84221	0.84274			6
2025.05.30	00:25:48.329	0.84230				2
2025.05.30	00:25:49.404	0.84221				2
2025.05.30	00:25:49.828	0.84230				2
2025.05.30	00:25:51.929	0.84221				2
2025.05.30	00:25:53.127	0.84230				2
2025.05.30	00:25:53.904	0.84221				2
2025.05.30	00:25:55.601	0.84230				2
2025.05.30	00:25:57.023	0.84221				2
2025.05.30	00:25:57.382	0.84230				2
2025.05.30	00:25:58.103	0.84220				2
2025.05.30	00:25:58.828	0.84230				2
2025.05.30	00:25:59.903	0.84221				2
2025.05.30	00:26:00.630	0.84230				2
2025.05.30	00:26:01.710	0.84221				2
2025.05.30	00:26:02.730	0.84230				2
2025.05.30	00:26:03.805	0.84221				2
2025.05.30	00:26:04.263	0.84230				2
2025.05.30	00:26:05.218	0.84221				2
2025.05.30	00:26:07.268	0.84223				2
2025.05.30	00:26:07.771	0.84222				2
2025.05.30	00:26:08.269	0.84230				2
2025.05.30	00:26:09.363	0.84222				2
2025.05.30	00:26:10.229	0.84230				2
2025.05.30	00:26:12.227		0.84268			4
2025.05.30	00:26:13.262	0.84224				2
2025.05.30	00:26:14.162	0.84216				2
2025.05.30	00:26:14.801	0.84224				2
2025.05.30	00:26:17.604	0.84216	0.84274			6
2025.05.30	00:26:18.650	0.84224				2
2025.05.30	00:26:18.985	0.84216				2
2025.05.30	00:26:19.563	0.84224				2
2025.05.30	00:26:20.627	0.84217				2
2025.05.30	00:26:20.947	0.84224				2
2025.05.30	00:26:22.002	0.84217				2
2025.05.30	00:26:23.127	0.84224				2
2025.05.30	00:26:24.363	0.84217				2
2025.05.30	00:26:24.904	0.84224				2
2025.05.30	00:26:25.589		0.84279			4
2025.05.30	00:26:29.778	0.84217				2
2025.05.30	00:26:30.279	0.84224				2
2025.05.30	00:26:30.702	0.84217				2
2025.05.30	00:26:31.262	0.84224				2
2025.05.30	00:26:34.403	0.84217				2
2025.05.30	00:26:36.501	0.84224				2
2025.05.30	00:26:38.604	0.84217				2
2025.05.30	00:26:38.918		0.84271			4
2025.05.30	00:26:39.629	0.84224				2
2025.05.30	00:26:42.433	0.84217				2
2025.05.30	00:26:43.825	0.84224				2
2025.05.30	00:26:44.304	0.84217				2
2025.05.30	00:26:45.139		0.84279			4
2025.05.30	00:26:45.629	0.84224				2
2025.05.30	00:26:46.498	0.84217				2
2025.05.30	00:26:47.129	0.84224				2
2025.05.30	00:26:47.433	0.84217				2
2025.05.30	00:26:48.025	0.84224				2
2025.05.30	00:26:49.154	0.84217				2
2025.05.30	00:26:49.865	0.84224				2
2025.05.30	00:26:50.784	0.84217				2
2025.05.30	00:26:51.930	0.84224				2
2025.05.30	00:26:54.802	0.84217				2
2025.05.30	00:26:55.562	0.84224				2
2025.05.30	00:26:56.765	0.84217				2
2025.05.30	00:26:57.103	0.84224				2
2025.05.30	00:27:00.105	0.84224				2
2025.05.30	00:27:00.916	0.84217				2
2025.05.30	00:27:01.228	0.84224				2
2025.05.30	00:27:02.491	0.84216				2
2025.05.30	00:27:02.888	0.84211				2
2025.05.30	00:27:03.208	0.84216				2
2025.05.30	00:27:05.216	0.84215				2
2025.05.30	00:27:06.276	0.84216				2
2025.05.30	00:27:08.008	0.84211				2
2025.05.30	00:27:08.722	0.84216				2
2025.05.30	00:27:09.272	0.84215				2
2025.05.30	00:27:09.935	0.84210				2
2025.05.30	00:27:10.270	0.84215				2
2025.05.30	00:27:12.776	0.84211	0.84271			6
2025.05.30	00:27:13.270	0.84216				2
2025.05.30	00:27:15.774	0.84215				2
2025.05.30	00:27:16.274	0.84216				2
2025.05.30	00:27:16.773	0.84215				2
2025.05.30	00:27:17.274	0.84216				2
2025.05.30	00:27:17.775	0.84215				2
2025.05.30	00:27:18.273	0.84211				2
2025.05.30	00:27:18.583	0.84216				2
2025.05.30	00:27:19.314		0.84279			4
2025.05.30	00:27:20.003	0.84211				2
2025.05.30	00:27:21.329	0.84216				2
2025.05.30	00:27:22.101	0.84211				2
2025.05.30	00:27:23.432	0.84217				2
2025.05.30	00:27:24.029	0.84216				2
2025.05.30	00:27:30.034	0.84212				2
2025.05.30	00:27:30.437	0.84216				2
2025.05.30	00:27:32.003	0.84212				2
2025.05.30	00:27:32.427	0.84217				2
2025.05.30	00:27:33.026	0.84211				2
2025.05.30	00:27:33.930	0.84215				2
2025.05.30	00:27:34.886	0.84211				2
2025.05.30	00:27:35.216	0.84216				2
2025.05.30	00:27:36.330	0.84212				2
2025.05.30	00:27:36.886	0.84211				2
2025.05.30	00:27:37.234	0.84216				2
2025.05.30	00:27:40.357	0.84212	0.84271			6
2025.05.30	00:27:41.127	0.84217				2
2025.05.30	00:27:42.209	0.84212				2
2025.05.30	00:27:43.526	0.84216				2
2025.05.30	00:27:44.540	0.84212				2
2025.05.30	00:27:45.331	0.84216				2
2025.05.30	00:27:45.683		0.84279			4
2025.05.30	00:27:48.504	0.84212				2
2025.05.30	00:27:49.829	0.84216				2
2025.05.30	00:27:51.803	0.84199				2
2025.05.30	00:27:53.063	0.84212				2
2025.05.30	00:27:56.990	0.84199				2
2025.05.30	00:27:57.322	0.84212				2
2025.05.30	00:28:02.357	0.84212				2
2025.05.30	00:28:13.096		0.84271			4
2025.05.30	00:28:19.090		0.84279			4
2025.05.30	00:28:20.304	0.84213				2
2025.05.30	00:28:23.059	0.84214				2
2025.05.30	00:28:23.603	0.84220				2
2025.05.30	00:28:37.197	0.84216				2
2025.05.30	00:28:45.363		0.84271			4
2025.05.30	00:28:45.803	0.84215				2
2025.05.30	00:28:51.645		0.84279			4
2025.05.30	00:29:01.404	0.84216				2
2025.05.30	00:29:12.103		0.84271			4
2025.05.30	00:29:13.130	0.84217				2
2025.05.30	00:29:15.219	0.84216				2
2025.05.30	00:29:17.506		0.84279			4
2025.05.30	00:29:18.508	0.84215				2
2025.05.30	00:29:19.100	0.84216				2
2025.05.30	00:29:42.085		0.84271			4
2025.05.30	00:29:45.311	0.84214				2
2025.05.30	00:29:48.638		0.84279			4
2025.05.30	00:29:50.903	0.84215				2
2025.05.30	00:29:55.702	0.84216				2
2025.05.30	00:29:56.886	0.84215				2
2025.05.30	00:30:00.063	0.84215				2
2025.05.30	00:30:02.364	0.84214				2
2025.05.30	00:30:03.727	0.84213				2
2025.05.30	00:30:04.867	0.84212				2
2025.05.30	00:30:06.767	0.84211				2
2025.05.30	00:30:07.442	0.84212				2
2025.05.30	00:30:07.818	0.84211				2
2025.05.30	00:30:09.283		0.84271			4
2025.05.30	00:30:11.972	0.84209				2
2025.05.30	00:30:15.283		0.84276			4
2025.05.30	00:30:15.790	0.84210	0.84286			6
2025.05.30	00:30:16.105	0.84209				2
2025.05.30	00:30:16.985		0.84306			4
2025.05.30	00:30:23.004	0.84210				2
2025.05.30	00:30:24.765	0.84209				2
2025.05.30	00:30:25.222	0.84211				2
2025.05.30	00:30:26.284	0.84210				2
2025.05.30	00:30:32.604	0.84209				2
2025.05.30	00:30:34.707	0.84210				2
2025.05.30	00:30:38.137		0.84280			4
2025.05.30	00:30:41.813	0.84211				2
2025.05.30	00:30:44.371	0.84216				2
2025.05.30	00:30:44.690	0.84218	0.84306			6
2025.05.30	00:30:45.720	0.84215				2
2025.05.30	00:30:47.937	0.84216				2
2025.05.30	00:30:50.069	0.84215				2
2025.05.30	00:30:51.885	0.84217				2
2025.05.30	00:30:52.284	0.84215				2
2025.05.30	00:30:52.908	0.84217				2
2025.05.30	00:30:53.287	0.84215				2
2025.05.30	00:30:54.995	0.84214				2
2025.05.30	00:30:55.720	0.84216				2
2025.05.30	00:30:57.509	0.84217				2
2025.05.30	00:30:59.973	0.84218				2
2025.05.30	00:31:00.344	0.84218				2
2025.05.30	00:31:02.468	0.84217				2
2025.05.30	00:31:06.914	0.84216				2
2025.05.30	00:31:09.234		0.84279			4
2025.05.30	00:31:14.286		0.84306			4
2025.05.30	00:31:19.549	0.84213				2
2025.05.30	00:31:20.289	0.84212				2
2025.05.30	00:31:21.508	0.84214				2
2025.05.30	00:31:32.143	0.84215				2
2025.05.30	00:31:32.463	0.84220				2
2025.05.30	00:31:32.791	0.84218				2
2025.05.30	00:31:34.017	0.84219				2
2025.05.30	00:31:35.604	0.84218				2
2025.05.30	00:31:38.011	0.84219				2
2025.05.30	00:31:38.321	0.84218	0.84279			6
2025.05.30	00:31:38.776	0.84220				2
2025.05.30	00:31:39.115	0.84218				2
2025.05.30	00:31:41.180	0.84217				2
2025.05.30	00:31:42.317	0.84218				2
2025.05.30	00:31:44.015	0.84217	0.84306			6
2025.05.30	00:31:49.878	0.84221				2
2025.05.30	00:31:53.013	0.84222				2
2025.05.30	00:31:54.218	0.84221				2
2025.05.30	00:32:00.800	0.84221				2
2025.05.30	00:32:11.955		0.84279			4
2025.05.30	00:32:15.092	0.84222				2
2025.05.30	00:32:16.293	0.84221				2
2025.05.30	00:32:18.353		0.84306			4
2025.05.30	00:32:35.685	0.84218				2
2025.05.30	00:32:37.403	0.84217				2
2025.05.30	00:32:38.077	0.84218				2
2025.05.30	00:32:42.508	0.84219	0.84279			6
2025.05.30	00:32:48.522		0.84306			4
2025.05.30	00:33:03.509	0.84219				2
2025.05.30	00:33:10.405		0.84279			4
2025.05.30	00:33:12.422	0.84220				2
2025.05.30	00:33:13.334	0.84216				2
2025.05.30	00:33:14.293	0.84218				2
2025.05.30	00:33:15.505		0.84306			4
2025.05.30	00:33:19.035	0.84213				2
2025.05.30	00:33:20.077	0.84216				2
2025.05.30	00:33:22.705	0.84215				2
2025.05.30	00:33:24.503	0.84216				2
2025.05.30	00:33:25.294	0.84215				2
2025.05.30	00:33:25.704	0.84218				2
2025.05.30	00:33:26.221	0.84220				2
2025.05.30	00:33:35.216	0.84221				2
2025.05.30	00:33:35.592	0.84220				2
2025.05.30	00:33:36.296	0.84221				2
2025.05.30	00:33:40.950		0.84279			4
2025.05.30	00:33:47.132		0.84306			4
2025.05.30	00:34:00.204	0.84221				2
2025.05.30	00:34:13.407		0.84279			4
2025.05.30	00:34:18.996		0.84306			4
2025.05.30	00:34:26.235	0.84220				2
2025.05.30	00:34:26.602	0.84221				2
2025.05.30	00:34:40.704		0.84279			4
2025.05.30	00:34:46.143		0.84306			4
2025.05.30	00:34:53.607	0.84220				2
2025.05.30	00:34:54.375	0.84216	0.84303			6
2025.05.30	00:35:00.096	0.84216				2
2025.05.30	00:35:08.086		0.84279			4
2025.05.30	00:35:13.441		0.84303			4
2025.05.30	00:35:17.287	0.84215	0.84302			6
2025.05.30	00:35:29.293	0.84216				2
2025.05.30	00:35:39.386		0.84279			4
2025.05.30	00:35:43.104	0.84215				2
2025.05.30	00:35:45.097		0.84302			4
2025.05.30	00:36:00.096	0.84215				2
2025.05.30	00:36:04.103		0.84303			4
2025.05.30	00:36:05.303	0.84214	0.84304			6
2025.05.30	00:36:05.935	0.84213				2
2025.05.30	00:36:08.002	0.84214				2
2025.05.30	00:36:09.772		0.84279			4
2025.05.30	00:36:10.104	0.84213				2
2025.05.30	00:36:11.902	0.84214				2
2025.05.30	00:36:15.873		0.84304			4
2025.05.30	00:36:17.240	0.84212				2
2025.05.30	00:36:18.587	0.84213				2
2025.05.30	00:36:20.221	0.84212				2
2025.05.30	00:36:27.369	0.84214	0.84303			6
2025.05.30	00:36:41.581		0.84279			4
2025.05.30	00:36:46.687	0.84213				2
2025.05.30	00:36:48.303		0.84303			4
2025.05.30	00:37:00.096	0.84213				2
2025.05.30	00:37:06.220	0.84212	0.84306			6
2025.05.30	00:37:06.539	0.84208				2
2025.05.30	00:37:08.681		0.84279			4
2025.05.30	00:37:09.804	0.84207				2
2025.05.30	00:37:10.654	0.84215				2
2025.05.30	00:37:11.925	0.84214				2
2025.05.30	00:37:12.511	0.84216				2
2025.05.30	00:37:14.027	0.84218				2
2025.05.30	00:37:14.532		0.84306			4
2025.05.30	00:37:17.605	0.84217				2
2025.05.30	00:37:23.978	0.84214	0.84303			6
2025.05.30	00:37:25.037	0.84212	0.84302			6
2025.05.30	00:37:26.605	0.84213				2
2025.05.30	00:37:35.337	0.84212	0.84303			6
2025.05.30	00:37:35.639	0.84210	0.84305			6
2025.05.30	00:37:36.426	0.84212	0.84303			6
2025.05.30	00:37:37.373	0.84210	0.84304			6
2025.05.30	00:37:38.431	0.84212	0.84303			6
2025.05.30	00:37:39.106		0.84279			4
2025.05.30	00:37:40.876	0.84211				2
2025.05.30	00:37:44.264	0.84212				2
2025.05.30	00:37:45.230		0.84302			4
2025.05.30	00:37:46.720	0.84208	0.84306			6
2025.05.30	00:37:47.379	0.84211	0.84304			6
2025.05.30	00:37:47.681	0.84212	0.84302			6
2025.05.30	00:37:48.407	0.84211	0.84304			6
2025.05.30	00:37:49.403		0.84303			4
2025.05.30	00:37:53.622	0.84212	0.84302			6
2025.05.30	00:38:00.096	0.84212				2
2025.05.30	00:38:12.163		0.84279			4
2025.05.30	00:38:18.505		0.84302			4
2025.05.30	00:38:19.742	0.84223	0.84313			6
2025.05.30	00:38:22.170	0.84218	0.84306			6
2025.05.30	00:38:27.588	0.84220				2
2025.05.30	00:38:30.094	0.84219				2
2025.05.30	00:38:40.491	0.84218				2
2025.05.30	00:38:41.607	0.84219				2
2025.05.30	00:38:42.442		0.84279			4
2025.05.30	00:38:42.760	0.84220				2
2025.05.30	00:38:47.984	0.84221	0.84306			6
2025.05.30	00:38:48.288	0.84222				2
2025.05.30	00:38:49.318	0.84220				2
2025.05.30	00:38:54.814	0.84221				2
2025.05.30	00:38:55.320	0.84222				2
2025.05.30	00:38:55.815	0.84221				2
2025.05.30	00:38:56.389	0.84220				2
2025.05.30	00:38:57.803	0.84221				2
2025.05.30	00:39:00.849	0.84221				2
2025.05.30	00:39:01.407	0.84222				2
2025.05.30	00:39:02.078	0.84224	0.84318			6
2025.05.30	00:39:02.400	0.84219	0.84320			6
2025.05.30	00:39:12.150		0.84285			4
2025.05.30	00:39:12.594	0.84220				2
2025.05.30	00:39:15.100	0.84219				2
2025.05.30	00:39:17.197		0.84320			4
2025.05.30	00:39:19.096	0.84218				2
2025.05.30	00:39:23.422		0.84308			4
2025.05.30	00:39:38.318		0.84284			4
2025.05.30	00:39:44.302		0.84308			4
2025.05.30	00:39:48.398	0.84220	0.84307			6
2025.05.30	00:39:48.717		0.84308			4
2025.05.30	00:40:00.500	0.84220				2
2025.05.30	00:40:08.919		0.84284			4
2025.05.30	00:40:15.664		0.84308			4
2025.05.30	00:40:34.360	0.84215	0.84303			6
2025.05.30	00:40:40.846		0.84284			4
2025.05.30	00:40:46.857		0.84303			4
2025.05.30	00:40:57.893	0.84214	0.84304			6
2025.05.30	00:41:00.639	0.84214				2
2025.05.30	00:41:05.082	0.84215	0.84303			6
2025.05.30	00:41:08.464		0.84284			4
2025.05.30	00:41:13.773		0.84303			4
2025.05.30	00:41:26.910		0.84302			4
2025.05.30	00:41:38.915		0.84286			4
2025.05.30	00:41:45.666		0.84302			4
2025.05.30	00:41:48.508		0.84303			4
2025.05.30	00:41:50.000		0.84302			4
2025.05.30	00:42:01.593	0.84215				2
2025.05.30	00:42:07.589		0.84286			4
2025.05.30	00:42:13.377		0.84302			4
2025.05.30	00:42:40.072		0.84286			4
2025.05.30	00:42:44.897	0.84214				2
2025.05.30	00:42:46.717		0.84303			4
2025.05.30	00:42:48.679	0.84215	0.84302			6
2025.05.30	00:42:49.071	0.84214	0.84304			6
2025.05.30	00:42:49.593	0.84215	0.84303			6
2025.05.30	00:42:50.339	0.84214	0.84304			6
2025.05.30	00:42:53.606	0.84213				2
2025.05.30	00:42:55.934	0.84215	0.84303			6
2025.05.30	00:43:00.364	0.84215				2
2025.05.30	00:43:04.707	0.84214				2
2025.05.30	00:43:07.615		0.84286			4
2025.05.30	00:43:13.103		0.84303			4
2025.05.30	00:43:13.702	0.84215				2
2025.05.30	00:43:31.998	0.84214				2
2025.05.30	00:43:35.893		0.84286			4
2025.05.30	00:43:40.102	0.84215				2
2025.05.30	00:43:42.320		0.84302			4
2025.05.30	00:43:59.161	0.84214				2
2025.05.30	00:44:01.316	0.84214				2
2025.05.30	00:44:01.703	0.84215				2
2025.05.30	00:44:07.523		0.84286			4
2025.05.30	00:44:14.042		0.84302			4
2025.05.30	00:44:26.173	0.84214				2
2025.05.30	00:44:28.105	0.84215				2
2025.05.30	00:44:29.894	0.84214				2
2025.05.30	00:44:32.751		0.84303			4
2025.05.30	00:44:36.817		0.84302			4
2025.05.30	00:44:39.042		0.84286			4
2025.05.30	00:44:41.449	0.84219				2
2025.05.30	00:44:44.951		0.84306			4
2025.05.30	00:45:02.205	0.84220	0.84317			6
2025.05.30	00:45:02.549	0.84218	0.84316			6
2025.05.30	00:45:02.849	0.84219	0.84318			6
2025.05.30	00:45:04.669		0.84306			4
2025.05.30	00:45:08.814	0.84231	0.84294			6
2025.05.30	00:45:09.137		0.84274			4
2025.05.30	00:45:14.630		0.84294			4
2025.05.30	00:45:34.957		0.84274			4
2025.05.30	00:46:00.252	0.84231				2
2025.05.30	00:46:02.888	0.84234				2
2025.05.30	00:46:07.437	0.84232				2
2025.05.30	00:46:13.587	0.84233				2
2025.05.30	00:46:20.661	0.84234				2
2025.05.30	00:46:25.754	0.84233				2
2025.05.30	00:46:33.203	0.84234				2
2025.05.30	00:46:40.928		0.84274			4
2025.05.30	00:46:59.282	0.84231				2
2025.05.30	00:47:01.437	0.84231				2
2025.05.30	00:47:02.210	0.84234	0.84306			6
2025.05.30	00:47:04.650	0.84231	0.84274			6
2025.05.30	00:47:09.848	0.84232				2
2025.05.30	00:47:25.925	0.84231				2
2025.05.30	00:47:35.303	0.84232				2
2025.05.30	00:47:35.734		0.84299			4
2025.05.30	00:47:39.512	0.84233	0.84298			6
2025.05.30	00:47:47.615		0.84269			4
2025.05.30	00:47:55.827	0.84234				2
2025.05.30	00:48:01.703	0.84234				2
2025.05.30	00:48:07.391	0.84236				2
2025.05.30	00:48:17.911	0.84235				2
2025.05.30	00:48:26.847	0.84240				2
2025.05.30	00:48:27.223	0.84239				2
2025.05.30	00:48:36.318	0.84241				2
2025.05.30	00:48:38.303	0.84240				2
2025.05.30	00:48:49.001		0.84269			4
2025.05.30	00:48:52.231	0.84241				2
2025.05.30	00:48:55.711	0.84240				2
2025.05.30	00:49:00.914	0.84240				2
2025.05.30	00:49:12.505	0.84241				2
2025.05.30	00:49:19.410	0.84240				2
2025.05.30	00:49:30.215	0.84241				2
2025.05.30	00:49:35.607	0.84240				2
2025.05.30	00:49:37.544	0.84241				2
2025.05.30	00:49:41.890		0.84262			4
2025.05.30	00:49:52.403	0.84242				2
2025.05.30	00:49:59.308	0.84241				2
2025.05.30	00:50:02.604	0.84241				2
2025.05.30	00:50:06.394	0.84242				2
2025.05.30	00:50:08.302	0.84241				2
2025.05.30	00:50:27.654	0.84242				2
2025.05.30	00:50:44.581		0.84262			4
2025.05.30	00:50:48.623	0.84243				2
2025.05.30	00:50:49.853	0.84244				2
2025.05.30	00:50:50.305	0.84245				2
2025.05.30	00:50:59.304	0.84244				2
2025.05.30	00:51:00.357	0.84244				2
2025.05.30	00:51:05.660	0.84245				2
2025.05.30	00:51:13.404	0.84244				2
2025.05.30	00:51:27.952	0.84245				2
2025.05.30	00:51:30.203	0.84244				2
2025.05.30	00:51:37.417	0.84243				2
2025.05.30	00:51:42.813		0.84315			4
2025.05.30	00:51:45.620	0.84245				2
2025.05.30	00:51:47.922	0.84244				2
2025.05.30	00:51:55.302	0.84243				2
2025.05.30	00:51:57.392	0.84244				2
2025.05.30	00:52:01.550	0.84244				2
2025.05.30	00:52:07.968	0.84243				2
2025.05.30	00:52:11.326	0.84242				2
2025.05.30	00:52:15.698		0.84314			4
2025.05.30	00:52:16.713	0.84241				2
2025.05.30	00:52:25.705	0.84242				2
2025.05.30	00:52:28.103	0.84241				2
2025.05.30	00:52:40.105	0.84242				2
2025.05.30	00:52:44.073	0.84241				2
2025.05.30	00:52:46.103	0.84242				2
2025.05.30	00:52:46.869	0.84244				2
2025.05.30	00:52:53.591	0.84245				2
2025.05.30	00:53:06.507	0.84245				2
2025.05.30	00:53:10.700		0.84315			4
2025.05.30	00:53:46.707	0.84246				2
2025.05.30	00:53:49.030		0.84311			4
2025.05.30	00:54:01.066	0.84246	0.84259			6
2025.05.30	00:54:20.386		0.84264			4
2025.05.30	00:54:24.514	0.84247				2
2025.05.30	00:54:40.102	0.84246				2
2025.05.30	00:54:44.032	0.84247				2
2025.05.30	00:55:00.253	0.84248	0.84282			6
2025.05.30	00:55:03.505	0.84249				2
2025.05.30	00:55:10.107	0.84250				2
2025.05.30	00:55:11.634	0.84252				2
2025.05.30	00:55:16.185	0.84251				2
2025.05.30	00:55:17.053	0.84254	0.84288			6
2025.05.30	00:55:19.704	0.84255				2
2025.05.30	00:55:20.120	0.84254				2
2025.05.30	00:55:26.704	0.84256				2
2025.05.30	00:55:31.130	0.84258				2
2025.05.30	00:55:39.044	0.84259				2
2025.05.30	00:55:40.203	0.84258				2
2025.05.30	00:55:42.209	0.84260				2
2025.05.30	00:55:55.929	0.84259				2
2025.05.30	00:55:56.304	0.84260				2
2025.05.30	00:56:00.804	0.84260				2
2025.05.30	00:56:10.926	0.84261				2
2025.05.30	00:56:17.294		0.84291			4
2025.05.30	00:56:47.604	0.84264				2
2025.05.30	00:56:47.919	0.84265				2
2025.05.30	00:56:48.253	0.84263				2
2025.05.30	00:56:50.384	0.84262				2
2025.05.30	00:56:52.801	0.84261				2
2025.05.30	00:56:53.800	0.84262				2
2025.05.30	00:56:56.004	0.84263				2
2025.05.30	00:56:59.689	0.84262				2
2025.05.30	00:57:01.417	0.84262				2
2025.05.30	00:57:04.367	0.84263				2
2025.05.30	00:57:04.876	0.84262				2
2025.05.30	00:57:12.923	0.84263				2
2025.05.30	00:57:17.298		0.84293			4
2025.05.30	00:57:19.399	0.84266				2
2025.05.30	00:57:20.315	0.84267				2
2025.05.30	00:57:34.024	0.84269	0.84300			6
2025.05.30	00:57:34.340	0.84264	0.84293			6
2025.05.30	00:57:43.112	0.84260				2
2025.05.30	00:57:43.440	0.84265				2
2025.05.30	00:57:44.316	0.84255				2
2025.05.30	00:58:01.404	0.84255				2
2025.05.30	00:58:07.303	0.84263				2
2025.05.30	00:58:12.187	0.84260				2
2025.05.30	00:58:12.507	0.84256				2
2025.05.30	00:58:12.908	0.84249	0.84287			6
2025.05.30	00:58:13.400	0.84247				2
2025.05.30	00:58:14.363	0.84246				2
2025.05.30	00:58:28.394	0.84248				2
2025.05.30	00:58:32.117	0.84246				2
2025.05.30	00:58:43.706	0.84245				2
2025.05.30	00:58:55.296	0.84231	0.84297			6
2025.05.30	00:58:59.016	0.84230				2
2025.05.30	00:59:03.701	0.84224	0.84282			6
2025.05.30	00:59:06.718	0.84231	0.84297			6
2025.05.30	00:59:08.730	0.84237				2
2025.05.30	00:59:09.331	0.84236				2
2025.05.30	00:59:28.496	0.84238				2
2025.05.30	00:59:30.295	0.84237				2
2025.05.30	00:59:41.632	0.84236				2
2025.05.30	00:59:46.706	0.84235				2
2025.05.30	00:59:47.846	0.84232				2
2025.05.30	00:59:49.438	0.84231				2
2025.05.30	00:59:53.305	0.84230				2
2025.05.30	00:59:55.332		0.84300			4
2025.05.30	01:00:00.311	0.84237				2
2025.05.30	01:00:00.645	0.84239				2
2025.05.30	01:00:01.307	0.84237				2
2025.05.30	01:00:01.618	0.84236	0.84299			6
2025.05.30	01:00:03.013	0.84235	0.84294			6
2025.05.30	01:00:03.320	0.84237	0.84293			6
2025.05.30	01:00:03.622	0.84242	0.84295			6
2025.05.30	01:00:03.928	0.84237	0.84299			6
2025.05.30	01:00:04.229	0.84234	0.84298			6
2025.05.30	01:00:04.533		0.84299			4
2025.05.30	01:00:04.835		0.84297			4
2025.05.30	01:00:05.140	0.84232	0.84299			6
2025.05.30	01:00:05.443	0.84238	0.84298			6
2025.05.30	01:00:06.019	0.84239	0.84299			6
2025.05.30	01:00:06.854	0.84238	0.84298			6
2025.05.30	01:00:07.710	0.84237	0.84297			6
2025.05.30	01:00:08.679	0.84238	0.84299			6
2025.05.30	01:00:09.889		0.84298			4
2025.05.30	01:00:10.393	0.84237				2
2025.05.30	01:00:12.364		0.84296			4
2025.05.30	01:00:12.693	0.84241				2
2025.05.30	01:00:13.033	0.84240				2
2025.05.30	01:00:13.410	0.84239				2
2025.05.30	01:00:14.304		0.84278			4
2025.05.30	01:00:14.801	0.84240	0.84299			6
2025.05.30	01:00:15.325		0.84296			4
2025.05.30	01:00:16.367		0.84278			4
2025.05.30	01:00:19.390	0.84241	0.84295			6
2025.05.30	01:00:21.506		0.84292			4
2025.05.30	01:00:22.375		0.84283			4
2025.05.30	01:00:22.706	0.84242				2
2025.05.30	01:00:23.116	0.84241				2
2025.05.30	01:00:23.471	0.84240				2
2025.05.30	01:00:23.845	0.84245				2
2025.05.30	01:00:30.624	0.84246	0.84294			6
2025.05.30	01:00:31.408	0.84253	0.84291			6
2025.05.30	01:00:36.407	0.84252	0.84272			6
2025.05.30	01:00:36.719	0.84250	0.84270			6
2025.05.30	01:00:37.019		0.84264			4
2025.05.30	01:00:37.529	0.84252				2
2025.05.30	01:00:40.141	0.84253	0.84266			6
2025.05.30	01:00:40.504	0.84254				2
2025.05.30	01:00:42.354	0.84249	0.84265			6
2025.05.30	01:00:42.681	0.84250				2
2025.05.30	01:00:43.688	0.84252				2
2025.05.30	01:00:44.051	0.84251				2
2025.05.30	01:00:44.510	0.84252				2
2025.05.30	01:00:47.497	0.84251	0.84263			6
2025.05.30	01:00:47.840	0.84250	0.84260			6
2025.05.30	01:00:50.249	0.84251				2
2025.05.30	01:00:50.781	0.84250				2
2025.05.30	01:00:59.428	0.84251	0.84261			6
2025.05.30	01:00:59.767	0.84252				2
2025.05.30	01:01:00.307	0.84252	0.84265			6
2025.05.30	01:01:00.610	0.84253				2
2025.05.30	01:01:02.206	0.84251	0.84263			6
2025.05.30	01:01:02.907		0.84265			4
2025.05.30	01:01:03.391	0.84254	0.84267			6
2025.05.30	01:01:06.519	0.84255	0.84269			6
2025.05.30	01:01:07.197	0.84257				2
2025.05.30	01:01:07.500	0.84256				2
2025.05.30	01:01:08.398	0.84254	0.84265			6
2025.05.30	01:01:09.359	0.84255				2
2025.05.30	01:01:10.261	0.84256				2
2025.05.30	01:01:14.766	0.84255				2
2025.05.30	01:01:15.091	0.84252	0.84264			6
2025.05.30	01:01:20.062	0.84253				2
2025.05.30	01:01:20.659	0.84256				2
2025.05.30	01:01:22.108	0.84255				2
2025.05.30	01:01:22.663	0.84256	0.84266			6
2025.05.30	01:01:23.005	0.84255				2
2025.05.30	01:01:24.355	0.84256				2
2025.05.30	01:01:28.761		0.84267			4
2025.05.30	01:01:29.509	0.84260	0.84271			6
2025.05.30	01:01:36.640	0.84259				2
2025.05.30	01:01:37.713	0.84258	0.84269			6
2025.05.30	01:01:39.236	0.84257				2
2025.05.30	01:01:48.358	0.84259				2
2025.05.30	01:01:50.686	0.84258				2
2025.05.30	01:01:52.058	0.84259				2
2025.05.30	01:01:52.397	0.84258				2
2025.05.30	01:01:53.366		0.84268			4
2025.05.30	01:01:56.141	0.84259				2
2025.05.30	01:01:59.699	0.84258				2
2025.05.30	01:02:00.005	0.84257	0.84266			6
2025.05.30	01:02:04.567	0.84259				2
2025.05.30	01:02:05.493	0.84261	0.84269			6
2025.05.30	01:02:09.131		0.84266			4
2025.05.30	01:02:09.636	0.84262	0.84268			6
2025.05.30	01:02:10.102	0.84261				2
2025.05.30	01:02:12.098	0.84262	0.84273			6
2025.05.30	01:02:12.848		0.84271			4
2025.05.30	01:02:15.646	0.84264	0.84275			6
2025.05.30	01:02:16.166	0.84262	0.84271			6
2025.05.30	01:02:17.519	0.84261				2
2025.05.30	01:02:18.538	0.84262				2
2025.05.30	01:02:19.927	0.84260				2
2025.05.30	01:02:20.355	0.84259				2
2025.05.30	01:02:21.009		0.84269			4
2025.05.30	01:02:21.502		0.84267			4
2025.05.30	01:02:22.360	0.84260				2
2025.05.30	01:02:28.375	0.84259				2
2025.05.30	01:02:43.281	0.84258				2
2025.05.30	01:02:43.631	0.84259	0.84272			6
2025.05.30	01:02:45.211	0.84261	0.84276			6
2025.05.30	01:02:47.193	0.84260				2
2025.05.30	01:02:47.972	0.84259				2
2025.05.30	01:02:50.304	0.84262	0.84274			6
2025.05.30	01:02:50.625	0.84260	0.84276			6
2025.05.30	01:03:00.404	0.84264				2
2025.05.30	01:03:01.032		0.84275			4
2025.05.30	01:03:02.354		0.84276			4
2025.05.30	01:03:08.418		0.84277			4
2025.05.30	01:03:08.820		0.84276			4
2025.05.30	01:03:36.837		0.84277			4
2025.05.30	01:03:38.004	0.84263				2
2025.05.30	01:03:38.392	0.84264				2
2025.05.30	01:03:39.068	0.84263				2
2025.05.30	01:03:39.402	0.84264				2
2025.05.30	01:04:00.072	0.84265				2
2025.05.30	01:04:01.291		0.84278			4
2025.05.30	01:04:04.876		0.84275			4
2025.05.30	01:04:07.357		0.84277			4
2025.05.30	01:04:13.640		0.84278			4
2025.05.30	01:04:21.505		0.84277			4
2025.05.30	01:04:21.808		0.84278			4
2025.05.30	01:04:29.352		0.84277			4
2025.05.30	01:04:30.524	0.84266				2
2025.05.30	01:04:35.004		0.84278			4
2025.05.30	01:04:41.875	0.84263				2
2025.05.30	01:04:57.459		0.84277			4
2025.05.30	01:05:00.404	0.84263	0.84278			6
2025.05.30	01:05:00.942		0.84276			4
2025.05.30	01:05:01.313	0.84264	0.84277			6
2025.05.30	01:05:03.508	0.84263				2
2025.05.30	01:05:20.798	0.84265				2
2025.05.30	01:05:23.929	0.84266				2
2025.05.30	01:05:24.327	0.84268				2
2025.05.30	01:05:29.779	0.84265				2
2025.05.30	01:05:33.821	0.84262				2
2025.05.30	01:05:35.906	0.84261	0.84276			6
2025.05.30	01:05:40.104	0.84263	0.84277			6
2025.05.30	01:05:40.514	0.84262				2
2025.05.30	01:05:41.193	0.84263				2
2025.05.30	01:05:41.499	0.84262				2
2025.05.30	01:05:42.375	0.84263				2
2025.05.30	01:05:55.671	0.84262				2
2025.05.30	01:05:56.003	0.84261				2
2025.05.30	01:05:57.294	0.84263	0.84274			6
2025.05.30	01:06:00.286	0.84263				2
2025.05.30	01:06:04.227		0.84273			4
2025.05.30	01:06:07.453	0.84261	0.84274			6
2025.05.30	01:06:08.904	0.84260				2
2025.05.30	01:06:09.825	0.84259				2
2025.05.30	01:06:10.215	0.84260	0.84273			6
2025.05.30	01:06:11.245	0.84261				2
2025.05.30	01:06:11.559	0.84263				2
2025.05.30	01:06:12.748	0.84262	0.84272			6
2025.05.30	01:06:13.058	0.84259				2
2025.05.30	01:06:15.935	0.84260	0.84275			6
2025.05.30	01:06:16.240	0.84261				2
2025.05.30	01:06:17.098	0.84260				2
2025.05.30	01:06:17.427	0.84262	0.84276			6
2025.05.30	01:06:17.822	0.84261				2
2025.05.30	01:06:18.231	0.84260	0.84275			6
2025.05.30	01:06:19.249	0.84259	0.84272			6
2025.05.30	01:06:19.836	0.84260	0.84275			6
2025.05.30	01:06:20.868	0.84259	0.84272			6
2025.05.30	01:06:23.733	0.84260	0.84274			6
2025.05.30	01:06:24.209		0.84275			4
2025.05.30	01:06:25.165	0.84259	0.84272			6
2025.05.30	01:06:25.476	0.84260	0.84275			6
2025.05.30	01:06:27.059	0.84261	0.84276			6
2025.05.30	01:06:28.142	0.84260				2
2025.05.30	01:06:30.648		0.84275			4
2025.05.30	01:06:31.702		0.84272			4
2025.05.30	01:06:32.006	0.84264	0.84276			6
2025.05.30	01:06:32.318	0.84261	0.84273			6
2025.05.30	01:06:33.507	0.84260				2
2025.05.30	01:06:33.827	0.84259				2
2025.05.30	01:06:34.768		0.84271			4
2025.05.30	01:06:35.070		0.84272			4
2025.05.30	01:06:35.380	0.84260				2
2025.05.30	01:06:35.796	0.84259				2
2025.05.30	01:06:36.176	0.84260				2
2025.05.30	01:06:36.500	0.84259	0.84271			6
2025.05.30	01:06:36.864		0.84272			4
2025.05.30	01:06:38.905	0.84260	0.84275			6
2025.05.30	01:06:40.028	0.84259	0.84273			6
2025.05.30	01:06:40.357	0.84260	0.84274			6
2025.05.30	01:06:41.005	0.84259	0.84275			6
2025.05.30	01:06:41.672	0.84264	0.84272			6
2025.05.30	01:06:42.230		0.84277			4
2025.05.30	01:06:42.733	0.84266	0.84273			6
2025.05.30	01:06:43.125	0.84265				2
2025.05.30	01:06:45.750	0.84259	0.84271			6
2025.05.30	01:06:46.251	0.84261				2
2025.05.30	01:06:46.566	0.84260				2
2025.05.30	01:06:48.161	0.84262	0.84274			6
2025.05.30	01:06:48.472	0.84260				2
2025.05.30	01:06:49.380	0.84261	0.84273			6
2025.05.30	01:06:49.705	0.84259	0.84271			6
2025.05.30	01:06:50.007	0.84260	0.84274			6
2025.05.30	01:06:50.943	0.84259	0.84271			6
2025.05.30	01:06:51.317	0.84261	0.84274			6
2025.05.30	01:06:51.667	0.84260				2
2025.05.30	01:06:55.783	0.84259	0.84273			6
2025.05.30	01:06:56.100	0.84260	0.84271			6
2025.05.30	01:06:56.567	0.84259				2
2025.05.30	01:06:58.367		0.84274			4
2025.05.30	01:06:58.678	0.84260				2
2025.05.30	01:06:59.145		0.84271			4
2025.05.30	01:06:59.603		0.84274			4
2025.05.30	01:07:00.405	0.84259	0.84271			6
2025.05.30	01:07:01.104	0.84260				2
2025.05.30	01:07:02.605	0.84258				2
2025.05.30	01:07:02.921	0.84259				2
2025.05.30	01:07:04.284	0.84260				2
2025.05.30	01:07:06.997	0.84259				2
2025.05.30	01:07:09.084	0.84255	0.84269			6
2025.05.30	01:07:09.422	0.84259	0.84270			6
2025.05.30	01:07:11.228	0.84261	0.84272			6
2025.05.30	01:07:11.539	0.84260				2
2025.05.30	01:07:12.361	0.84259	0.84271			6
2025.05.30	01:07:12.718		0.84272			4
2025.05.30	01:07:14.231		0.84270			4
2025.05.30	01:07:14.897	0.84260	0.84272			6
2025.05.30	01:07:15.908	0.84259				2
2025.05.30	01:07:16.457	0.84260				2
2025.05.30	01:07:17.485	0.84259	0.84271			6
2025.05.30	01:07:17.903	0.84260	0.84272			6
2025.05.30	01:07:19.931	0.84259				2
2025.05.30	01:07:20.277	0.84260				2
2025.05.30	01:07:21.218	0.84259				2
2025.05.30	01:07:21.605	0.84260				2
2025.05.30	01:07:22.408	0.84261				2
2025.05.30	01:07:23.056	0.84259				2
2025.05.30	01:07:24.379	0.84260				2
2025.05.30	01:07:25.627	0.84259				2
2025.05.30	01:07:30.972	0.84260	0.84273			6
2025.05.30	01:07:31.377		0.84272			4
2025.05.30	01:07:31.773	0.84259				2
2025.05.30	01:07:32.107	0.84260	0.84273			6
2025.05.30	01:07:32.548	0.84259	0.84270			6
2025.05.30	01:07:32.871		0.84271			4
2025.05.30	01:07:33.177		0.84270			4
2025.05.30	01:07:34.926	0.84255	0.84268			6
2025.05.30	01:07:35.284	0.84259	0.84270			6
2025.05.30	01:07:36.323		0.84272			4
2025.05.30	01:07:36.640	0.84260				2
2025.05.30	01:07:37.554	0.84261				2
2025.05.30	01:07:44.265	0.84264	0.84276			6
2025.05.30	01:07:44.583	0.84262	0.84275			6
2025.05.30	01:07:44.920	0.84260	0.84271			6
2025.05.30	01:07:45.262	0.84262	0.84275			6
2025.05.30	01:07:45.576	0.84260	0.84274			6
2025.05.30	01:07:46.104	0.84261				2
2025.05.30	01:07:46.418	0.84259	0.84271			6
2025.05.30	01:07:46.762	0.84260				2
2025.05.30	01:07:47.907	0.84259				2
2025.05.30	01:07:50.615	0.84260	0.84274			6
2025.05.30	01:07:53.041		0.84272			4
2025.05.30	01:07:53.350	0.84261	0.84274			6
2025.05.30	01:07:54.228	0.84259	0.84271			6
2025.05.30	01:07:55.636		0.84272			4
2025.05.30	01:07:58.785	0.84260				2
2025.05.30	01:07:59.515	0.84261	0.84275			6
2025.05.30	01:07:59.903	0.84260				2
2025.05.30	01:08:00.847	0.84260	0.84274			6
2025.05.30	01:08:02.797	0.84259	0.84272			6
2025.05.30	01:08:03.506		0.84273			4
2025.05.30	01:08:04.061		0.84272			4
2025.05.30	01:08:04.588	0.84260	0.84273			6
2025.05.30	01:08:05.154		0.84272			4
2025.05.30	01:08:05.540	0.84259	0.84273			6
2025.05.30	01:08:06.122		0.84272			4
2025.05.30	01:08:07.044		0.84271			4
2025.05.30	01:08:07.476		0.84272			4
2025.05.30	01:08:09.039	0.84258	0.84270			6
2025.05.30	01:08:09.414	0.84259	0.84271			6
2025.05.30	01:08:10.646	0.84255	0.84268			6
2025.05.30	01:08:11.004	0.84259	0.84271			6
2025.05.30	01:08:12.240	0.84255	0.84268			6
2025.05.30	01:08:13.004	0.84256				2
2025.05.30	01:08:13.602	0.84259	0.84269			6
2025.05.30	01:08:15.217	0.84258	0.84268			6
2025.05.30	01:08:15.521	0.84255				2
2025.05.30	01:08:17.453	0.84259	0.84270			6
2025.05.30	01:08:18.188	0.84255	0.84268			6
2025.05.30	01:08:18.514	0.84259	0.84270			6
2025.05.30	01:08:19.213		0.84273			4
2025.05.30	01:08:19.522	0.84261	0.84275			6
2025.05.30	01:08:20.005	0.84262				2
2025.05.30	01:08:20.310	0.84259	0.84270			6
2025.05.30	01:08:20.637		0.84271			4
2025.05.30	01:08:21.383		0.84269			4
2025.05.30	01:08:21.773		0.84271			4
2025.05.30	01:08:22.111		0.84269			4
2025.05.30	01:08:22.886		0.84270			4
2025.05.30	01:08:23.302		0.84268			4
2025.05.30	01:08:23.845		0.84269			4
2025.05.30	01:08:24.835		0.84271			4
2025.05.30	01:08:25.380		0.84269			4
2025.05.30	01:08:26.659	0.84257	0.84268			6
2025.05.30	01:08:26.962	0.84255				2
2025.05.30	01:08:27.432	0.84259	0.84270			6
2025.05.30	01:08:27.733	0.84260	0.84272			6
2025.05.30	01:08:28.037	0.84263	0.84274			6
2025.05.30	01:08:29.013	0.84260	0.84271			6
2025.05.30	01:08:35.863	0.84261	0.84274			6
2025.05.30	01:08:37.105	0.84262				2
2025.05.30	01:08:39.966	0.84261				2
2025.05.30	01:08:41.653		0.84271			4
2025.05.30	01:08:43.105		0.84270			4
2025.05.30	01:08:44.606		0.84271			4
2025.05.30	01:08:45.273	0.84260				2
2025.05.30	01:08:51.654		0.84270			4
2025.05.30	01:08:55.704	0.84265	0.84272			6
2025.05.30	01:08:56.020	0.84266				2
2025.05.30	01:08:56.919		0.84269			4
2025.05.30	01:08:57.252	0.84265				2
2025.05.30	01:08:57.580	0.84264	0.84266			6
2025.05.30	01:08:57.886	0.84265	0.84267			6
2025.05.30	01:08:59.172	0.84266	0.84269			6
2025.05.30	01:08:59.477	0.84265				2
2025.05.30	01:09:00.127	0.84265				2
2025.05.30	01:09:03.862	0.84264	0.84268			6
2025.05.30	01:09:10.127	0.84265				2
2025.05.30	01:09:12.369	0.84264	0.84269			6
2025.05.30	01:09:17.764	0.84265				2
2025.05.30	01:09:18.295	0.84264	0.84268			6
2025.05.30	01:09:30.359	0.84260	0.84267			6
2025.05.30	01:09:36.290	0.84259	0.84262			6
2025.05.30	01:09:48.133	0.84260	0.84267			6
2025.05.30	01:10:00.202	0.84260				2
2025.05.30	01:10:08.892		0.84266			4
2025.05.30	01:10:09.722		0.84262			4
2025.05.30	01:10:10.043	0.84259				2
2025.05.30	01:10:11.905		0.84264			4
2025.05.30	01:10:12.414	0.84265	0.84266			6
2025.05.30	01:10:14.486	0.84264	0.84265			6
2025.05.30	01:10:16.477	0.84265	0.84266			6
2025.05.30	01:10:33.406	0.84264	0.84268			6
2025.05.30	01:10:36.868		0.84266			4
2025.05.30	01:10:43.221	0.84262				2
2025.05.30	01:10:48.358		0.84265			4
2025.05.30	01:10:51.978	0.84265	0.84270			6
2025.05.30	01:10:53.405	0.84263	0.84265			6
2025.05.30	01:11:00.813	0.84263				2
2025.05.30	01:11:04.547	0.84264				2
2025.05.30	01:11:04.859	0.84263				2
2025.05.30	01:11:50.116	0.84260	0.84262			6
2025.05.30	01:11:50.422		0.84264			4
2025.05.30	01:11:56.580	0.84262				2
2025.05.30	01:12:00.640	0.84262				2
2025.05.30	01:12:01.837		0.84263			4
2025.05.30	01:12:03.255	0.84259	0.84262			6
2025.05.30	01:12:21.815	0.84257	0.84260			6
2025.05.30	01:12:25.808	0.84258	0.84261			6
2025.05.30	01:12:26.158	0.84256				2
2025.05.30	01:12:30.356	0.84255				2
2025.05.30	01:12:31.961	0.84256				2
2025.05.30	01:12:40.872		0.84260			4
2025.05.30	01:13:00.522	0.84256				2
2025.05.30	01:13:03.235	0.84258				2
2025.05.30	01:13:06.219	0.84260	0.84261			6
2025.05.30	01:13:12.099		0.84262			4
2025.05.30	01:13:51.205		0.84261			4
2025.05.30	01:13:51.624	0.84258				2
2025.05.30	01:14:00.505	0.84258				2
2025.05.30	01:14:10.646		0.84260			4
2025.05.30	01:14:10.988	0.84260	0.84261			6
2025.05.30	01:14:14.914	0.84258	0.84262			6
2025.05.30	01:14:15.831		0.84261			4
2025.05.30	01:14:16.301	0.84256				2
2025.05.30	01:14:17.053		0.84260			4
2025.05.30	01:14:19.248	0.84260	0.84263			6
2025.05.30	01:14:21.768		0.84264			4
2025.05.30	01:14:22.767		0.84263			4
2025.05.30	01:14:25.763	0.84258	0.84260			6
2025.05.30	01:14:26.104	0.84260	0.84261			6
2025.05.30	01:14:26.417	0.84258	0.84260			6
2025.05.30	01:14:26.904	0.84260	0.84261			6
2025.05.30	01:14:34.621		0.84263			4
2025.05.30	01:14:36.806		0.84261			4
2025.05.30	01:14:39.216		0.84262			4
2025.05.30	01:14:40.939		0.84261			4
2025.05.30	01:14:47.469	0.84258				2
2025.05.30	01:14:50.669	0.84260	0.84262			6
2025.05.30	01:14:59.238		0.84263			4
2025.05.30	01:15:00.373	0.84258	0.84262			6
2025.05.30	01:15:02.945		0.84263			4
2025.05.30	01:15:19.126		0.84259			4
2025.05.30	01:15:20.196	0.84257				2
2025.05.30	01:15:21.666		0.84261			4
2025.05.30	01:15:24.067	0.84258				2
2025.05.30	01:15:28.980		0.84259			4
2025.05.30	01:15:35.523		0.84260			4
2025.05.30	01:15:41.852		0.84259			4
2025.05.30	01:15:42.547		0.84260			4
2025.05.30	01:15:46.274	0.84257				2
2025.05.30	01:15:46.703	0.84258	0.84259			6
2025.05.30	01:15:47.019		0.84260			4
2025.05.30	01:15:52.759	0.84256	0.84258			6
2025.05.30	01:15:55.660	0.84255				2
2025.05.30	01:15:56.119	0.84254				2
2025.05.30	01:15:56.630		0.84257			4
2025.05.30	01:15:56.937	0.84253				2
2025.05.30	01:15:57.394	0.84255				2
2025.05.30	01:16:00.579	0.84255				2
2025.05.30	01:16:35.431	0.84252				2
2025.05.30	01:16:44.667		0.84256			4
2025.05.30	01:17:00.230	0.84252				2
2025.05.30	01:17:03.607		0.84257			4
2025.05.30	01:17:04.051		0.84256			4
2025.05.30	01:17:06.075		0.84257			4
2025.05.30	01:17:08.051	0.84250	0.84255			6
2025.05.30	01:17:16.854	0.84253	0.84256			6
2025.05.30	01:17:24.255	0.84255				2
2025.05.30	01:17:26.556	0.84253				2
2025.05.30	01:17:27.421	0.84255	0.84257			6
2025.05.30	01:17:46.013		0.84256			4
2025.05.30	01:17:48.278		0.84257			4
2025.05.30	01:17:52.217		0.84256			4
2025.05.30	01:17:55.212		0.84257			4
2025.05.30	01:17:57.501		0.84256			4
2025.05.30	01:18:02.375	0.84253	0.84254			6
2025.05.30	01:18:03.202	0.84251	0.84253			6
2025.05.30	01:18:13.104		0.84255			4
2025.05.30	01:18:46.795		0.84253			4
2025.05.30	01:18:56.002	0.84252				2
2025.05.30	01:19:02.593	0.84252				2
2025.05.30	01:19:08.075	0.84251	0.84254			6
2025.05.30	01:19:14.110	0.84252				2
2025.05.30	01:19:25.768		0.84255			4
2025.05.30	01:19:32.018		0.84256			4
2025.05.30	01:19:33.635	0.84251	0.84254			6
2025.05.30	01:20:02.152	0.84251				2
2025.05.30	01:20:05.603	0.84249	0.84250			6
2025.05.30	01:20:05.907	0.84247	0.84251			6
2025.05.30	01:20:06.218	0.84248				2
2025.05.30	01:20:12.099		0.84252			4
2025.05.30	01:20:16.166	0.84247	0.84251			6
2025.05.30	01:20:18.805		0.84252			4
2025.05.30	01:20:19.238	0.84248				2
2025.05.30	01:20:20.370	0.84247				2
2025.05.30	01:20:21.785	0.84249	0.84251			6
2025.05.30	01:20:27.524		0.84252			4
2025.05.30	01:20:49.965		0.84250			4
2025.05.30	01:20:58.682	0.84248				2
2025.05.30	01:20:59.042	0.84247	0.84253			6
2025.05.30	01:20:59.475	0.84248	0.84252			6
2025.05.30	01:21:00.128	0.84248				2
2025.05.30	01:21:01.284	0.84247				2
2025.05.30	01:21:02.899		0.84251			4
2025.05.30	01:21:03.711	0.84248				2
2025.05.30	01:21:41.312	0.84247				2
2025.05.30	01:22:01.708	0.84247				2
2025.05.30	01:22:08.302		0.84251			4
2025.05.30	01:22:13.161	0.84248	0.84252			6
2025.05.30	01:22:24.176	0.84252	0.84256			6
2025.05.30	01:22:24.480		0.84257			4
2025.05.30	01:22:26.096	0.84253				2
2025.05.30	01:22:26.874	0.84252				2
2025.05.30	01:22:27.529	0.84253				2
2025.05.30	01:22:28.351	0.84252				2
2025.05.30	01:22:28.755	0.84253				2
2025.05.30	01:22:31.637	0.84252				2
2025.05.30	01:22:32.141	0.84254	0.84258			6
2025.05.30	01:22:42.847	0.84255	0.84259			6
2025.05.30	01:22:44.653	0.84256	0.84260			6
2025.05.30	01:22:47.023		0.84261			4
2025.05.30	01:22:59.174		0.84260			4
2025.05.30	01:22:59.523		0.84261			4
2025.05.30	01:22:59.875	0.84257				2
2025.05.30	01:23:01.676	0.84257	0.84260			6
2025.05.30	01:23:01.978		0.84261			4
2025.05.30	01:23:03.463	0.84256				2
2025.05.30	01:23:10.908	0.84257				2
2025.05.30	01:23:15.218	0.84256				2
2025.05.30	01:23:17.903	0.84257	0.84260			6
2025.05.30	01:23:18.208	0.84258	0.84262			6
2025.05.30	01:23:19.242		0.84263			4
2025.05.30	01:23:40.372	0.84257	0.84262			6
2025.05.30	01:23:41.417	0.84259	0.84263			6
2025.05.30	01:23:41.722	0.84258				2
2025.05.30	01:23:45.244	0.84264	0.84268			6
2025.05.30	01:23:54.685	0.84262	0.84265			6
2025.05.30	01:23:55.591	0.84261				2
2025.05.30	01:24:00.148	0.84259	0.84263			6
2025.05.30	01:24:04.417	0.84258				2
2025.05.30	01:24:07.014	0.84259				2
2025.05.30	01:24:10.221	0.84257	0.84260			6
2025.05.30	01:24:14.931	0.84258				2
2025.05.30	01:24:27.577	0.84257				2
2025.05.30	01:24:35.393		0.84261			4
2025.05.30	01:24:39.335	0.84260	0.84264			6
2025.05.30	01:24:39.640	0.84261				2
2025.05.30	01:24:43.312	0.84260	0.84265			6
2025.05.30	01:24:44.628	0.84263	0.84267			6
2025.05.30	01:24:47.299	0.84264	0.84268			6
2025.05.30	01:24:47.943	0.84267	0.84271			6
2025.05.30	01:24:48.247	0.84268	0.84273			6
2025.05.30	01:24:48.598	0.84267	0.84271			6
2025.05.30	01:24:49.116	0.84268	0.84272			6
2025.05.30	01:24:49.451	0.84269	0.84273			6
2025.05.30	01:24:50.448	0.84268	0.84272			6
2025.05.30	01:24:50.776		0.84271			4
2025.05.30	01:24:53.204	0.84272	0.84275			6
2025.05.30	01:25:00.018	0.84272				2
2025.05.30	01:25:00.581		0.84277			4
2025.05.30	01:25:01.811	0.84273	0.84278			6
2025.05.30	01:25:02.901		0.84277			4
2025.05.30	01:25:04.081	0.84272				2
2025.05.30	01:25:07.643	0.84277	0.84281			6
2025.05.30	01:25:08.351		0.84282			4
2025.05.30	01:25:08.671		0.84281			4
2025.05.30	01:25:09.981		0.84282			4
2025.05.30	01:25:10.292		0.84281			4
2025.05.30	01:25:10.971	0.84278	0.84282			6
2025.05.30	01:25:11.281	0.84280	0.84284			6
2025.05.30	01:25:13.554		0.84285			4
2025.05.30	01:25:14.636	0.84279	0.84283			6
2025.05.30	01:25:14.937		0.84284			4
2025.05.30	01:25:17.518	0.84274	0.84278			6
2025.05.30	01:25:18.195	0.84273				2
2025.05.30	01:25:19.686	0.84272	0.84277			6
2025.05.30	01:25:20.323	0.84270	0.84274			6
2025.05.30	01:25:20.638		0.84273			4
2025.05.30	01:25:21.680	0.84272	0.84276			6
2025.05.30	01:25:22.000		0.84275			4
2025.05.30	01:25:22.960	0.84271	0.84274			6
2025.05.30	01:25:23.264	0.84267	0.84271			6
2025.05.30	01:25:23.593	0.84268	0.84273			6
2025.05.30	01:25:30.457		0.84272			4
2025.05.30	01:25:36.795		0.84271			4
2025.05.30	01:25:41.824		0.84272			4
2025.05.30	01:25:42.726	0.84265	0.84269			6
2025.05.30	01:25:43.598		0.84268			4
2025.05.30	01:25:44.564	0.84264	0.84267			6
2025.05.30	01:25:45.163	0.84263	0.84266			6
2025.05.30	01:25:45.480	0.84262	0.84265			6
2025.05.30	01:25:46.493		0.84267			4
2025.05.30	01:25:47.519	0.84263	0.84266			6
2025.05.30	01:25:49.565	0.84262	0.84265			6
2025.05.30	01:25:49.880		0.84266			4
2025.05.30	01:25:52.658		0.84265			4
2025.05.30	01:25:54.635		0.84266			4
2025.05.30	01:25:55.803	0.84271	0.84275			6
2025.05.30	01:25:58.705	0.84270	0.84273			6
2025.05.30	01:25:59.031		0.84274			4
2025.05.30	01:25:59.684		0.84275			4
2025.05.30	01:26:00.362	0.84270				2
2025.05.30	01:26:01.453		0.84272			4
2025.05.30	01:26:02.279	0.84268	0.84270			6
2025.05.30	01:26:04.814	0.84266	0.84267			6
2025.05.30	01:26:06.353		0.84269			4
2025.05.30	01:26:08.526		0.84268			4
2025.05.30	01:26:10.855		0.84269			4
2025.05.30	01:26:13.522		0.84268			4
2025.05.30	01:26:19.377		0.84269			4
2025.05.30	01:26:20.364		0.84268			4
2025.05.30	01:26:21.040		0.84269			4
2025.05.30	01:26:21.341		0.84268			4
2025.05.30	01:26:28.309	0.84258	0.84263			6
2025.05.30	01:26:31.729		0.84264			4
2025.05.30	01:26:32.170	0.84256	0.84260			6
2025.05.30	01:26:32.771	0.84259	0.84262			6
2025.05.30	01:26:39.056	0.84260	0.84263			6
2025.05.30	01:26:39.361	0.84259				2
2025.05.30	01:26:46.616	0.84257	0.84261			6
2025.05.30	01:26:46.920	0.84256	0.84258			6
2025.05.30	01:26:47.962	0.84257	0.84259			6
2025.05.30	01:26:48.266	0.84256				2
2025.05.30	01:27:00.440	0.84257	0.84261			6
2025.05.30	01:27:01.132	0.84255	0.84259			6
2025.05.30	01:27:01.441		0.84258			4
2025.05.30	01:27:06.169	0.84256	0.84259			6
2025.05.30	01:27:10.755	0.84257	0.84260			6
2025.05.30	01:27:11.111	0.84256				2
2025.05.30	01:27:17.058	0.84259	0.84262			6
2025.05.30	01:27:17.382		0.84263			4
2025.05.30	01:27:18.349		0.84262			4
2025.05.30	01:27:18.671		0.84263			4
2025.05.30	01:27:19.524	0.84260				2
2025.05.30	01:27:20.358		0.84264			4
2025.05.30	01:27:22.912		0.84263			4
2025.05.30	01:27:24.862		0.84264			4
2025.05.30	01:27:26.442	0.84259	0.84263			6
2025.05.30	01:27:26.745		0.84264			4
2025.05.30	01:27:37.936		0.84263			4
2025.05.30	01:27:38.290		0.84264			4
2025.05.30	01:27:38.848	0.84260	0.84263			6
2025.05.30	01:27:47.121		0.84264			4
2025.05.30	01:27:48.962	0.84265	0.84269			6
2025.05.30	01:27:49.264	0.84266				2
2025.05.30	01:27:51.112	0.84265	0.84268			6
2025.05.30	01:27:53.296	0.84264				2
2025.05.30	01:27:54.279	0.84269	0.84273			6
2025.05.30	01:27:56.307		0.84272			4
2025.05.30	01:27:57.875		0.84273			4
2025.05.30	01:28:00.091	0.84269				2
2025.05.30	01:28:00.465	0.84270	0.84274			6
2025.05.30	01:28:00.779		0.84273			4
2025.05.30	01:28:03.523	0.84269	0.84272			6
2025.05.30	01:28:04.083		0.84273			4
2025.05.30	01:28:07.190		0.84272			4
2025.05.30	01:28:16.884	0.84270				2
2025.05.30	01:28:17.406	0.84268	0.84271			6
2025.05.30	01:28:22.552		0.84272			4
2025.05.30	01:28:23.425	0.84270				2
2025.05.30	01:28:24.735	0.84268	0.84271			6
2025.05.30	01:28:34.197	0.84267	0.84270			6
2025.05.30	01:28:36.907	0.84264	0.84267			6
2025.05.30	01:28:38.091	0.84263				2
2025.05.30	01:28:41.763	0.84265				2
2025.05.30	01:28:43.076		0.84268			4
2025.05.30	01:28:45.080	0.84263	0.84266			6
2025.05.30	01:28:46.359	0.84262	0.84265			6
2025.05.30	01:28:47.379	0.84259	0.84264			6
2025.05.30	01:28:47.868	0.84261				2
2025.05.30	01:28:48.753	0.84262	0.84265			6
2025.05.30	01:28:56.871		0.84264			4
2025.05.30	01:29:00.011	0.84261				2
2025.05.30	01:29:02.536	0.84262				2
2025.05.30	01:29:02.840		0.84265			4
2025.05.30	01:29:09.478		0.84263			4
2025.05.30	01:29:10.834	0.84261	0.84264			6
2025.05.30	01:29:47.849	0.84262	0.84265			6
2025.05.30	01:30:00.323	0.84262	0.84264			6
2025.05.30	01:30:02.229	0.84260	0.84262			6
2025.05.30	01:30:04.360	0.84261	0.84263			6
2025.05.30	01:30:04.663	0.84263	0.84266			6
2025.05.30	01:30:04.979	0.84265	0.84267			6
2025.05.30	01:30:08.369	0.84267	0.84268			6
2025.05.30	01:30:10.532	0.84265	0.84267			6
2025.05.30	01:30:10.836	0.84264				2
2025.05.30	01:30:13.408	0.84265				2
2025.05.30	01:30:26.655	0.84266	0.84268			6
2025.05.30	01:30:27.239		0.84269			4
2025.05.30	01:30:30.733	0.84267				2
2025.05.30	01:30:31.720		0.84268			4
2025.05.30	01:30:33.685	0.84266				2
2025.05.30	01:30:36.472	0.84267				2
2025.05.30	01:30:45.749	0.84265	0.84267			6
2025.05.30	01:30:53.277		0.84268			4
2025.05.30	01:30:53.875		0.84267			4
2025.05.30	01:30:54.304	0.84266	0.84268			6
2025.05.30	01:31:00.782	0.84266				2
2025.05.30	01:31:03.489	0.84265	0.84267			6
2025.05.30	01:31:04.501	0.84263	0.84266			6
2025.05.30	01:31:04.891	0.84266	0.84268			6
2025.05.30	01:31:05.199	0.84265	0.84267			6
2025.05.30	01:31:13.358	0.84264				2
2025.05.30	01:31:18.226	0.84263	0.84265			6
2025.05.30	01:31:42.689	0.84258	0.84261			6
2025.05.30	01:31:43.990	0.84259				2
2025.05.30	01:31:48.917		0.84262			4
2025.05.30	01:31:55.329		0.84261			4
2025.05.30	01:31:56.697	0.84257	0.84260			6
2025.05.30	01:31:57.583	0.84258	0.84259			6
2025.05.30	01:32:06.209	0.84258				2
2025.05.30	01:32:07.623		0.84260			4
2025.05.30	01:32:27.036	0.84257				2
2025.05.30	01:32:31.354	0.84256	0.84257			6
2025.05.30	01:32:31.658	0.84255				2
2025.05.30	01:32:32.655	0.84254				2
2025.05.30	01:32:33.020	0.84252	0.84256			6
2025.05.30	01:32:33.341	0.84251				2
2025.05.30	01:32:36.580	0.84252				2
2025.05.30	01:32:40.439	0.84253	0.84255			6
2025.05.30	01:32:41.076	0.84252				2
2025.05.30	01:32:59.689	0.84255	0.84258			6
2025.05.30	01:33:00.357	0.84258	0.84260			6
2025.05.30	01:33:00.761	0.84257	0.84259			6
2025.05.30	01:33:04.816		0.84260			4
2025.05.30	01:33:16.884	0.84258				2
2025.05.30	01:33:21.855	0.84257	0.84259			6
2025.05.30	01:33:24.454	0.84256				2
2025.05.30	01:33:26.536		0.84260			4
2025.05.30	01:33:27.123		0.84259			4
2025.05.30	01:33:29.020	0.84257				2
2025.05.30	01:33:37.886	0.84256	0.84258			6
2025.05.30	01:33:53.665	0.84254	0.84256			6
2025.05.30	01:33:54.024	0.84253				2
2025.05.30	01:34:00.205	0.84253				2
2025.05.30	01:34:04.626	0.84254	0.84255			6
2025.05.30	01:34:14.017	0.84257	0.84258			6
2025.05.30	01:34:16.267		0.84259			4
2025.05.30	01:34:16.841		0.84260			4
2025.05.30	01:34:30.974		0.84259			4
2025.05.30	01:34:33.969		0.84260			4
2025.05.30	01:35:00.848	0.84257				2
2025.05.30	01:35:03.126	0.84256	0.84258			6
2025.05.30	01:35:04.064	0.84257	0.84259			6
2025.05.30	01:35:11.891	0.84256	0.84258			6
2025.05.30	01:35:15.203		0.84259			4
2025.05.30	01:35:21.203	0.84257				2
2025.05.30	01:35:25.440	0.84256	0.84258			6
2025.05.30	01:35:28.858	0.84259	0.84260			6
2025.05.30	01:35:31.586	0.84257				2
2025.05.30	01:35:47.916	0.84258				2
2025.05.30	01:35:48.242	0.84257				2
2025.05.30	01:35:57.444	0.84258				2
2025.05.30	01:35:59.461	0.84257	0.84259			6
2025.05.30	01:36:02.267	0.84257				2
2025.05.30	01:36:35.180	0.84261	0.84263			6
2025.05.30	01:36:42.119	0.84260	0.84262			6
2025.05.30	01:36:52.832		0.84263			4
2025.05.30	01:36:54.590	0.84258	0.84261			6
2025.05.30	01:37:00.788	0.84258	0.84259			6
2025.05.30	01:37:15.118		0.84260			4
2025.05.30	01:37:23.995	0.84259				2
2025.05.30	01:37:25.915	0.84258				2
2025.05.30	01:37:43.414	0.84259	0.84261			6
2025.05.30	01:37:48.085	0.84258				2
2025.05.30	01:37:48.454	0.84259				2
2025.05.30	01:37:54.350	0.84258				2
2025.05.30	01:37:54.661		0.84260			4
2025.05.30	01:38:00.366	0.84258				2
2025.05.30	01:38:06.475	0.84261	0.84263			6
2025.05.30	01:38:06.779	0.84258	0.84260			6
2025.05.30	01:38:33.139	0.84259				2
2025.05.30	01:39:00.006	0.84259				2
2025.05.30	01:39:03.344		0.84261			4
2025.05.30	01:39:07.968		0.84260			4
2025.05.30	01:39:09.742		0.84261			4
2025.05.30	01:39:13.892	0.84260	0.84262			6
2025.05.30	01:39:18.425		0.84263			4
2025.05.30	01:39:18.813	0.84261				2
2025.05.30	01:39:23.661	0.84260				2
2025.05.30	01:39:25.871		0.84262			4
2025.05.30	01:39:36.980	0.84259				2
2025.05.30	01:39:42.321	0.84260				2
2025.05.30	01:39:55.691		0.84263			4
2025.05.30	01:39:56.191		0.84262			4
2025.05.30	01:40:00.203	0.84260				2
2025.05.30	01:40:00.742	0.84259	0.84261			6
2025.05.30	01:40:01.233	0.84260				2
2025.05.30	01:40:02.666	0.84259				2
2025.05.30	01:40:10.675		0.84262			4
2025.05.30	01:40:17.122	0.84261				2
2025.05.30	01:40:17.427	0.84260	0.84263			6
2025.05.30	01:40:18.283	0.84261				2
2025.05.30	01:40:19.447		0.84264			4
2025.05.30	01:40:24.183		0.84263			4
2025.05.30	01:40:35.725		0.84264			4
2025.05.30	01:40:45.292	0.84262				2
2025.05.30	01:40:49.764	0.84261	0.84263			6
2025.05.30	01:40:53.844	0.84262	0.84264			6
2025.05.30	01:41:04.004	0.84262				2
2025.05.30	01:41:06.594	0.84261				2
2025.05.30	01:41:11.193	0.84264	0.84268			6
2025.05.30	01:41:11.499		0.84267			4
2025.05.30	01:41:11.820	0.84265				2
2025.05.30	01:41:12.173	0.84266	0.84269			6
2025.05.30	01:41:12.752		0.84270			4
2025.05.30	01:41:17.330		0.84269			4
2025.05.30	01:41:24.041		0.84268			4
2025.05.30	01:41:24.375	0.84264	0.84266			6
2025.05.30	01:41:25.190	0.84263	0.84265			6
2025.05.30	01:41:28.977	0.84264	0.84266			6
2025.05.30	01:41:30.416		0.84267			4
2025.05.30	01:41:32.822	0.84265				2
2025.05.30	01:41:37.935	0.84266	0.84268			6
2025.05.30	01:41:41.728	0.84265	0.84267			6
2025.05.30	01:41:42.492	0.84267	0.84268			6
2025.05.30	01:41:43.800	0.84265	0.84267			6
2025.05.30	01:41:50.901	0.84267	0.84272			6
2025.05.30	01:41:51.207	0.84269	0.84271			6
2025.05.30	01:42:00.032	0.84269	0.84270			6
2025.05.30	01:42:02.594		0.84271			4
2025.05.30	01:42:09.143		0.84270			4
2025.05.30	01:42:19.721	0.84268	0.84271			6
2025.05.30	01:42:20.814		0.84270			4
2025.05.30	01:42:26.088	0.84269	0.84271			6
2025.05.30	01:42:31.396		0.84270			4
2025.05.30	01:42:31.699	0.84268				2
2025.05.30	01:42:32.832	0.84264	0.84266			6
2025.05.30	01:42:33.777	0.84263	0.84265			6
2025.05.30	01:42:34.546	0.84262				2
2025.05.30	01:42:36.549		0.84264			4
2025.05.30	01:42:37.979	0.84261				2
2025.05.30	01:42:45.551		0.84263			4
2025.05.30	01:42:52.996	0.84262				2
2025.05.30	01:42:54.915	0.84261	0.84264			6
2025.05.30	01:43:00.371	0.84262				2
2025.05.30	01:43:06.527		0.84265			4
2025.05.30	01:43:07.033		0.84264			4
2025.05.30	01:43:09.306	0.84261				2
2025.05.30	01:43:09.657	0.84262				2
2025.05.30	01:43:11.080	0.84261	0.84263			6
2025.05.30	01:43:12.057	0.84262				2
2025.05.30	01:43:20.552		0.84264			4
2025.05.30	01:43:28.966	0.84261	0.84263			6
2025.05.30	01:43:37.440		0.84264			4
2025.05.30	01:43:42.837		0.84263			4
2025.05.30	01:43:44.071	0.84262				2
2025.05.30	01:43:47.406		0.84264			4
2025.05.30	01:43:55.383		0.84263			4
2025.05.30	01:44:02.954	0.84262				2
2025.05.30	01:44:03.297	0.84261				2
2025.05.30	01:44:04.387	0.84262				2
2025.05.30	01:44:40.603		0.84264			4
2025.05.30	01:44:44.839	0.84263	0.84265			6
2025.05.30	01:44:45.622	0.84264	0.84266			6
2025.05.30	01:45:00.448	0.84264				2
2025.05.30	01:45:01.366	0.84266	0.84268			6
2025.05.30	01:45:08.052	0.84265	0.84269			6
2025.05.30	01:45:08.721	0.84266				2
2025.05.30	01:45:15.317		0.84268			4
2025.05.30	01:45:18.351	0.84265				2
2025.05.30	01:45:20.446		0.84267			4
2025.05.30	01:45:28.514	0.84264	0.84266			6
2025.05.30	01:45:54.790		0.84265			4
2025.05.30	01:45:57.369		0.84267			4
2025.05.30	01:46:00.539	0.84266	0.84268			6
2025.05.30	01:46:01.672	0.84267	0.84269			6
2025.05.30	01:46:02.437	0.84266				2
2025.05.30	01:46:06.443		0.84268			4
2025.05.30	01:46:20.473	0.84264	0.84267			6
2025.05.30	01:46:21.269	0.84265				2
2025.05.30	01:46:52.078	0.84264				2
2025.05.30	01:47:01.490	0.84264				2
2025.05.30	01:47:03.003		0.84266			4
2025.05.30	01:47:09.352		0.84265			4
2025.05.30	01:47:19.414	0.84266	0.84267			6
2025.05.30	01:47:30.830	0.84263	0.84265			6
2025.05.30	01:47:31.837	0.84264				2
2025.05.30	01:47:37.137	0.84265	0.84267			6
2025.05.30	01:47:37.502		0.84266			4
2025.05.30	01:47:38.057	0.84264	0.84265			6
2025.05.30	01:47:54.807	0.84265	0.84267			6
2025.05.30	01:47:55.672		0.84268			4
2025.05.30	01:47:56.833		0.84267			4
2025.05.30	01:48:00.694	0.84265				2
2025.05.30	01:48:03.849	0.84267	0.84268			6
2025.05.30	01:48:05.180	0.84266				2
2025.05.30	01:48:05.776	0.84267	0.84269			6
2025.05.30	01:48:07.821	0.84268	0.84271			6
2025.05.30	01:48:12.232		0.84270			4
2025.05.30	01:48:13.210	0.84267	0.84269			6
2025.05.30	01:48:14.362	0.84266	0.84271			6
2025.05.30	01:48:16.860	0.84265	0.84267			6
2025.05.30	01:48:35.476	0.84264				2
2025.05.30	01:48:37.632	0.84265				2
2025.05.30	01:48:37.946	0.84264				2
2025.05.30	01:48:58.365	0.84265				2
2025.05.30	01:48:58.873	0.84266				2
2025.05.30	01:49:07.786	0.84266				2
2025.05.30	01:49:08.280	0.84265				2
2025.05.30	01:49:17.639		0.84267			4
2025.05.30	01:49:28.897	0.84266				2
2025.05.30	01:49:29.764		0.84268			4
2025.05.30	01:49:38.431	0.84267	0.84270			6
2025.05.30	01:49:38.986		0.84269			4
2025.05.30	01:49:39.669	0.84266				2
2025.05.30	01:49:43.766	0.84267				2
2025.05.30	01:49:58.455	0.84266				2
2025.05.30	01:50:00.504	0.84266				2
2025.05.30	01:50:04.353	0.84267				2
2025.05.30	01:50:20.791	0.84266				2
2025.05.30	01:50:34.752	0.84268				2
2025.05.30	01:50:38.545		0.84270			4
2025.05.30	01:50:38.884		0.84269			4
2025.05.30	01:50:55.822		0.84270			4
2025.05.30	01:51:00.503	0.84268				2
2025.05.30	01:51:01.192	0.84267				2
2025.05.30	01:51:01.596		0.84269			4
2025.05.30	01:51:02.029	0.84266				2
2025.05.30	01:51:02.354	0.84267	0.84268			6
2025.05.30	01:51:40.880	0.84266	0.84267			6
2025.05.30	01:51:41.661	0.84267	0.84268			6
2025.05.30	01:51:42.305	0.84266	0.84267			6
2025.05.30	01:51:43.202	0.84267	0.84268			6
2025.05.30	01:52:01.145	0.84267				2
2025.05.30	01:52:43.422	0.84266	0.84267			6
2025.05.30	01:52:49.013	0.84267	0.84268			6
2025.05.30	01:52:55.667	0.84265	0.84266			6
2025.05.30	01:52:56.036	0.84264				2
2025.05.30	01:52:56.770	0.84266	0.84267			6
2025.05.30	01:52:57.276	0.84264				2
2025.05.30	01:52:57.749		0.84266			4
2025.05.30	01:53:00.905	0.84264				2
2025.05.30	01:53:05.569		0.84265			4
2025.05.30	01:53:19.715		0.84266			4
2025.05.30	01:53:20.633		0.84265			4
2025.05.30	01:53:32.680	0.84265	0.84266			6
2025.05.30	01:53:32.982	0.84264				2
2025.05.30	01:53:34.185	0.84263	0.84265			6
2025.05.30	01:53:34.497	0.84264	0.84266			6
2025.05.30	01:53:35.358	0.84263				2
2025.05.30	01:53:36.572	0.84264				2
2025.05.30	01:54:01.680	0.84264				2
2025.05.30	01:54:05.682	0.84263	0.84264			6
2025.05.30	01:54:08.383	0.84264	0.84265			6
2025.05.30	01:54:10.542	0.84262	0.84264			6
2025.05.30	01:54:22.976	0.84261				2
2025.05.30	01:54:27.053	0.84262				2
2025.05.30	01:54:27.384	0.84261				2
2025.05.30	01:54:30.357		0.84263			4
2025.05.30	01:54:47.747	0.84262	0.84264			6
2025.05.30	01:54:52.113	0.84261				2
2025.05.30	01:54:58.954	0.84262				2
2025.05.30	01:54:59.260	0.84263	0.84265			6
2025.05.30	01:55:00.198	0.84263				2
2025.05.30	01:55:13.847	0.84264	0.84266			6
2025.05.30	01:55:26.976	0.84263				2
2025.05.30	01:55:30.692	0.84262	0.84265			6
2025.05.30	01:55:31.247		0.84264			4
2025.05.30	01:56:00.575	0.84262				2
2025.05.30	01:56:36.199		0.84264			4
2025.05.30	01:56:52.228	0.84261	0.84263			6
2025.05.30	01:57:00.626	0.84261				2
2025.05.30	01:57:16.405	0.84263	0.84264			6
2025.05.30	01:57:16.710		0.84266			4
2025.05.30	01:57:17.601		0.84265			4
2025.05.30	01:57:27.111		0.84266			4
2025.05.30	01:57:48.312	0.84264				2
2025.05.30	01:58:00.637	0.84266	0.84270			6
2025.05.30	01:58:08.201		0.84271			4
2025.05.30	01:58:12.151	0.84268	0.84270			6
2025.05.30	01:58:12.592		0.84269			4
2025.05.30	01:58:14.141	0.84267				2
2025.05.30	01:58:15.386	0.84266	0.84268			6
2025.05.30	01:58:43.669	0.84265				2
2025.05.30	01:58:56.785		0.84267			4
2025.05.30	01:59:00.913	0.84265				2
2025.05.30	01:59:06.802	0.84262	0.84264			6
2025.05.30	01:59:09.955	0.84261	0.84263			6
2025.05.30	01:59:11.506	0.84262				2
2025.05.30	01:59:15.383	0.84260	0.84262			6
2025.05.30	01:59:15.727		0.84263			4
2025.05.30	01:59:16.038		0.84262			4
2025.05.30	01:59:17.233	0.84262	0.84263			6
2025.05.30	01:59:18.378	0.84261				2
2025.05.30	01:59:19.080	0.84260				2
2025.05.30	01:59:20.666	0.84262				2
2025.05.30	01:59:28.881	0.84264	0.84265			6
2025.05.30	01:59:29.796	0.84262				2
2025.05.30	01:59:30.408		0.84263			4
2025.05.30	01:59:34.326	0.84263	0.84264			6
2025.05.30	01:59:40.703	0.84261	0.84263			6
2025.05.30	01:59:42.651	0.84260				2
2025.05.30	01:59:48.063		0.84262			4
2025.05.30	01:59:51.272	0.84262	0.84263			6
2025.05.30	01:59:51.683	0.84263	0.84264			6
2025.05.30	01:59:58.694	0.84262	0.84263			6
2025.05.30	02:00:00.312	0.84263	0.84264			6
2025.05.30	02:00:06.188	0.84261	0.84263			6
2025.05.30	02:00:10.013	0.84260				2
2025.05.30	02:00:10.610		0.84262			4
2025.05.30	02:00:11.194		0.84263			4
2025.05.30	02:00:14.736		0.84262			4
2025.05.30	02:00:17.602	0.84261	0.84263			6
2025.05.30	02:00:29.475	0.84260				2
2025.05.30	02:00:35.212		0.84262			4
2025.05.30	02:00:46.588	0.84261	0.84263			6
2025.05.30	02:00:47.412		0.84262			4
2025.05.30	02:00:48.435		0.84263			4
2025.05.30	02:00:49.497		0.84262			4
2025.05.30	02:00:51.008		0.84263			4
2025.05.30	02:00:51.856		0.84262			4
2025.05.30	02:00:54.098	0.84259	0.84260			6
2025.05.30	02:00:54.463		0.84261			4
2025.05.30	02:00:55.374	0.84260				2
2025.05.30	02:00:56.484	0.84259				2
2025.05.30	02:00:59.114	0.84260				2
2025.05.30	02:01:00.062	0.84260				2
2025.05.30	02:01:00.392		0.84263			4
2025.05.30	02:01:00.699	0.84261				2
2025.05.30	02:01:01.703	0.84260				2
2025.05.30	02:01:02.028	0.84261				2
2025.05.30	02:01:05.068	0.84260	0.84261			6
2025.05.30	02:01:17.256		0.84262			4
2025.05.30	02:01:17.571		0.84261			4
2025.05.30	02:01:18.405	0.84259				2
2025.05.30	02:01:21.777	0.84260				2
2025.05.30	02:01:51.161	0.84261	0.84262			6
2025.05.30	02:01:55.099		0.84263			4
2025.05.30	02:02:00.243	0.84261				2
2025.05.30	02:02:03.260	0.84262				2
2025.05.30	02:02:04.074		0.84264			4
2025.05.30	02:02:04.381	0.84261	0.84262			6
2025.05.30	02:02:07.497		0.84263			4
2025.05.30	02:02:12.289		0.84262			4
2025.05.30	02:02:13.898	0.84264	0.84265			6
2025.05.30	02:02:18.104	0.84265	0.84266			6
2025.05.30	02:02:21.753	0.84263	0.84264			6
2025.05.30	02:02:23.420	0.84265	0.84266			6
2025.05.30	02:02:26.899	0.84264	0.84265			6
2025.05.30	02:02:56.185	0.84263				2
2025.05.30	02:02:57.404		0.84264			4
2025.05.30	02:02:58.731	0.84262				2
2025.05.30	02:03:00.558	0.84263				2
2025.05.30	02:03:01.722	0.84262	0.84263			6
2025.05.30	02:03:05.014	0.84261	0.84262			6
2025.05.30	02:03:06.068	0.84262	0.84263			6
2025.05.30	02:03:24.234	0.84261	0.84262			6
2025.05.30	02:03:25.624		0.84263			4
2025.05.30	02:03:33.474		0.84262			4
2025.05.30	02:03:38.396	0.84260				2
2025.05.30	02:03:40.399	0.84261				2
2025.05.30	02:03:45.508	0.84260				2
2025.05.30	02:03:46.306	0.84261				2
2025.05.30	02:04:00.850	0.84261				2
2025.05.30	02:04:09.507	0.84260				2
2025.05.30	02:04:10.525	0.84262	0.84263			6
2025.05.30	02:04:10.860	0.84261	0.84262			6
2025.05.30	02:04:11.171		0.84263			4
2025.05.30	02:04:17.209	0.84262	0.84265			6
2025.05.30	02:04:17.549		0.84264			4
2025.05.30	02:04:24.042	0.84261	0.84263			6
2025.05.30	02:04:27.097	0.84263	0.84264			6
2025.05.30	02:04:29.541	0.84262	0.84263			6
2025.05.30	02:04:41.904	0.84261				2
2025.05.30	02:05:00.191	0.84262				2
2025.05.30	02:05:15.280	0.84263	0.84264			6
2025.05.30	02:05:23.004	0.84262	0.84263			6
2025.05.30	02:05:41.081	0.84263	0.84264			6
2025.05.30	02:05:41.761	0.84264	0.84265			6
2025.05.30	02:05:42.178	0.84263	0.84264			6
2025.05.30	02:05:48.545	0.84264	0.84265			6
2025.05.30	02:05:48.857	0.84265	0.84266			6
2025.05.30	02:05:49.303	0.84264	0.84265			6
2025.05.30	02:06:03.582	0.84264				2
2025.05.30	02:06:10.591	0.84263	0.84264			6
2025.05.30	02:06:12.055	0.84264	0.84265			6
2025.05.30	02:06:17.550		0.84266			4
2025.05.30	02:06:20.982	0.84262	0.84265			6
2025.05.30	02:06:21.918	0.84263				2
2025.05.30	02:06:22.231	0.84264				2
2025.05.30	02:06:38.277	0.84263				2
2025.05.30	02:06:41.447	0.84262				2
2025.05.30	02:06:41.875	0.84263				2
2025.05.30	02:06:42.204	0.84265	0.84266			6
2025.05.30	02:06:43.934	0.84264	0.84265			6
2025.05.30	02:06:49.154	0.84262	0.84263			6
2025.05.30	02:06:54.673	0.84261				2
2025.05.30	02:07:00.024	0.84261				2
2025.05.30	02:07:00.339	0.84264	0.84265			6
2025.05.30	02:07:00.858	0.84262	0.84264			6
2025.05.30	02:07:01.183	0.84263				2
2025.05.30	02:07:08.176	0.84266	0.84268			6
2025.05.30	02:07:08.480	0.84265	0.84267			6
2025.05.30	02:07:08.845	0.84266	0.84268			6
2025.05.30	02:07:12.666	0.84267				2
2025.05.30	02:07:13.567	0.84268	0.84269			6
2025.05.30	02:07:13.886	0.84266	0.84268			6
2025.05.30	02:07:16.934	0.84267	0.84269			6
2025.05.30	02:07:25.316		0.84268			4
2025.05.30	02:07:26.812	0.84268	0.84269			6
2025.05.30	02:07:28.372	0.84269	0.84270			6
2025.05.30	02:07:45.504	0.84268	0.84269			6
2025.05.30	02:07:55.699	0.84269	0.84270			6
2025.05.30	02:08:00.245	0.84269				2
2025.05.30	02:08:02.373	0.84268	0.84269			6
2025.05.30	02:08:05.506	0.84266	0.84267			6
2025.05.30	02:08:24.897	0.84264	0.84266			6
2025.05.30	02:08:27.627	0.84265	0.84267			6
2025.05.30	02:08:27.957	0.84267	0.84268			6
2025.05.30	02:08:28.260	0.84266	0.84267			6
2025.05.30	02:08:40.125	0.84268	0.84269			6
2025.05.30	02:08:51.042	0.84266	0.84267			6
2025.05.30	02:09:00.279	0.84266				2
2025.05.30	02:09:42.502	0.84267	0.84268			6
2025.05.30	02:09:47.603	0.84266	0.84267			6
2025.05.30	02:10:00.749	0.84266				2
2025.05.30	02:10:19.678	0.84267	0.84268			6
2025.05.30	02:10:22.706	0.84266	0.84267			6
2025.05.30	02:10:28.347	0.84264	0.84265			6
2025.05.30	02:10:30.503	0.84261	0.84263			6
2025.05.30	02:10:41.269	0.84259	0.84262			6
2025.05.30	02:10:41.578	0.84260	0.84263			6
2025.05.30	02:10:42.176		0.84262			4
2025.05.30	02:10:50.838		0.84261			4
2025.05.30	02:10:51.380	0.84259	0.84260			6
2025.05.30	02:10:56.833	0.84261	0.84262			6
2025.05.30	02:10:57.215	0.84260	0.84261			6
2025.05.30	02:11:00.039	0.84260				2
2025.05.30	02:11:20.298	0.84261	0.84262			6
2025.05.30	02:11:24.752	0.84262	0.84263			6
2025.05.30	02:11:34.313	0.84264	0.84265			6
2025.05.30	02:11:34.627		0.84266			4
2025.05.30	02:11:35.880		0.84265			4
2025.05.30	02:11:39.397	0.84263	0.84264			6
2025.05.30	02:11:39.699	0.84261	0.84263			6
2025.05.30	02:11:40.941	0.84262				2
2025.05.30	02:11:41.929	0.84263	0.84264			6
2025.05.30	02:11:42.358	0.84262	0.84263			6
2025.05.30	02:11:52.997	0.84261				2
2025.05.30	02:11:53.646	0.84262				2
2025.05.30	02:12:01.111	0.84262				2
2025.05.30	02:12:14.662	0.84261				2
2025.05.30	02:12:26.552	0.84262	0.84264			6
2025.05.30	02:12:28.370		0.84263			4
2025.05.30	02:12:30.766	0.84261				2
2025.05.30	02:12:31.569	0.84262				2
2025.05.30	02:12:32.998	0.84261				2
2025.05.30	02:12:35.141		0.84262			4
2025.05.30	02:12:38.989	0.84262	0.84263			6
2025.05.30	02:12:39.299	0.84264	0.84265			6
2025.05.30	02:12:42.479	0.84262	0.84263			6
2025.05.30	02:12:46.557	0.84261	0.84262			6
2025.05.30	02:12:46.949	0.84258	0.84261			6
2025.05.30	02:12:49.601		0.84260			4
2025.05.30	02:12:52.558	0.84259				2
2025.05.30	02:12:59.802	0.84260	0.84261			6
2025.05.30	02:13:00.119	0.84259	0.84260			6
2025.05.30	02:13:05.212	0.84260	0.84262			6
2025.05.30	02:13:05.577	0.84261				2
2025.05.30	02:13:06.794	0.84260				2
2025.05.30	02:13:11.789	0.84262	0.84263			6
2025.05.30	02:13:44.841	0.84261	0.84262			6
2025.05.30	02:13:45.233	0.84260				2
2025.05.30	02:13:46.135	0.84259				2
2025.05.30	02:13:47.516	0.84260				2
2025.05.30	02:13:48.407	0.84259				2
2025.05.30	02:13:49.237	0.84260				2
2025.05.30	02:13:49.692	0.84259				2
2025.05.30	02:13:50.485	0.84260				2
2025.05.30	02:13:54.765		0.84261			4
2025.05.30	02:13:55.078	0.84259				2
2025.05.30	02:13:55.810		0.84262			4
2025.05.30	02:14:00.022	0.84259				2
2025.05.30	02:14:15.916	0.84260				2
2025.05.30	02:14:17.472		0.84261			4
2025.05.30	02:14:17.822		0.84262			4
2025.05.30	02:14:19.816		0.84261			4
2025.05.30	02:14:29.408	0.84261	0.84262			6
2025.05.30	02:14:36.672	0.84260	0.84261			6
2025.05.30	02:14:53.278	0.84261	0.84262			6
2025.05.30	02:15:00.268	0.84265	0.84266			6
2025.05.30	02:15:00.579	0.84266	0.84267			6
2025.05.30	02:15:01.618	0.84267	0.84268			6
2025.05.30	02:15:01.937	0.84266	0.84267			6
2025.05.30	02:15:04.304	0.84267	0.84268			6
2025.05.30	02:15:07.424	0.84266	0.84267			6
2025.05.30	02:15:09.507	0.84265	0.84266			6
2025.05.30	02:15:12.103	0.84266	0.84267			6
2025.05.30	02:15:15.344	0.84265	0.84266			6
2025.05.30	02:15:15.666	0.84266	0.84267			6
2025.05.30	02:15:19.611	0.84265	0.84266			6
2025.05.30	02:15:20.237	0.84266	0.84267			6
2025.05.30	02:15:22.001	0.84265	0.84266			6
2025.05.30	02:15:23.610	0.84266	0.84267			6
2025.05.30	02:15:36.724	0.84267	0.84268			6
2025.05.30	02:15:45.510	0.84268	0.84269			6
2025.05.30	02:15:56.156	0.84263	0.84264			6
2025.05.30	02:15:56.866	0.84262	0.84263			6
2025.05.30	02:15:57.201	0.84263	0.84264			6
2025.05.30	02:16:00.685	0.84263				2
2025.05.30	02:16:02.410	0.84261	0.84262			6
2025.05.30	02:16:26.882	0.84262	0.84263			6
2025.05.30	02:16:27.446	0.84263	0.84264			6
2025.05.30	02:16:28.851	0.84262	0.84263			6
2025.05.30	02:16:31.841	0.84263	0.84264			6
2025.05.30	02:16:37.352	0.84262	0.84263			6
2025.05.30	02:16:41.528	0.84263	0.84264			6
2025.05.30	02:16:50.526	0.84262	0.84263			6
2025.05.30	02:16:51.077	0.84263	0.84264			6
2025.05.30	02:17:02.515	0.84263				2
2025.05.30	02:17:22.974	0.84264	0.84265			6
2025.05.30	02:17:23.471		0.84266			4
2025.05.30	02:17:34.514		0.84265			4
2025.05.30	02:17:35.229	0.84263				2
2025.05.30	02:17:42.299	0.84264				2
2025.05.30	02:17:43.742		0.84266			4
2025.05.30	02:18:01.226	0.84264				2
2025.05.30	02:18:04.016		0.84265			4
2025.05.30	02:18:14.129	0.84263	0.84264			6
2025.05.30	02:18:22.042	0.84262				2
2025.05.30	02:18:22.344	0.84263				2
2025.05.30	02:18:26.093	0.84262				2
2025.05.30	02:18:33.674	0.84261				2
2025.05.30	02:18:37.059	0.84262	0.84263			6
2025.05.30	02:18:38.801	0.84261				2
2025.05.30	02:18:41.924	0.84262				2
2025.05.30	02:18:42.291	0.84261				2
2025.05.30	02:18:43.067	0.84262				2
2025.05.30	02:18:55.191	0.84263	0.84264			6
2025.05.30	02:18:59.991	0.84264	0.84265			6
2025.05.30	02:19:00.527	0.84264				2
2025.05.30	02:19:06.331	0.84263	0.84264			6
2025.05.30	02:19:25.839	0.84261	0.84262			6
2025.05.30	02:19:46.891		0.84263			4
2025.05.30	02:20:00.228	0.84261				2
2025.05.30	02:20:00.609	0.84262				2
2025.05.30	02:20:01.650	0.84261	0.84262			6
2025.05.30	02:20:02.127	0.84263	0.84264			6
2025.05.30	02:20:06.647	0.84262	0.84263			6
2025.05.30	02:20:06.963	0.84263	0.84264			6
2025.05.30	02:20:37.930		0.84265			4
2025.05.30	02:20:38.303		0.84264			4
2025.05.30	02:20:53.930	0.84261	0.84262			6
2025.05.30	02:20:54.924	0.84262	0.84263			6
2025.05.30	02:20:57.568	0.84261	0.84262			6
2025.05.30	02:21:00.354	0.84261				2
2025.05.30	02:21:20.104	0.84260				2
2025.05.30	02:21:21.239	0.84259	0.84261			6
2025.05.30	02:21:21.542	0.84262	0.84263			6
2025.05.30	02:21:21.874	0.84261	0.84262			6
2025.05.30	02:21:25.286		0.84263			4
2025.05.30	02:21:37.948		0.84262			4
2025.05.30	02:21:57.075	0.84260				2
2025.05.30	02:22:00.610	0.84260				2
2025.05.30	02:22:01.005	0.84261				2
2025.05.30	02:22:02.347		0.84264			4
2025.05.30	02:22:02.700		0.84263			4
2025.05.30	02:22:05.290		0.84262			4
2025.05.30	02:22:05.697		0.84263			4
2025.05.30	02:22:07.053	0.84260				2
2025.05.30	02:22:08.226	0.84261				2
2025.05.30	02:22:08.927		0.84262			4
2025.05.30	02:22:09.905	0.84260	0.84263			6
2025.05.30	02:22:10.220	0.84262				2
2025.05.30	02:22:15.903		0.84264			4
2025.05.30	02:22:16.792		0.84265			4
2025.05.30	02:22:17.331		0.84264			4
2025.05.30	02:22:20.402		0.84263			4
2025.05.30	02:22:21.786	0.84261				2
2025.05.30	02:22:26.907	0.84262				2
2025.05.30	02:22:29.204	0.84261				2
2025.05.30	02:22:31.249		0.84262			4
2025.05.30	02:22:33.335	0.84262	0.84263			6
2025.05.30	02:22:33.927	0.84261	0.84262			6
2025.05.30	02:22:49.235	0.84262	0.84263			6
2025.05.30	02:23:00.980	0.84262				2
2025.05.30	02:23:41.500	0.84259	0.84261			6
2025.05.30	02:23:44.661	0.84260				2
2025.05.30	02:24:00.169	0.84260				2
2025.05.30	02:24:02.370	0.84261	0.84262			6
2025.05.30	02:24:02.684	0.84262	0.84263			6
2025.05.30	02:24:06.476	0.84263	0.84264			6
2025.05.30	02:24:08.369	0.84262	0.84263			6
2025.05.30	02:24:09.932	0.84261	0.84262			6
2025.05.30	02:24:11.006	0.84262	0.84263			6
2025.05.30	02:24:14.035	0.84263	0.84264			6
2025.05.30	02:24:29.986	0.84262	0.84263			6
2025.05.30	02:25:00.533	0.84262				2
2025.05.30	02:25:17.475	0.84263	0.84264			6
2025.05.30	02:25:24.696		0.84265			4
2025.05.30	02:25:39.054		0.84264			4
2025.05.30	02:25:44.607		0.84265			4
2025.05.30	02:25:50.281	0.84265	0.84267			6
2025.05.30	02:26:00.162	0.84265				2
2025.05.30	02:26:02.457		0.84268			4
2025.05.30	02:26:02.871	0.84266				2
2025.05.30	02:26:05.441	0.84268	0.84269			6
2025.05.30	02:26:05.742		0.84271			4
2025.05.30	02:26:17.674	0.84269	0.84270			6
2025.05.30	02:26:18.247		0.84271			4
2025.05.30	02:26:18.717	0.84270				2
2025.05.30	02:26:22.267	0.84267	0.84268			6
2025.05.30	02:26:24.652	0.84268	0.84269			6
2025.05.30	02:26:35.167	0.84267	0.84268			6
2025.05.30	02:26:58.103	0.84268	0.84269			6
2025.05.30	02:26:58.406		0.84270			4
2025.05.30	02:27:00.360	0.84268				2
2025.05.30	02:27:01.519	0.84266	0.84267			6
2025.05.30	02:27:01.883	0.84265				2
2025.05.30	02:27:03.417	0.84266	0.84268			6
2025.05.30	02:27:03.764	0.84265	0.84267			6
2025.05.30	02:27:20.829	0.84266	0.84268			6
2025.05.30	02:27:21.174	0.84267	0.84269			6
2025.05.30	02:27:36.953	0.84266	0.84268			6
2025.05.30	02:27:37.704	0.84267				2
2025.05.30	02:27:42.136	0.84265	0.84267			6
2025.05.30	02:27:51.231	0.84266				2
2025.05.30	02:28:06.174	0.84266				2
2025.05.30	02:28:08.477	0.84265				2
2025.05.30	02:28:34.532	0.84266	0.84268			6
2025.05.30	02:28:35.085	0.84267	0.84269			6
2025.05.30	02:28:37.226	0.84265	0.84267			6
2025.05.30	02:28:37.538	0.84266	0.84268			6
2025.05.30	02:28:50.411	0.84265	0.84267			6
2025.05.30	02:28:59.071	0.84268	0.84269			6
2025.05.30	02:29:00.352	0.84268				2
2025.05.30	02:29:05.452	0.84267	0.84268			6
2025.05.30	02:29:10.480	0.84268	0.84269			6
2025.05.30	02:29:15.999	0.84267	0.84268			6
2025.05.30	02:29:39.224		0.84269			4
2025.05.30	02:29:53.651	0.84268				2
2025.05.30	02:30:00.283	0.84267	0.84271			6
2025.05.30	02:30:02.263		0.84268			4
2025.05.30	02:30:03.135	0.84269	0.84272			6
2025.05.30	02:30:05.034		0.84271			4
2025.05.30	02:30:06.028	0.84270				2
2025.05.30	02:30:11.264	0.84269	0.84272			6
2025.05.30	02:30:11.580	0.84270	0.84271			6
2025.05.30	02:30:14.099	0.84271	0.84273			6
2025.05.30	02:30:14.408	0.84273	0.84275			6
2025.05.30	02:30:17.047	0.84270	0.84273			6
2025.05.30	02:30:17.363	0.84268	0.84270			6
2025.05.30	02:30:17.997		0.84269			4
2025.05.30	02:30:27.424	0.84269	0.84270			6
2025.05.30	02:30:32.851	0.84267	0.84268			6
2025.05.30	02:30:34.353	0.84266				2
2025.05.30	02:30:40.352	0.84268	0.84269			6
2025.05.30	02:30:40.765	0.84269	0.84270			6
2025.05.30	02:30:47.499	0.84268				2
2025.05.30	02:30:59.534	0.84269				2
2025.05.30	02:31:00.720	0.84269				2
2025.05.30	02:31:01.761	0.84268	0.84269			6
2025.05.30	02:31:15.679	0.84269	0.84270			6
2025.05.30	02:31:25.634	0.84268	0.84269			6
2025.05.30	02:31:31.667	0.84269	0.84270			6
2025.05.30	02:31:38.054	0.84268	0.84269			6
2025.05.30	02:31:40.286	0.84267	0.84268			6
2025.05.30	02:31:41.375	0.84266	0.84267			6
2025.05.30	02:31:43.318	0.84267	0.84268			6
2025.05.30	02:31:43.695	0.84266	0.84267			6
2025.05.30	02:32:00.425	0.84266				2
2025.05.30	02:32:14.973	0.84263	0.84264			6
2025.05.30	02:32:20.963	0.84262				2
2025.05.30	02:32:22.004	0.84263				2
2025.05.30	02:32:22.702		0.84265			4
2025.05.30	02:32:24.488	0.84264	0.84267			6
2025.05.30	02:32:25.352		0.84266			4
2025.05.30	02:32:25.683	0.84263				2
2025.05.30	02:32:26.909	0.84264				2
2025.05.30	02:32:33.863	0.84263	0.84265			6
2025.05.30	02:32:34.606		0.84264			4
2025.05.30	02:32:39.457	0.84262				2
2025.05.30	02:32:42.538		0.84263			4
2025.05.30	02:32:48.739	0.84261				2
2025.05.30	02:32:56.188	0.84262				2
2025.05.30	02:33:02.109	0.84262				2
2025.05.30	02:33:02.667		0.84264			4
2025.05.30	02:33:04.392		0.84265			4
2025.05.30	02:33:07.451	0.84265	0.84267			6
2025.05.30	02:33:11.547	0.84266	0.84269			6
2025.05.30	02:33:12.215	0.84268				2
2025.05.30	02:33:14.137	0.84267	0.84270			6
2025.05.30	02:33:14.455	0.84268				2
2025.05.30	02:33:17.904	0.84270	0.84273			6
2025.05.30	02:33:18.988		0.84272			4
2025.05.30	02:33:19.304	0.84272	0.84275			6
2025.05.30	02:33:19.847		0.84274			4
2025.05.30	02:33:20.372		0.84275			4
2025.05.30	02:33:20.679	0.84273				2
2025.05.30	02:33:22.398	0.84272	0.84274			6
2025.05.30	02:33:27.767	0.84273	0.84276			6
2025.05.30	02:33:28.343	0.84274				2
2025.05.30	02:33:30.272	0.84275	0.84277			6
2025.05.30	02:33:33.217	0.84273	0.84275			6
2025.05.30	02:33:34.238	0.84275	0.84277			6
2025.05.30	02:33:34.628	0.84274				2
2025.05.30	02:33:36.867	0.84275				2
2025.05.30	02:33:38.020	0.84276	0.84278			6
2025.05.30	02:33:38.330	0.84277	0.84280			6
2025.05.30	02:33:39.573	0.84278				2
2025.05.30	02:33:40.965	0.84277	0.84279			6
2025.05.30	02:33:42.452	0.84276	0.84278			6
2025.05.30	02:33:42.758	0.84275	0.84277			6
2025.05.30	02:33:45.773	0.84274				2
2025.05.30	02:33:46.958	0.84275				2
2025.05.30	02:33:54.148	0.84274	0.84276			6
2025.05.30	02:34:01.300	0.84274				2
2025.05.30	02:34:10.343	0.84273				2
2025.05.30	02:34:11.368	0.84272	0.84274			6
2025.05.30	02:34:11.729	0.84271				2
2025.05.30	02:34:21.382		0.84273			4
2025.05.30	02:34:29.488	0.84269	0.84272			6
2025.05.30	02:34:30.660		0.84271			4
2025.05.30	02:34:52.306	0.84270				2
2025.05.30	02:35:00.570	0.84270				2
2025.05.30	02:35:02.028	0.84269				2
2025.05.30	02:35:04.380		0.84270			4
2025.05.30	02:35:05.111	0.84268				2
2025.05.30	02:35:12.455	0.84267				2
2025.05.30	02:35:12.922		0.84269			4
2025.05.30	02:35:13.577	0.84268				2
2025.05.30	02:35:13.888	0.84267				2
2025.05.30	02:35:34.611	0.84269	0.84271			6
2025.05.30	02:35:36.383	0.84268				2
2025.05.30	02:35:37.545		0.84270			4
2025.05.30	02:35:46.187	0.84269				2
2025.05.30	02:35:53.464	0.84268	0.84271			6
2025.05.30	02:35:54.957	0.84271	0.84273			6
2025.05.30	02:36:00.484	0.84271				2
2025.05.30	02:36:04.819	0.84270	0.84272			6
2025.05.30	02:36:05.125	0.84269				2
2025.05.30	02:36:12.283	0.84272	0.84275			6
2025.05.30	02:36:14.653	0.84271	0.84273			6
2025.05.30	02:36:18.503	0.84270				2
2025.05.30	02:36:29.493	0.84272	0.84274			6
2025.05.30	02:36:35.523	0.84274	0.84275			6
2025.05.30	02:36:35.839	0.84273				2
2025.05.30	02:36:41.237		0.84274			4
2025.05.30	02:37:00.016	0.84270	0.84272			6
2025.05.30	02:37:03.505		0.84273			4
2025.05.30	02:37:06.284	0.84271				2
2025.05.30	02:37:07.679	0.84270				2
2025.05.30	02:37:08.521	0.84271				2
2025.05.30	02:37:11.014	0.84270				2
2025.05.30	02:37:12.403	0.84272				2
2025.05.30	02:37:12.782		0.84274			4
2025.05.30	02:37:13.781	0.84276	0.84278			6
2025.05.30	02:37:15.109	0.84277				2
2025.05.30	02:37:19.354	0.84278	0.84279			6
2025.05.30	02:37:20.866	0.84279	0.84280			6
2025.05.30	02:37:23.708	0.84278	0.84279			6
2025.05.30	02:37:27.672	0.84280	0.84281			6
2025.05.30	02:37:28.404	0.84281	0.84282			6
2025.05.30	02:37:28.725	0.84282	0.84283			6
2025.05.30	02:37:31.496	0.84281	0.84282			6
2025.05.30	02:37:39.057	0.84280	0.84281			6
2025.05.30	02:37:41.530	0.84276	0.84278			6
2025.05.30	02:37:44.068	0.84277	0.84279			6
2025.05.30	02:37:45.212		0.84278			4
2025.05.30	02:37:45.956		0.84279			4
2025.05.30	02:37:51.507	0.84276	0.84278			6
2025.05.30	02:37:51.823		0.84279			4
2025.05.30	02:37:52.184	0.84277	0.84278			6
2025.05.30	02:37:55.611		0.84279			4
2025.05.30	02:37:56.353		0.84278			4
2025.05.30	02:38:00.871	0.84277				2
2025.05.30	02:38:01.495	0.84275	0.84277			6
2025.05.30	02:38:04.626		0.84276			4
2025.05.30	02:38:05.057	0.84273				2
2025.05.30	02:38:05.616		0.84275			4
2025.05.30	02:38:05.925	0.84272	0.84274			6
2025.05.30	02:38:06.336		0.84273			4
2025.05.30	02:38:08.390	0.84273	0.84275			6
2025.05.30	02:38:10.291	0.84272				2
2025.05.30	02:38:16.664	0.84271	0.84273			6
2025.05.30	02:38:24.699	0.84272	0.84274			6
2025.05.30	02:38:31.419	0.84271				2
2025.05.30	02:38:34.348		0.84273			4
2025.05.30	02:39:00.778	0.84271				2
2025.05.30	02:39:38.187		0.84273			4
2025.05.30	02:39:38.682	0.84273	0.84275			6
2025.05.30	02:39:43.523	0.84275	0.84276			6
2025.05.30	02:39:48.487	0.84276	0.84277			6
2025.05.30	02:39:51.381	0.84275				2
2025.05.30	02:39:55.154	0.84276	0.84278			6
2025.05.30	02:39:56.041		0.84277			4
2025.05.30	02:39:58.980	0.84275	0.84278			6
2025.05.30	02:39:59.283		0.84277			4
2025.05.30	02:39:59.594	0.84274	0.84276			6
2025.05.30	02:40:00.387	0.84274				2
2025.05.30	02:40:08.588	0.84275				2
2025.05.30	02:40:16.045		0.84277			4
2025.05.30	02:40:18.490	0.84273	0.84276			6
2025.05.30	02:40:18.841	0.84276	0.84277			6
2025.05.30	02:40:22.246	0.84275				2
2025.05.30	02:40:24.596	0.84277	0.84278			6
2025.05.30	02:40:25.431	0.84278	0.84279			6
2025.05.30	02:40:42.389	0.84276	0.84278			6
2025.05.30	02:40:51.706		0.84277			4
2025.05.30	02:40:54.284	0.84277	0.84278			6
2025.05.30	02:40:55.504	0.84276	0.84277			6
2025.05.30	02:41:00.663	0.84276	0.84278			6
2025.05.30	02:41:01.493	0.84277				2
2025.05.30	02:41:02.334	0.84276	0.84277			6
2025.05.30	02:41:03.873	0.84277	0.84278			6
2025.05.30	02:41:06.948	0.84276	0.84277			6
2025.05.30	02:41:13.601	0.84277	0.84278			6
2025.05.30	02:41:35.359	0.84279	0.84280			6
2025.05.30	02:41:37.420	0.84280	0.84281			6
2025.05.30	02:41:54.428	0.84281	0.84282			6
2025.05.30	02:42:01.320	0.84281				2
2025.05.30	02:42:01.944	0.84282	0.84283			6
2025.05.30	02:42:02.926	0.84281	0.84282			6
2025.05.30	02:42:03.236	0.84280	0.84281			6
2025.05.30	02:42:05.998	0.84279	0.84280			6
2025.05.30	02:42:10.656	0.84283	0.84284			6
2025.05.30	02:42:10.969	0.84284	0.84285			6
2025.05.30	02:42:14.012	0.84283	0.84284			6
2025.05.30	02:42:16.320		0.84285			4
