<DATE>	<TIME>	<BID>	<ASK>	<LAST>	<VOLUME>	<FLAGS>
2025.10.28	00:03:31.267	0.87285	0.87357			6
2025.10.28	00:04:03.541	0.87285				2
2025.10.28	00:04:10.060		0.87355			4
2025.10.28	00:05:00.386	0.87279	0.87350			6
2025.10.28	00:05:15.611	0.87280				2
2025.10.28	00:05:16.128	0.87279				2
2025.10.28	00:05:25.794	0.87280				2
2025.10.28	00:05:30.460	0.87279				2
2025.10.28	00:05:55.141	0.87280				2
2025.10.28	00:06:00.401	0.87280	0.87350			6
2025.10.28	00:06:04.446	0.87279				2
2025.10.28	00:06:12.885	0.87280				2
2025.10.28	00:06:23.241	0.87279				2
2025.10.28	00:06:32.820	0.87280				2
2025.10.28	00:06:37.796	0.87279				2
2025.10.28	00:06:58.244	0.87280				2
2025.10.28	00:06:59.648	0.87281	0.87362			6
2025.10.28	00:07:00.351	0.87281				2
2025.10.28	00:08:09.648	0.87281	0.87362			6
2025.10.28	00:08:13.871	0.87287	0.87368			6
2025.10.28	00:08:23.874	0.87281	0.87362			6
2025.10.28	00:09:10.536	0.87281				2
2025.10.28	00:09:32.092		0.87362			4
2025.10.28	00:10:00.377	0.87295	0.87349			6
2025.10.28	00:10:00.717	0.87293	0.87348			6
2025.10.28	00:10:02.769		0.87349			4
2025.10.28	00:10:12.008		0.87350			4
2025.10.28	00:11:00.161	0.87293				2
2025.10.28	00:11:04.979	0.87288	0.87354			6
2025.10.28	00:11:06.789	0.87293	0.87348			6
2025.10.28	00:11:09.761		0.87350			4
2025.10.28	00:11:10.749		0.87349			4
2025.10.28	00:11:17.730	0.87292				2
2025.10.28	00:11:20.522	0.87293	0.87348			6
2025.10.28	00:11:23.229		0.87349			4
2025.10.28	00:11:23.540		0.87350			4
2025.10.28	00:11:24.506		0.87349			4
2025.10.28	00:11:29.937	0.87295	0.87347			6
2025.10.28	00:11:30.504	0.87293	0.87350			6
2025.10.28	00:11:31.477	0.87295	0.87347			6
2025.10.28	00:11:34.319	0.87294				2
2025.10.28	00:11:37.508	0.87293	0.87350			6
2025.10.28	00:11:38.454	0.87294	0.87347			6
2025.10.28	00:11:40.685		0.87348			4
2025.10.28	00:11:51.027		0.87347			4
2025.10.28	00:11:56.124	0.87292	0.87348			6
2025.10.28	00:12:00.359	0.87292				2
2025.10.28	00:12:07.169	0.87293				2
2025.10.28	00:12:08.441	0.87292				2
2025.10.28	00:12:12.802	0.87291	0.87349			6
2025.10.28	00:12:16.868		0.87350			4
2025.10.28	00:12:24.849	0.87292	0.87349			6
2025.10.28	00:12:25.856	0.87291	0.87350			6
2025.10.28	00:12:26.212	0.87293	0.87348			6
2025.10.28	00:12:28.413	0.87294	0.87347			6
2025.10.28	00:12:34.106	0.87291	0.87350			6
2025.10.28	00:12:37.057	0.87294	0.87347			6
2025.10.28	00:12:41.060	0.87293	0.87348			6
2025.10.28	00:12:54.248		0.87347			4
2025.10.28	00:12:56.169	0.87294				2
2025.10.28	00:12:57.743	0.87291	0.87350			6
2025.10.28	00:13:01.569	0.87291				2
2025.10.28	00:13:28.570	0.87290				2
2025.10.28	00:13:31.268		0.87351			4
2025.10.28	00:14:00.536	0.87290				2
2025.10.28	00:14:03.636	0.87289				2
2025.10.28	00:14:04.568	0.87290				2
2025.10.28	00:14:31.569		0.87351			4
2025.10.28	00:15:00.304	0.87290				2
2025.10.28	00:15:09.252	0.87289				2
2025.10.28	00:15:10.471	0.87290				2
2025.10.28	00:15:31.688		0.87351			4
2025.10.28	00:16:00.460	0.87289				2
2025.10.28	00:16:01.568	0.87290				2
2025.10.28	00:16:07.119		0.87350			4
2025.10.28	00:16:26.129		0.87351			4
2025.10.28	00:16:41.625	0.87289				2
2025.10.28	00:17:02.769	0.87289				2
2025.10.28	00:17:08.126	0.87290				2
2025.10.28	00:17:08.441	0.87289	0.87352			6
2025.10.28	00:17:10.869	0.87290	0.87351			6
2025.10.28	00:17:44.469	0.87289				2
2025.10.28	00:18:02.628	0.87289				2
2025.10.28	00:18:05.125	0.87292	0.87349			6
2025.10.28	00:18:05.769		0.87350			4
2025.10.28	00:18:11.085	0.87293	0.87349			6
2025.10.28	00:18:14.328	0.87292	0.87350			6
2025.10.28	00:18:20.713	0.87294	0.87348			6
2025.10.28	00:18:21.665	0.87293	0.87349			6
2025.10.28	00:18:27.762		0.87348			4
2025.10.28	00:18:31.568	0.87294				2
2025.10.28	00:18:45.388	0.87292	0.87349			6
2025.10.28	00:18:48.968	0.87293				2
2025.10.28	00:19:00.485	0.87292	0.87350			6
2025.10.28	00:19:00.988	0.87293	0.87349			6
2025.10.28	00:19:23.482		0.87347			4
2025.10.28	00:20:03.967	0.87293				2
2025.10.28	00:20:13.532		0.87346			4
2025.10.28	00:20:14.433		0.87347			4
2025.10.28	00:20:45.293		0.87348			4
2025.10.28	00:20:46.869		0.87347			4
2025.10.28	00:21:00.970	0.87293				2
2025.10.28	00:21:09.969	0.87294				2
2025.10.28	00:21:25.394		0.87349			4
2025.10.28	00:21:31.924	0.87293				2
2025.10.28	00:21:32.342	0.87294				2
2025.10.28	00:21:38.262		0.87346			4
2025.10.28	00:21:58.096	0.87285	0.87347			6
2025.10.28	00:21:58.510	0.87286				2
2025.10.28	00:22:00.435	0.87286				2
2025.10.28	00:22:05.553		0.87348			4
2025.10.28	00:22:07.252	0.87287				2
2025.10.28	00:22:27.420	0.87286				2
2025.10.28	00:22:35.687		0.87347			4
2025.10.28	00:22:37.360		0.87348			4
2025.10.28	00:22:39.067		0.87347			4
2025.10.28	00:22:49.270		0.87346			4
2025.10.28	00:23:02.168	0.87286				2
2025.10.28	00:23:14.169		0.87347			4
2025.10.28	00:23:32.468	0.87285				2
2025.10.28	00:23:37.391		0.87345			4
2025.10.28	00:24:00.534	0.87285				2
2025.10.28	00:24:07.424		0.87347			4
2025.10.28	00:24:17.544		0.87349			4
2025.10.28	00:25:00.373	0.87285				2
2025.10.28	00:25:11.169		0.87350			4
2025.10.28	00:25:16.869	0.87284				2
2025.10.28	00:25:19.868	0.87285				2
2025.10.28	00:25:30.067	0.87284				2
2025.10.28	00:25:32.324		0.87354			4
2025.10.28	00:25:40.334		0.87350			4
2025.10.28	00:25:47.377	0.87283	0.87349			6
2025.10.28	00:25:57.368	0.87284	0.87348			6
2025.10.28	00:25:59.168	0.87283	0.87349			6
2025.10.28	00:26:00.107	0.87283				2
2025.10.28	00:26:47.379	0.87284	0.87350			6
2025.10.28	00:26:50.229		0.87351			4
2025.10.28	00:26:53.278		0.87350			4
2025.10.28	00:26:59.467	0.87283	0.87351			6
2025.10.28	00:27:02.043	0.87284				2
2025.10.28	00:27:05.390	0.87283				2
2025.10.28	00:27:07.867	0.87284	0.87350			6
2025.10.28	00:27:10.567	0.87283	0.87351			6
2025.10.28	00:27:13.268	0.87284	0.87350			6
2025.10.28	00:27:25.569		0.87351			4
2025.10.28	00:27:27.669	0.87283				2
2025.10.28	00:28:00.368	0.87283				2
2025.10.28	00:28:38.167		0.87351			4
2025.10.28	00:29:03.367	0.87283				2
2025.10.28	00:29:31.269	0.87284	0.87350			6
2025.10.28	00:29:34.269		0.87351			4
2025.10.28	00:29:37.491	0.87283				2
2025.10.28	00:29:40.527	0.87284				2
2025.10.28	00:29:43.268	0.87283				2
2025.10.28	00:29:54.367	0.87284	0.87350			6
2025.10.28	00:30:00.378	0.87284				2
2025.10.28	00:30:04.868	0.87283	0.87351			6
2025.10.28	00:30:06.966	0.87284	0.87350			6
2025.10.28	00:30:13.110	0.87285				2
2025.10.28	00:30:23.168	0.87284				2
2025.10.28	00:30:26.938	0.87283				2
2025.10.28	00:30:28.144	0.87285	0.87349			6
2025.10.28	00:30:29.453		0.87348			4
2025.10.28	00:30:43.568	0.87286				2
2025.10.28	00:30:45.407	0.87285	0.87349			6
2025.10.28	00:30:45.819	0.87284				2
2025.10.28	00:30:48.968		0.87350			4
2025.10.28	00:30:51.967		0.87349			4
2025.10.28	00:30:53.120		0.87350			4
2025.10.28	00:30:54.068	0.87285	0.87349			6
2025.10.28	00:30:57.969	0.87284				2
2025.10.28	00:31:01.868	0.87285				2
2025.10.28	00:31:12.448	0.87284				2
2025.10.28	00:31:18.255		0.87347			4
2025.10.28	00:31:39.668	0.87285				2
2025.10.28	00:31:49.118	0.87286	0.87346			6
2025.10.28	00:32:00.099	0.87286	0.87348			6
2025.10.28	00:32:04.934		0.87346			4
2025.10.28	00:32:11.787		0.87348			4
2025.10.28	00:32:25.418	0.87287	0.87347			6
2025.10.28	00:32:56.813		0.87345			4
2025.10.28	00:33:00.667	0.87287				2
2025.10.28	00:33:03.778	0.87286				2
2025.10.28	00:33:05.468		0.87346			4
2025.10.28	00:33:34.006	0.87287	0.87345			6
2025.10.28	00:34:00.432	0.87287				2
2025.10.28	00:34:05.841	0.87286	0.87346			6
2025.10.28	00:34:09.070		0.87345			4
2025.10.28	00:34:15.835	0.87288	0.87344			6
2025.10.28	00:34:19.269		0.87343			4
2025.10.28	00:34:21.216	0.87285	0.87349			6
2025.10.28	00:34:22.344	0.87286	0.87348			6
2025.10.28	00:34:25.132	0.87287	0.87347			6
2025.10.28	00:34:29.365	0.87288	0.87346			6
2025.10.28	00:34:34.303	0.87287	0.87347			6
2025.10.28	00:34:34.836	0.87286	0.87348			6
2025.10.28	00:34:40.746	0.87287	0.87347			6
2025.10.28	00:34:42.968	0.87288	0.87346			6
2025.10.28	00:34:57.867	0.87289	0.87345			6
2025.10.28	00:35:03.784	0.87289	0.87344			6
2025.10.28	00:35:07.867	0.87290				2
2025.10.28	00:35:10.449	0.87289				2
2025.10.28	00:35:36.133	0.87288	0.87346			6
2025.10.28	00:35:38.481		0.87345			4
2025.10.28	00:35:46.377	0.87289	0.87344			6
2025.10.28	00:35:50.411		0.87343			4
2025.10.28	00:35:55.393	0.87288	0.87345			6
2025.10.28	00:36:00.029	0.87288	0.87346			6
2025.10.28	00:36:05.279		0.87344			4
2025.10.28	00:36:09.417	0.87289	0.87342			6
2025.10.28	00:36:10.472	0.87288	0.87343			6
2025.10.28	00:36:15.242	0.87289	0.87342			6
2025.10.28	00:36:15.601	0.87285				2
2025.10.28	00:36:16.705	0.87287	0.87340			6
2025.10.28	00:36:18.032	0.87286	0.87341			6
2025.10.28	00:36:18.342		0.87342			4
2025.10.28	00:36:18.872	0.87288	0.87340			6
2025.10.28	00:36:29.587	0.87287	0.87341			6
2025.10.28	00:36:32.767		0.87340			4
2025.10.28	00:36:40.413	0.87288				2
2025.10.28	00:36:48.079	0.87287	0.87341			6
2025.10.28	00:36:49.003	0.87288	0.87340			6
2025.10.28	00:36:49.346	0.87287	0.87341			6
2025.10.28	00:36:52.214	0.87288	0.87340			6
2025.10.28	00:36:52.696		0.87341			4
2025.10.28	00:37:02.095	0.87288				2
2025.10.28	00:37:03.864		0.87340			4
2025.10.28	00:37:51.443	0.87287	0.87341			6
2025.10.28	00:37:51.975	0.87288	0.87340			6
2025.10.28	00:37:54.535	0.87287	0.87342			6
2025.10.28	00:37:54.882		0.87341			4
2025.10.28	00:37:58.307	0.87286	0.87340			6
2025.10.28	00:37:58.625	0.87287	0.87339			6
2025.10.28	00:38:00.537	0.87287				2
2025.10.28	00:38:01.366	0.87286	0.87340			6
2025.10.28	00:38:02.074	0.87287	0.87339			6
2025.10.28	00:38:02.440	0.87286	0.87340			6
2025.10.28	00:38:03.072	0.87288				2
2025.10.28	00:38:23.333	0.87287	0.87339			6
2025.10.28	00:38:23.636		0.87341			4
2025.10.28	00:38:24.330	0.87288	0.87340			6
2025.10.28	00:38:24.634	0.87289	0.87339			6
2025.10.28	00:38:24.954	0.87287	0.87341			6
2025.10.28	00:38:30.388	0.87288				2
2025.10.28	00:38:31.013	0.87287				2
2025.10.28	00:38:41.019	0.87285				2
2025.10.28	00:38:41.462	0.87289	0.87339			6
2025.10.28	00:38:41.806	0.87288	0.87340			6
2025.10.28	00:38:42.971	0.87287	0.87341			6
2025.10.28	00:38:43.497	0.87288	0.87340			6
2025.10.28	00:38:44.452	0.87290	0.87345			6
2025.10.28	00:38:44.864	0.87288	0.87340			6
2025.10.28	00:38:45.594	0.87287	0.87339			6
2025.10.28	00:38:45.896	0.87289				2
2025.10.28	00:38:48.134	0.87288	0.87340			6
2025.10.28	00:38:49.787	0.87287	0.87341			6
2025.10.28	00:38:50.607	0.87288	0.87340			6
2025.10.28	00:38:56.729	0.87287				2
2025.10.28	00:38:57.040		0.87341			4
2025.10.28	00:39:00.507	0.87287				2
2025.10.28	00:39:01.756	0.87288	0.87340			6
2025.10.28	00:39:02.726	0.87289				2
2025.10.28	00:39:03.698	0.87287	0.87341			6
2025.10.28	00:39:03.997	0.87288	0.87340			6
2025.10.28	00:39:05.038	0.87289				2
2025.10.28	00:39:05.359	0.87288	0.87341			6
2025.10.28	00:39:05.718	0.87287	0.87342			6
2025.10.28	00:39:06.289	0.87288	0.87341			6
2025.10.28	00:39:06.616	0.87287				2
2025.10.28	00:39:06.927		0.87342			4
2025.10.28	00:39:07.244		0.87341			4
2025.10.28	00:39:07.577	0.87289	0.87344			6
2025.10.28	00:39:08.185	0.87287	0.87341			6
2025.10.28	00:39:09.007		0.87342			4
2025.10.28	00:39:09.309	0.87288	0.87341			6
2025.10.28	00:39:09.646	0.87293	0.87342			6
2025.10.28	00:39:09.962		0.87343			4
2025.10.28	00:39:10.271		0.87342			4
2025.10.28	00:39:10.586	0.87287				2
2025.10.28	00:39:10.892	0.87286				2
2025.10.28	00:39:11.198		0.87343			4
2025.10.28	00:39:11.523	0.87288	0.87340			6
2025.10.28	00:39:11.829	0.87286	0.87342			6
2025.10.28	00:39:12.177	0.87287	0.87341			6
2025.10.28	00:39:12.502		0.87342			4
2025.10.28	00:39:12.814	0.87292				2
2025.10.28	00:39:13.206		0.87343			4
2025.10.28	00:39:13.518	0.87288	0.87340			6
2025.10.28	00:39:13.834	0.87287	0.87341			6
2025.10.28	00:39:14.390		0.87342			4
2025.10.28	00:39:14.698		0.87341			4
2025.10.28	00:39:15.085	0.87288				2
2025.10.28	00:39:15.397		0.87340			4
2025.10.28	00:39:15.763		0.87341			4
2025.10.28	00:39:16.077	0.87287				2
2025.10.28	00:39:17.213	0.87288	0.87340			6
2025.10.28	00:39:17.840	0.87292	0.87342			6
2025.10.28	00:39:20.206	0.87288	0.87340			6
2025.10.28	00:39:21.365	0.87287	0.87341			6
2025.10.28	00:39:21.679	0.87288	0.87340			6
2025.10.28	00:39:22.634	0.87287	0.87342			6
2025.10.28	00:39:22.938	0.87288	0.87341			6
2025.10.28	00:39:23.307		0.87340			4
2025.10.28	00:39:23.956	0.87292	0.87343			6
2025.10.28	00:39:24.266	0.87287	0.87341			6
2025.10.28	00:39:24.682	0.87288	0.87340			6
2025.10.28	00:39:24.990	0.87287	0.87341			6
2025.10.28	00:39:25.634	0.87286	0.87342			6
2025.10.28	00:39:25.953	0.87291	0.87344			6
2025.10.28	00:39:26.259	0.87289	0.87339			6
2025.10.28	00:39:26.636	0.87293	0.87342			6
2025.10.28	00:39:26.952	0.87289	0.87339			6
2025.10.28	00:39:27.559	0.87293	0.87342			6
2025.10.28	00:39:27.971	0.87287	0.87341			6
2025.10.28	00:39:28.314		0.87340			4
2025.10.28	00:39:28.618		0.87341			4
2025.10.28	00:39:28.959	0.87288	0.87340			6
2025.10.28	00:39:29.277	0.87287	0.87341			6
2025.10.28	00:39:30.026	0.87288	0.87340			6
2025.10.28	00:39:30.337	0.87286	0.87342			6
2025.10.28	00:39:30.653	0.87293				2
2025.10.28	00:39:30.957	0.87288	0.87340			6
2025.10.28	00:39:31.575	0.87293	0.87341			6
2025.10.28	00:39:33.572		0.87342			4
2025.10.28	00:39:33.882	0.87286				2
2025.10.28	00:39:34.197	0.87287	0.87341			6
2025.10.28	00:39:35.149	0.87286	0.87342			6
2025.10.28	00:39:35.463	0.87287	0.87341			6
2025.10.28	00:39:35.778	0.87293	0.87342			6
2025.10.28	00:39:36.386	0.87288	0.87341			6
2025.10.28	00:39:38.308	0.87287				2
2025.10.28	00:39:38.998	0.87286	0.87342			6
2025.10.28	00:39:39.394	0.87287	0.87341			6
2025.10.28	00:39:39.699	0.87286				2
2025.10.28	00:39:40.001	0.87287				2
2025.10.28	00:39:40.332	0.87292	0.87342			6
2025.10.28	00:39:40.636	0.87287	0.87341			6
2025.10.28	00:39:40.965	0.87288				2
2025.10.28	00:39:41.277	0.87287				2
2025.10.28	00:39:41.666	0.87286	0.87342			6
2025.10.28	00:39:42.041	0.87288				2
2025.10.28	00:39:42.358	0.87286				2
2025.10.28	00:39:42.685	0.87288	0.87341			6
2025.10.28	00:39:42.998	0.87286	0.87342			6
2025.10.28	00:39:43.637	0.87287				2
2025.10.28	00:39:43.947	0.87293				2
2025.10.28	00:39:44.260	0.87288	0.87340			6
2025.10.28	00:39:44.605	0.87286	0.87342			6
2025.10.28	00:39:44.905	0.87293				2
2025.10.28	00:39:45.235	0.87288	0.87340			6
2025.10.28	00:39:45.559	0.87286	0.87342			6
2025.10.28	00:39:45.882	0.87287	0.87341			6
2025.10.28	00:39:50.816	0.87293	0.87342			6
2025.10.28	00:39:51.120	0.87286				2
2025.10.28	00:39:51.508	0.87293				2
2025.10.28	00:39:51.818		0.87340			4
2025.10.28	00:39:52.121	0.87287	0.87341			6
2025.10.28	00:39:52.437	0.87289	0.87339			6
2025.10.28	00:39:52.882	0.87292	0.87341			6
2025.10.28	00:39:53.185	0.87287	0.87342			6
2025.10.28	00:39:53.551	0.87292				2
2025.10.28	00:39:53.857		0.87341			4
2025.10.28	00:39:54.160	0.87287				2
2025.10.28	00:39:54.540	0.87289	0.87343			6
2025.10.28	00:39:54.850	0.87293	0.87342			6
2025.10.28	00:39:55.157	0.87288	0.87340			6
2025.10.28	00:39:55.837	0.87292	0.87342			6
2025.10.28	00:39:56.140	0.87287	0.87341			6
2025.10.28	00:39:56.919	0.87288	0.87340			6
2025.10.28	00:39:58.147	0.87293	0.87342			6
2025.10.28	00:39:58.458	0.87292	0.87340			6
2025.10.28	00:39:58.763	0.87288				2
2025.10.28	00:39:59.077	0.87291				2
2025.10.28	00:39:59.381	0.87289	0.87339			6
2025.10.28	00:39:59.682	0.87287	0.87341			6
2025.10.28	00:40:00.067	0.87289	0.87339			6
2025.10.28	00:40:00.757	0.87288	0.87340			6
2025.10.28	00:40:01.064	0.87287	0.87341			6
2025.10.28	00:40:01.385	0.87292	0.87340			6
2025.10.28	00:40:01.692	0.87287	0.87341			6
2025.10.28	00:40:02.312	0.87288				2
2025.10.28	00:40:02.724		0.87340			4
2025.10.28	00:40:03.037		0.87341			4
2025.10.28	00:40:03.339	0.87289				2
2025.10.28	00:40:03.642	0.87287				2
2025.10.28	00:40:03.958	0.87289	0.87339			6
2025.10.28	00:40:04.412	0.87288	0.87340			6
2025.10.28	00:40:05.033	0.87287	0.87342			6
2025.10.28	00:40:05.382	0.87289	0.87340			6
2025.10.28	00:40:05.735	0.87288				2
2025.10.28	00:40:06.060	0.87287	0.87341			6
2025.10.28	00:40:07.052	0.87289	0.87339			6
2025.10.28	00:40:07.361	0.87292	0.87343			6
2025.10.28	00:40:07.697	0.87288	0.87339			6
2025.10.28	00:40:08.000		0.87340			4
2025.10.28	00:40:08.410	0.87287	0.87341			6
2025.10.28	00:40:09.088	0.87288	0.87340			6
2025.10.28	00:40:09.400	0.87289				2
2025.10.28	00:40:09.706	0.87293	0.87342			6
2025.10.28	00:40:10.017	0.87288	0.87340			6
2025.10.28	00:40:10.961	0.87293	0.87342			6
2025.10.28	00:40:11.282	0.87287	0.87341			6
2025.10.28	00:40:11.593	0.87288	0.87340			6
2025.10.28	00:40:12.218	0.87293	0.87342			6
2025.10.28	00:40:12.521	0.87288	0.87340			6
2025.10.28	00:40:12.853	0.87289				2
2025.10.28	00:40:13.158	0.87288				2
2025.10.28	00:40:14.724	0.87287	0.87341			6
2025.10.28	00:40:15.033	0.87288	0.87340			6
2025.10.28	00:40:15.375	0.87286	0.87342			6
2025.10.28	00:40:15.676	0.87288	0.87340			6
2025.10.28	00:40:16.991	0.87287	0.87341			6
2025.10.28	00:40:17.703	0.87289	0.87340			6
2025.10.28	00:40:18.070	0.87293	0.87342			6
2025.10.28	00:40:18.767	0.87289	0.87341			6
2025.10.28	00:40:19.077	0.87287				2
2025.10.28	00:40:19.403	0.87288	0.87340			6
2025.10.28	00:40:20.100	0.87293	0.87343			6
2025.10.28	00:40:20.418	0.87288	0.87340			6
2025.10.28	00:40:20.826	0.87293	0.87342			6
2025.10.28	00:40:21.447		0.87341			4
2025.10.28	00:40:21.758	0.87292	0.87343			6
2025.10.28	00:40:22.177	0.87288	0.87340			6
2025.10.28	00:40:22.507	0.87287	0.87341			6
2025.10.28	00:40:23.137	0.87292	0.87343			6
2025.10.28	00:40:23.438	0.87287	0.87342			6
2025.10.28	00:40:23.741	0.87286				2
2025.10.28	00:40:24.371	0.87288	0.87340			6
2025.10.28	00:40:24.724	0.87289				2
2025.10.28	00:40:25.044	0.87288	0.87341			6
2025.10.28	00:40:25.346	0.87287				2
2025.10.28	00:40:25.677	0.87288	0.87340			6
2025.10.28	00:40:25.978	0.87293	0.87342			6
2025.10.28	00:40:30.452	0.87289	0.87340			6
2025.10.28	00:40:30.843	0.87288	0.87341			6
2025.10.28	00:40:31.156	0.87292	0.87343			6
2025.10.28	00:40:31.561	0.87293	0.87341			6
2025.10.28	00:40:31.953	0.87287	0.87342			6
2025.10.28	00:40:32.259	0.87288	0.87340			6
2025.10.28	00:40:32.566	0.87289				2
2025.10.28	00:40:32.894	0.87287	0.87341			6
2025.10.28	00:40:33.197	0.87289	0.87340			6
2025.10.28	00:40:33.499	0.87288	0.87341			6
2025.10.28	00:40:33.805	0.87287	0.87340			6
2025.10.28	00:40:34.118	0.87288				2
2025.10.28	00:40:34.452	0.87289				2
2025.10.28	00:40:34.777	0.87293	0.87341			6
2025.10.28	00:40:35.082	0.87288	0.87340			6
2025.10.28	00:40:35.390	0.87289				2
2025.10.28	00:40:35.697	0.87288				2
2025.10.28	00:40:36.053	0.87287	0.87341			6
2025.10.28	00:40:36.373	0.87288	0.87342			6
2025.10.28	00:40:36.677		0.87341			4
2025.10.28	00:40:37.017	0.87287				2
2025.10.28	00:40:37.376	0.87288	0.87340			6
2025.10.28	00:40:37.695		0.87341			4
2025.10.28	00:40:38.002	0.87293	0.87342			6
2025.10.28	00:40:38.305	0.87289	0.87339			6
2025.10.28	00:40:38.620	0.87287	0.87341			6
2025.10.28	00:40:38.994		0.87342			4
2025.10.28	00:40:39.305	0.87288	0.87341			6
2025.10.28	00:40:40.758	0.87289	0.87340			6
2025.10.28	00:40:41.060	0.87293	0.87342			6
2025.10.28	00:40:41.371	0.87288	0.87340			6
2025.10.28	00:40:41.864		0.87341			4
2025.10.28	00:40:42.175		0.87340			4
2025.10.28	00:40:42.840	0.87289				2
2025.10.28	00:40:43.605	0.87288	0.87341			6
2025.10.28	00:40:44.041	0.87292	0.87343			6
2025.10.28	00:40:44.372	0.87288	0.87341			6
2025.10.28	00:40:44.767	0.87293	0.87342			6
2025.10.28	00:40:45.073	0.87290	0.87338			6
2025.10.28	00:40:45.972	0.87288	0.87340			6
2025.10.28	00:40:46.279	0.87292	0.87343			6
2025.10.28	00:40:46.622	0.87289	0.87339			6
2025.10.28	00:40:46.989		0.87340			4
2025.10.28	00:40:47.378	0.87290	0.87339			6
2025.10.28	00:40:47.767	0.87289				2
2025.10.28	00:40:48.968		0.87343			4
2025.10.28	00:40:49.280	0.87292				2
2025.10.28	00:40:49.593	0.87288	0.87340			6
2025.10.28	00:40:50.863	0.87289	0.87339			6
2025.10.28	00:40:52.148	0.87288	0.87340			6
2025.10.28	00:40:52.459		0.87341			4
2025.10.28	00:40:53.455		0.87340			4
2025.10.28	00:40:57.772	0.87287	0.87341			6
2025.10.28	00:40:58.432	0.87288	0.87339			6
2025.10.28	00:40:58.736	0.87289	0.87340			6
2025.10.28	00:40:59.050	0.87288	0.87341			6
2025.10.28	00:40:59.366	0.87293	0.87342			6
2025.10.28	00:40:59.739	0.87289	0.87340			6
2025.10.28	00:41:00.046	0.87288	0.87342			6
2025.10.28	00:41:00.358		0.87340			4
2025.10.28	00:41:01.576	0.87289	0.87339			6
2025.10.28	00:41:01.877	0.87287	0.87342			6
2025.10.28	00:41:02.211	0.87288	0.87340			6
2025.10.28	00:41:02.971	0.87289				2
2025.10.28	00:41:03.499	0.87293	0.87342			6
2025.10.28	00:41:04.107	0.87288	0.87340			6
2025.10.28	00:41:04.438	0.87289				2
2025.10.28	00:41:04.907	0.87288	0.87341			6
2025.10.28	00:41:05.896	0.87289	0.87340			6
2025.10.28	00:41:06.541	0.87293	0.87342			6
2025.10.28	00:41:06.882	0.87288	0.87340			6
2025.10.28	00:41:07.360	0.87293	0.87343			6
2025.10.28	00:41:07.882	0.87288	0.87340			6
2025.10.28	00:41:08.997	0.87292	0.87343			6
2025.10.28	00:41:09.298	0.87293				2
2025.10.28	00:41:09.618	0.87289	0.87340			6
2025.10.28	00:41:10.054	0.87288				2
2025.10.28	00:41:12.032		0.87341			4
2025.10.28	00:41:14.661	0.87293	0.87342			6
2025.10.28	00:41:14.977	0.87287	0.87341			6
2025.10.28	00:41:15.279	0.87288				2
2025.10.28	00:41:15.606	0.87289	0.87340			6
2025.10.28	00:41:15.953	0.87293	0.87342			6
2025.10.28	00:41:16.642	0.87288	0.87340			6
2025.10.28	00:41:20.379	0.87289				2
2025.10.28	00:41:39.613	0.87292	0.87339			6
2025.10.28	00:41:39.925	0.87290				2
2025.10.28	00:41:40.237		0.87338			4
2025.10.28	00:41:40.551		0.87339			4
2025.10.28	00:41:41.309	0.87289	0.87340			6
2025.10.28	00:41:41.998	0.87288	0.87341			6
2025.10.28	00:41:42.311	0.87289	0.87340			6
2025.10.28	00:41:45.135	0.87286				2
2025.10.28	00:41:47.474	0.87285				2
2025.10.28	00:41:47.796	0.87286	0.87339			6
2025.10.28	00:41:50.136	0.87291	0.87340			6
2025.10.28	00:41:50.441	0.87285				2
2025.10.28	00:41:50.823	0.87286	0.87339			6
2025.10.28	00:41:51.506	0.87285	0.87340			6
2025.10.28	00:41:51.834	0.87286	0.87339			6
2025.10.28	00:41:52.656	0.87284	0.87341			6
2025.10.28	00:41:52.968	0.87285	0.87340			6
2025.10.28	00:41:53.277	0.87292				2
2025.10.28	00:41:53.593	0.87286				2
2025.10.28	00:41:53.905		0.87339			4
2025.10.28	00:41:54.262	0.87285	0.87340			6
2025.10.28	00:41:54.912	0.87286	0.87339			6
2025.10.28	00:41:55.222	0.87292				2
2025.10.28	00:41:55.537	0.87285	0.87340			6
2025.10.28	00:41:55.895	0.87286	0.87339			6
2025.10.28	00:41:56.281	0.87285	0.87340			6
2025.10.28	00:41:56.897	0.87286	0.87339			6
2025.10.28	00:41:59.002	0.87285	0.87340			6
2025.10.28	00:41:59.339	0.87291				2
2025.10.28	00:41:59.661	0.87285				2
2025.10.28	00:42:00.036	0.87286	0.87339			6
2025.10.28	00:42:00.338		0.87340			4
2025.10.28	00:42:00.641		0.87339			4
2025.10.28	00:42:01.066	0.87285	0.87340			6
2025.10.28	00:42:01.944	0.87286	0.87339			6
2025.10.28	00:42:02.576	0.87292	0.87340			6
2025.10.28	00:42:02.893	0.87284	0.87341			6
2025.10.28	00:42:03.201	0.87286	0.87339			6
2025.10.28	00:42:03.548	0.87285	0.87340			6
2025.10.28	00:42:03.856	0.87284	0.87341			6
2025.10.28	00:42:04.167	0.87285	0.87340			6
2025.10.28	00:42:04.622	0.87284	0.87341			6
2025.10.28	00:42:04.949	0.87286	0.87339			6
2025.10.28	00:42:05.270	0.87285	0.87340			6
2025.10.28	00:42:05.952		0.87339			4
2025.10.28	00:42:06.257		0.87340			4
2025.10.28	00:42:06.578	0.87286	0.87339			6
2025.10.28	00:42:06.942	0.87285	0.87340			6
2025.10.28	00:42:10.872	0.87286	0.87339			6
2025.10.28	00:42:11.842	0.87292				2
2025.10.28	00:42:12.148	0.87286				2
2025.10.28	00:42:12.767	0.87287	0.87338			6
2025.10.28	00:42:13.386		0.87340			4
2025.10.28	00:42:13.701	0.87286	0.87339			6
2025.10.28	00:42:14.016	0.87285	0.87340			6
2025.10.28	00:42:14.342	0.87287	0.87338			6
2025.10.28	00:42:14.979	0.87286	0.87339			6
2025.10.28	00:42:15.966	0.87287	0.87338			6
2025.10.28	00:42:16.662		0.87339			4
2025.10.28	00:42:16.973	0.87286	0.87340			6
2025.10.28	00:42:17.309	0.87292				2
2025.10.28	00:42:17.618	0.87285				2
2025.10.28	00:42:17.923	0.87287	0.87338			6
2025.10.28	00:42:18.247	0.87286	0.87339			6
2025.10.28	00:42:18.560	0.87287	0.87340			6
2025.10.28	00:42:18.866		0.87339			4
2025.10.28	00:42:19.325	0.87286				2
2025.10.28	00:42:19.972	0.87284	0.87341			6
2025.10.28	00:42:20.280	0.87285	0.87340			6
2025.10.28	00:42:20.630	0.87286	0.87339			6
2025.10.28	00:42:20.960	0.87284	0.87341			6
2025.10.28	00:42:21.275	0.87285	0.87340			6
2025.10.28	00:42:21.577	0.87286	0.87339			6
2025.10.28	00:42:22.521	0.87285	0.87340			6
2025.10.28	00:42:22.837		0.87341			4
2025.10.28	00:42:23.154	0.87284				2
2025.10.28	00:42:23.471	0.87285	0.87340			6
2025.10.28	00:42:23.813	0.87286	0.87339			6
2025.10.28	00:42:24.148	0.87285	0.87341			6
2025.10.28	00:42:24.460	0.87286	0.87339			6
2025.10.28	00:42:25.096	0.87285	0.87340			6
2025.10.28	00:42:26.019	0.87286				2
2025.10.28	00:42:26.338	0.87291				2
2025.10.28	00:42:26.653	0.87292				2
2025.10.28	00:42:26.958	0.87285				2
2025.10.28	00:42:27.285		0.87341			4
2025.10.28	00:42:27.598		0.87340			4
2025.10.28	00:42:28.258	0.87286	0.87339			6
2025.10.28	00:42:29.111	0.87292	0.87340			6
2025.10.28	00:42:29.417		0.87341			4
2025.10.28	00:42:29.719	0.87285	0.87340			6
2025.10.28	00:42:30.044	0.87286	0.87339			6
2025.10.28	00:42:30.359	0.87285	0.87340			6
2025.10.28	00:42:30.716	0.87286				2
2025.10.28	00:42:31.018		0.87339			4
2025.10.28	00:42:31.327	0.87285	0.87340			6
2025.10.28	00:42:31.632	0.87286				2
2025.10.28	00:42:32.245	0.87285				2
2025.10.28	00:42:32.600	0.87286	0.87339			6
2025.10.28	00:42:33.025	0.87291	0.87340			6
2025.10.28	00:42:33.341	0.87285				2
2025.10.28	00:42:33.696	0.87286	0.87339			6
2025.10.28	00:42:34.267	0.87292	0.87340			6
2025.10.28	00:42:35.434		0.87339			4
2025.10.28	00:42:35.735	0.87291	0.87341			6
2025.10.28	00:42:36.038		0.87340			4
2025.10.28	00:42:41.416	0.87292	0.87339			6
2025.10.28	00:42:42.806		0.87340			4
2025.10.28	00:42:43.119		0.87339			4
2025.10.28	00:42:43.436	0.87291	0.87340			6
2025.10.28	00:42:43.738	0.87292	0.87339			6
2025.10.28	00:42:47.157		0.87340			4
2025.10.28	00:42:48.437	0.87291				2
2025.10.28	00:42:49.177	0.87292				2
2025.10.28	00:42:49.831	0.87291				2
2025.10.28	00:42:50.326	0.87292				2
2025.10.28	00:42:52.566		0.87339			4
2025.10.28	00:42:53.002	0.87291	0.87340			6
2025.10.28	00:42:53.313	0.87292	0.87339			6
2025.10.28	00:42:59.440	0.87291	0.87340			6
2025.10.28	00:42:59.782	0.87292	0.87339			6
2025.10.28	00:43:03.131	0.87292				2
2025.10.28	00:43:25.860	0.87291				2
2025.10.28	00:43:28.695	0.87292				2
2025.10.28	00:43:29.072	0.87291				2
2025.10.28	00:43:29.834	0.87292				2
2025.10.28	00:43:30.669	0.87291				2
2025.10.28	00:43:36.478	0.87292				2
2025.10.28	00:43:39.496	0.87291				2
2025.10.28	00:43:39.937	0.87292				2
2025.10.28	00:43:45.377	0.87291				2
2025.10.28	00:43:49.911	0.87292				2
2025.10.28	00:44:02.074	0.87292	0.87339			6
2025.10.28	00:44:17.140		0.87340			4
2025.10.28	00:44:20.952	0.87293	0.87339			6
2025.10.28	00:44:25.267	0.87292	0.87340			6
2025.10.28	00:44:29.661		0.87339			4
2025.10.28	00:44:30.523	0.87286	0.87337			6
2025.10.28	00:44:52.178		0.87336			4
2025.10.28	00:44:58.767	0.87289				2
2025.10.28	00:45:00.517	0.87287				2
2025.10.28	00:45:02.196	0.87286				2
2025.10.28	00:45:03.162	0.87284	0.87341			6
2025.10.28	00:45:04.492	0.87286	0.87343			6
2025.10.28	00:45:04.797	0.87284	0.87341			6
2025.10.28	00:45:05.097	0.87285	0.87342			6
2025.10.28	00:45:06.703	0.87286	0.87336			6
2025.10.28	00:45:10.706	0.87298	0.87324			6
2025.10.28	00:45:13.308	0.87300	0.87322			6
2025.10.28	00:45:16.226	0.87301				2
2025.10.28	00:45:17.748	0.87299	0.87324			6
2025.10.28	00:45:19.036	0.87300	0.87331			6
2025.10.28	00:45:19.352	0.87299	0.87325			6
2025.10.28	00:45:22.471	0.87301	0.87327			6
2025.10.28	00:45:41.201	0.87305	0.87330			6
2025.10.28	00:45:41.522	0.87300	0.87328			6
2025.10.28	00:45:41.977		0.87326			4
2025.10.28	00:45:53.922	0.87298	0.87328			6
2025.10.28	00:45:54.262	0.87300	0.87327			6
2025.10.28	00:45:56.187	0.87306	0.87329			6
2025.10.28	00:45:56.499	0.87300	0.87328			6
2025.10.28	00:45:56.818	0.87299	0.87326			6
2025.10.28	00:45:57.477	0.87300	0.87325			6
2025.10.28	00:46:00.352	0.87300				2
2025.10.28	00:46:01.046	0.87298	0.87324			6
2025.10.28	00:46:01.881	0.87299	0.87325			6
2025.10.28	00:46:02.939	0.87301				2
2025.10.28	00:46:09.187		0.87324			4
2025.10.28	00:46:10.175		0.87330			4
2025.10.28	00:46:12.536	0.87300	0.87331			6
2025.10.28	00:46:12.906	0.87301	0.87329			6
2025.10.28	00:46:18.605	0.87303	0.87328			6
2025.10.28	00:46:19.080		0.87329			4
2025.10.28	00:46:20.737		0.87330			4
2025.10.28	00:46:29.466		0.87329			4
2025.10.28	00:46:29.971	0.87302	0.87330			6
2025.10.28	00:46:30.424	0.87300	0.87329			6
2025.10.28	00:46:30.731		0.87326			4
2025.10.28	00:46:31.115	0.87298				2
2025.10.28	00:46:31.428	0.87299	0.87325			6
2025.10.28	00:46:31.732	0.87300				2
2025.10.28	00:46:32.094	0.87302	0.87330			6
2025.10.28	00:46:32.632	0.87299	0.87325			6
2025.10.28	00:46:32.980	0.87300				2
2025.10.28	00:46:33.312	0.87302	0.87329			6
2025.10.28	00:46:40.344	0.87300	0.87325			6
2025.10.28	00:46:41.984	0.87302				2
2025.10.28	00:46:42.297		0.87329			4
2025.10.28	00:46:45.462	0.87298	0.87324			6
2025.10.28	00:46:51.876	0.87299	0.87323			6
2025.10.28	00:46:52.205		0.87322			4
2025.10.28	00:46:59.948	0.87298	0.87324			6
2025.10.28	00:47:00.363	0.87298				2
2025.10.28	00:47:02.405	0.87299	0.87325			6
2025.10.28	00:47:03.135	0.87297	0.87330			6
2025.10.28	00:47:04.437	0.87298	0.87331			6
2025.10.28	00:47:04.738	0.87297	0.87330			6
2025.10.28	00:47:06.694	0.87299	0.87325			6
2025.10.28	00:47:15.242	0.87300				2
2025.10.28	00:47:15.727		0.87324			4
2025.10.28	00:47:18.784	0.87299				2
2025.10.28	00:47:19.182	0.87300	0.87323			6
2025.10.28	00:47:24.596		0.87328			4
2025.10.28	00:47:25.819	0.87299	0.87325			6
2025.10.28	00:47:30.460	0.87300	0.87324			6
2025.10.28	00:47:53.720	0.87299	0.87325			6
2025.10.28	00:47:59.643	0.87302	0.87327			6
2025.10.28	00:48:02.349	0.87302				2
2025.10.28	00:48:02.753		0.87326			4
2025.10.28	00:48:10.175	0.87303				2
2025.10.28	00:49:00.368	0.87303				2
2025.10.28	00:49:10.172		0.87326			4
2025.10.28	00:49:18.302	0.87297	0.87325			6
2025.10.28	00:49:21.258	0.87300				2
2025.10.28	00:49:32.767		0.87324			4
2025.10.28	00:49:41.149	0.87299	0.87325			6
2025.10.28	00:49:53.418	0.87297	0.87327			6
2025.10.28	00:49:54.656	0.87298				2
2025.10.28	00:49:59.715	0.87297				2
2025.10.28	00:50:01.597	0.87297				2
2025.10.28	00:50:07.401	0.87298				2
2025.10.28	00:50:08.414	0.87297				2
2025.10.28	00:50:11.462	0.87298				2
2025.10.28	00:50:37.040		0.87326			4
2025.10.28	00:50:44.384	0.87299				2
2025.10.28	00:50:51.655	0.87298				2
2025.10.28	00:51:01.776	0.87298				2
2025.10.28	00:51:12.403	0.87299				2
2025.10.28	00:51:25.634	0.87298				2
2025.10.28	00:51:29.427	0.87299				2
2025.10.28	00:51:38.769		0.87325			4
2025.10.28	00:51:53.769		0.87326			4
2025.10.28	00:52:03.667	0.87299	0.87325			6
2025.10.28	00:52:16.418	0.87298	0.87326			6
2025.10.28	00:52:38.469	0.87299				2
2025.10.28	00:52:55.436	0.87298				2
2025.10.28	00:52:59.769		0.87327			4
2025.10.28	00:53:00.595	0.87298				2
2025.10.28	00:53:08.468	0.87297				2
2025.10.28	00:53:35.467		0.87328			4
2025.10.28	00:54:00.412	0.87297				2
2025.10.28	00:54:07.569		0.87327			4
2025.10.28	00:54:09.911	0.87299				2
2025.10.28	00:54:10.227		0.87325			4
2025.10.28	00:54:21.969	0.87300				2
2025.10.28	00:54:26.663	0.87299				2
2025.10.28	00:54:40.457	0.87300	0.87324			6
2025.10.28	00:54:45.668		0.87325			4
2025.10.28	00:54:51.667	0.87299				2
2025.10.28	00:54:53.328	0.87300	0.87324			6
2025.10.28	00:54:55.618	0.87301	0.87323			6
2025.10.28	00:54:56.727	0.87302	0.87322			6
2025.10.28	00:55:00.411	0.87301	0.87323			6
2025.10.28	00:55:06.068	0.87302	0.87322			6
2025.10.28	00:55:14.703	0.87301	0.87323			6
2025.10.28	00:55:18.448	0.87300	0.87324			6
2025.10.28	00:55:23.767	0.87301	0.87323			6
2025.10.28	00:55:24.720	0.87300	0.87324			6
2025.10.28	00:55:25.541	0.87299	0.87325			6
2025.10.28	00:55:26.979	0.87302	0.87322			6
2025.10.28	00:55:47.996	0.87301	0.87323			6
2025.10.28	00:55:51.723	0.87302	0.87322			6
2025.10.28	00:56:00.654	0.87302				2
2025.10.28	00:56:02.769	0.87301				2
2025.10.28	00:56:05.662	0.87300	0.87323			6
2025.10.28	00:56:06.379		0.87324			4
2025.10.28	00:56:09.968	0.87301	0.87322			6
2025.10.28	00:56:25.737	0.87300	0.87323			6
2025.10.28	00:56:29.529	0.87299	0.87324			6
2025.10.28	00:56:29.934	0.87300	0.87323			6
2025.10.28	00:56:32.009		0.87324			4
2025.10.28	00:56:38.469	0.87299				2
2025.10.28	00:56:44.766	0.87300	0.87323			6
2025.10.28	00:56:54.645	0.87299	0.87324			6
2025.10.28	00:57:04.803	0.87299				2
2025.10.28	00:57:14.939	0.87300	0.87323			6
2025.10.28	00:57:20.591	0.87299	0.87324			6
2025.10.28	00:57:26.958		0.87323			4
2025.10.28	00:57:32.767		0.87324			4
2025.10.28	00:57:39.937	0.87300	0.87323			6
2025.10.28	00:57:40.645	0.87299	0.87324			6
2025.10.28	00:57:42.147	0.87298				2
2025.10.28	00:57:42.879	0.87299				2
2025.10.28	00:57:55.747	0.87298	0.87325			6
2025.10.28	00:58:05.339	0.87298				2
2025.10.28	00:58:09.217	0.87297				2
2025.10.28	00:58:28.548	0.87296	0.87326			6
2025.10.28	00:58:29.269	0.87298	0.87324			6
2025.10.28	00:58:31.870	0.87299				2
2025.10.28	00:58:36.969		0.87323			4
2025.10.28	00:58:37.429	0.87298	0.87325			6
2025.10.28	00:58:42.970	0.87297	0.87327			6
2025.10.28	00:58:43.278		0.87326			4
2025.10.28	00:59:00.535	0.87297				2
2025.10.28	00:59:07.436		0.87325			4
2025.10.28	00:59:09.969		0.87326			4
2025.10.28	00:59:12.368		0.87325			4
2025.10.28	00:59:21.668		0.87326			4
2025.10.28	00:59:24.751	0.87298	0.87325			6
2025.10.28	00:59:25.462	0.87297	0.87326			6
2025.10.28	00:59:25.864	0.87296	0.87327			6
2025.10.28	00:59:28.433	0.87297	0.87326			6
2025.10.28	00:59:30.662	0.87296	0.87328			6
2025.10.28	00:59:35.768		0.87327			4
2025.10.28	00:59:36.906	0.87297				2
2025.10.28	00:59:39.669	0.87296				2
2025.10.28	00:59:50.169		0.87328			4
2025.10.28	00:59:55.198	0.87294	0.87329			6
2025.10.28	00:59:58.386	0.87295	0.87328			6
2025.10.28	01:00:00.308	0.87296				2
2025.10.28	01:00:00.618	0.87298	0.87326			6
2025.10.28	01:00:01.048	0.87295	0.87329			6
2025.10.28	01:00:01.392	0.87297	0.87327			6
2025.10.28	01:00:01.699	0.87298	0.87326			6
2025.10.28	01:00:02.349		0.87327			4
2025.10.28	01:00:02.688	0.87299	0.87325			6
2025.10.28	01:00:03.011	0.87297	0.87327			6
2025.10.28	01:00:03.377	0.87303	0.87329			6
2025.10.28	01:00:03.688	0.87300	0.87330			6
2025.10.28	01:00:04.018	0.87303	0.87331			6
2025.10.28	01:00:04.321	0.87301	0.87329			6
2025.10.28	01:00:04.624	0.87299	0.87332			6
2025.10.28	01:00:04.972	0.87303	0.87330			6
2025.10.28	01:00:05.275	0.87299	0.87329			6
2025.10.28	01:00:05.624	0.87302	0.87330			6
2025.10.28	01:00:05.927	0.87297				2
2025.10.28	01:00:06.229	0.87301				2
2025.10.28	01:00:06.578	0.87299				2
2025.10.28	01:00:06.880	0.87300	0.87329			6
2025.10.28	01:00:07.230	0.87302	0.87326			6
2025.10.28	01:00:07.840	0.87303	0.87333			6
2025.10.28	01:00:08.187	0.87304				2
2025.10.28	01:00:08.499	0.87303				2
2025.10.28	01:00:09.110	0.87304				2
2025.10.28	01:00:09.443	0.87305				2
2025.10.28	01:00:09.780	0.87300	0.87328			6
2025.10.28	01:00:10.090	0.87301				2
2025.10.28	01:00:10.399	0.87299				2
2025.10.28	01:00:10.807	0.87301				2
2025.10.28	01:00:23.906	0.87302				2
2025.10.28	01:00:29.218	0.87303	0.87331			6
2025.10.28	01:00:29.534	0.87302				2
2025.10.28	01:00:30.143	0.87301				2
2025.10.28	01:00:30.446	0.87302				2
2025.10.28	01:00:30.765	0.87303				2
2025.10.28	01:00:31.083		0.87326			4
2025.10.28	01:00:31.405	0.87305				2
2025.10.28	01:00:31.752	0.87304				2
2025.10.28	01:00:32.100	0.87303				2
2025.10.28	01:00:32.418	0.87304				2
2025.10.28	01:00:32.728		0.87327			4
2025.10.28	01:00:33.040	0.87305				2
2025.10.28	01:00:33.371	0.87304				2
2025.10.28	01:00:33.678	0.87303				2
2025.10.28	01:00:34.027	0.87304				2
2025.10.28	01:00:36.818		0.87326			4
2025.10.28	01:00:37.819	0.87303				2
2025.10.28	01:00:38.155	0.87304				2
2025.10.28	01:00:38.517	0.87303	0.87327			6
2025.10.28	01:00:38.823		0.87326			4
2025.10.28	01:00:40.498	0.87304	0.87325			6
2025.10.28	01:00:40.855	0.87303	0.87326			6
2025.10.28	01:00:42.669	0.87304	0.87325			6
2025.10.28	01:00:44.115		0.87324			4
2025.10.28	01:00:46.268		0.87325			4
2025.10.28	01:00:47.373		0.87324			4
2025.10.28	01:00:48.426		0.87328			4
2025.10.28	01:00:53.376	0.87306				2
2025.10.28	01:00:53.812	0.87307	0.87327			6
2025.10.28	01:00:54.799	0.87306				2
2025.10.28	01:00:55.331	0.87307	0.87328			6
2025.10.28	01:00:55.765	0.87308	0.87327			6
2025.10.28	01:00:56.234	0.87306				2
2025.10.28	01:00:56.822		0.87328			4
2025.10.28	01:00:58.334	0.87307				2
2025.10.28	01:00:59.913	0.87308				2
2025.10.28	01:01:00.240	0.87307	0.87327			6
2025.10.28	01:01:00.560	0.87308	0.87326			6
2025.10.28	01:01:00.871	0.87306				2
2025.10.28	01:01:01.179	0.87307				2
2025.10.28	01:01:01.496	0.87308	0.87327			6
2025.10.28	01:01:01.802	0.87307				2
2025.10.28	01:01:02.106	0.87306	0.87328			6
2025.10.28	01:01:02.418	0.87307				2
2025.10.28	01:01:02.725	0.87306				2
2025.10.28	01:01:03.039	0.87307	0.87327			6
2025.10.28	01:01:03.341	0.87305				2
2025.10.28	01:01:04.339	0.87306				2
2025.10.28	01:01:05.170		0.87328			4
2025.10.28	01:01:05.591		0.87326			4
2025.10.28	01:01:06.605		0.87328			4
2025.10.28	01:01:06.940	0.87305	0.87327			6
2025.10.28	01:01:07.278		0.87328			4
2025.10.28	01:01:09.679		0.87326			4
2025.10.28	01:01:09.994		0.87328			4
2025.10.28	01:01:10.327	0.87306	0.87327			6
2025.10.28	01:01:10.637		0.87328			4
2025.10.28	01:01:10.948	0.87307				2
2025.10.28	01:01:11.380	0.87306				2
2025.10.28	01:01:11.697	0.87305				2
2025.10.28	01:01:12.028	0.87306				2
2025.10.28	01:01:12.372	0.87305	0.87327			6
2025.10.28	01:01:12.766	0.87306	0.87328			6
2025.10.28	01:01:13.077		0.87327			4
2025.10.28	01:01:13.698		0.87333			4
2025.10.28	01:01:14.001		0.87328			4
2025.10.28	01:01:14.627		0.87327			4
2025.10.28	01:01:14.978		0.87326			4
2025.10.28	01:01:17.510		0.87328			4
2025.10.28	01:01:18.289	0.87307				2
2025.10.28	01:01:18.921	0.87305				2
2025.10.28	01:01:19.225	0.87306				2
2025.10.28	01:01:20.100		0.87327			4
2025.10.28	01:01:21.214		0.87326			4
2025.10.28	01:01:22.319	0.87305	0.87327			6
2025.10.28	01:01:22.629		0.87328			4
2025.10.28	01:01:22.941	0.87306				2
2025.10.28	01:01:23.244	0.87307	0.87327			6
2025.10.28	01:01:25.335	0.87306				2
2025.10.28	01:01:27.704	0.87307	0.87326			6
2025.10.28	01:01:28.047		0.87328			4
2025.10.28	01:01:28.358	0.87306	0.87327			6
2025.10.28	01:01:28.999		0.87326			4
2025.10.28	01:01:29.322	0.87307	0.87327			6
2025.10.28	01:01:29.732	0.87303	0.87319			6
2025.10.28	01:01:31.375	0.87302				2
2025.10.28	01:01:31.989	0.87303				2
2025.10.28	01:01:32.376	0.87302				2
2025.10.28	01:01:32.678	0.87303				2
2025.10.28	01:01:32.980		0.87327			4
2025.10.28	01:01:33.756	0.87302				2
2025.10.28	01:01:34.058	0.87303				2
2025.10.28	01:01:35.078	0.87302				2
2025.10.28	01:01:35.385	0.87303	0.87319			6
2025.10.28	01:01:35.985	0.87302				2
2025.10.28	01:01:36.616	0.87303				2
2025.10.28	01:01:36.988	0.87304				2
2025.10.28	01:01:37.889		0.87327			4
2025.10.28	01:01:38.372	0.87302				2
2025.10.28	01:01:39.336	0.87303				2
2025.10.28	01:01:39.865		0.87326			4
2025.10.28	01:01:40.178		0.87327			4
2025.10.28	01:01:40.480		0.87326			4
2025.10.28	01:01:40.805	0.87305	0.87327			6
2025.10.28	01:01:41.114	0.87303	0.87326			6
2025.10.28	01:01:41.419	0.87304				2
2025.10.28	01:01:41.816	0.87305				2
2025.10.28	01:01:42.144	0.87306	0.87327			6
2025.10.28	01:01:42.767		0.87325			4
2025.10.28	01:01:43.194	0.87307	0.87327			6
2025.10.28	01:01:45.514	0.87308				2
2025.10.28	01:01:49.378	0.87307				2
2025.10.28	01:01:49.701		0.87326			4
2025.10.28	01:01:50.275	0.87308	0.87325			6
2025.10.28	01:01:50.579	0.87306	0.87326			6
2025.10.28	01:01:50.881	0.87307	0.87328			6
2025.10.28	01:01:51.353		0.87325			4
2025.10.28	01:01:52.728		0.87327			4
2025.10.28	01:01:53.070	0.87308	0.87328			6
2025.10.28	01:01:53.444		0.87327			4
2025.10.28	01:01:54.068	0.87307				2
2025.10.28	01:01:54.387	0.87308	0.87328			6
2025.10.28	01:01:55.800		0.87329			4
2025.10.28	01:01:56.515		0.87328			4
2025.10.28	01:01:57.138		0.87329			4
2025.10.28	01:01:58.653	0.87307				2
2025.10.28	01:01:58.958	0.87308				2
2025.10.28	01:01:59.376		0.87328			4
2025.10.28	01:02:00.068	0.87308				2
2025.10.28	01:02:01.101	0.87307	0.87326			6
2025.10.28	01:02:01.779	0.87308	0.87327			6
2025.10.28	01:02:02.096		0.87326			4
2025.10.28	01:02:03.038		0.87327			4
2025.10.28	01:02:03.348		0.87318			4
2025.10.28	01:02:06.660	0.87307				2
2025.10.28	01:02:07.430	0.87308				2
2025.10.28	01:02:09.702	0.87307				2
2025.10.28	01:02:10.031	0.87308				2
2025.10.28	01:02:10.353	0.87307				2
2025.10.28	01:02:10.661	0.87308				2
2025.10.28	01:02:10.962	0.87307				2
2025.10.28	01:02:11.264	0.87308				2
2025.10.28	01:02:11.938	0.87307				2
2025.10.28	01:02:12.245	0.87308	0.87322			6
2025.10.28	01:02:14.595		0.87320			4
2025.10.28	01:02:15.365	0.87309	0.87322			6
2025.10.28	01:02:15.679		0.87320			4
2025.10.28	01:02:16.517	0.87308				2
2025.10.28	01:02:16.823		0.87322			4
2025.10.28	01:02:17.139	0.87309	0.87320			6
2025.10.28	01:02:17.448	0.87308	0.87322			6
2025.10.28	01:02:17.756		0.87320			4
2025.10.28	01:02:18.695	0.87309	0.87322			6
2025.10.28	01:02:19.339	0.87308				2
2025.10.28	01:02:20.245	0.87309				2
2025.10.28	01:02:21.670	0.87308	0.87318			6
2025.10.28	01:02:25.774		0.87320			4
2025.10.28	01:02:32.200	0.87309				2
2025.10.28	01:02:33.509	0.87308				2
2025.10.28	01:02:37.657	0.87309				2
2025.10.28	01:02:37.958	0.87308				2
2025.10.28	01:02:38.571	0.87309				2
2025.10.28	01:02:39.186	0.87308				2
2025.10.28	01:02:39.540	0.87309				2
2025.10.28	01:02:41.099	0.87310				2
2025.10.28	01:02:41.480	0.87308				2
2025.10.28	01:02:41.798	0.87309				2
2025.10.28	01:02:45.459	0.87310				2
2025.10.28	01:02:45.760	0.87309				2
2025.10.28	01:02:46.827	0.87310				2
2025.10.28	01:02:47.298	0.87309				2
2025.10.28	01:02:54.179	0.87308				2
2025.10.28	01:02:54.797	0.87309				2
2025.10.28	01:02:55.105	0.87308				2
2025.10.28	01:02:55.414	0.87309				2
2025.10.28	01:02:55.883	0.87310				2
2025.10.28	01:02:56.222	0.87309				2
2025.10.28	01:02:59.390	0.87308				2
2025.10.28	01:02:59.698	0.87309				2
2025.10.28	01:03:00.041	0.87309				2
2025.10.28	01:03:15.421	0.87311				2
2025.10.28	01:03:16.078	0.87310				2
2025.10.28	01:03:22.374	0.87311				2
2025.10.28	01:03:24.404	0.87310				2
2025.10.28	01:03:26.603	0.87308	0.87320			6
2025.10.28	01:03:28.606	0.87307				2
2025.10.28	01:03:29.218	0.87308	0.87322			6
2025.10.28	01:03:29.520	0.87312				2
2025.10.28	01:03:29.848	0.87309				2
2025.10.28	01:03:30.481	0.87311				2
2025.10.28	01:03:31.371	0.87313				2
2025.10.28	01:03:31.717	0.87312				2
2025.10.28	01:03:32.026	0.87311				2
2025.10.28	01:03:41.340	0.87310				2
2025.10.28	01:03:41.659	0.87312				2
2025.10.28	01:03:41.967	0.87311				2
2025.10.28	01:03:42.278	0.87310				2
2025.10.28	01:03:43.563	0.87311				2
2025.10.28	01:03:51.355	0.87312				2
2025.10.28	01:03:51.825	0.87314				2
2025.10.28	01:03:59.240		0.87326			4
2025.10.28	01:04:00.408	0.87314				2
2025.10.28	01:04:01.243	0.87317				2
2025.10.28	01:04:02.206	0.87316				2
2025.10.28	01:04:08.998	0.87315				2
2025.10.28	01:04:09.562		0.87323			4
2025.10.28	01:04:11.354	0.87317				2
2025.10.28	01:04:11.668	0.87319				2
2025.10.28	01:04:13.529	0.87320				2
2025.10.28	01:04:15.262	0.87318				2
2025.10.28	01:04:15.571		0.87327			4
2025.10.28	01:04:20.362	0.87317				2
2025.10.28	01:04:21.478	0.87321	0.87329			6
2025.10.28	01:04:21.821	0.87319	0.87327			6
2025.10.28	01:04:22.191		0.87328			4
2025.10.28	01:04:22.505		0.87330			4
2025.10.28	01:04:22.871		0.87328			4
2025.10.28	01:04:31.495	0.87320				2
2025.10.28	01:04:41.667	0.87319				2
2025.10.28	01:04:45.041	0.87320				2
2025.10.28	01:04:47.251	0.87319				2
2025.10.28	01:04:49.653	0.87318				2
2025.10.28	01:04:51.348	0.87322				2
2025.10.28	01:05:00.006	0.87322				2
2025.10.28	01:05:00.693	0.87317				2
2025.10.28	01:05:01.048	0.87318				2
2025.10.28	01:05:08.772	0.87317				2
2025.10.28	01:05:10.267	0.87318				2
2025.10.28	01:05:11.166	0.87319				2
2025.10.28	01:05:11.473	0.87318				2
2025.10.28	01:05:11.784	0.87320				2
2025.10.28	01:05:23.132		0.87328			4
2025.10.28	01:05:27.450	0.87321				2
2025.10.28	01:05:28.305	0.87319				2
2025.10.28	01:05:42.371	0.87320				2
2025.10.28	01:06:00.351	0.87318				2
2025.10.28	01:06:02.190	0.87319				2
2025.10.28	01:06:02.513	0.87318				2
2025.10.28	01:06:07.292	0.87319				2
2025.10.28	01:06:08.154	0.87320				2
2025.10.28	01:06:22.051	0.87319	0.87325			6
2025.10.28	01:06:25.989	0.87320				2
2025.10.28	01:06:31.558	0.87318				2
2025.10.28	01:06:41.568	0.87319				2
2025.10.28	01:07:01.561	0.87319				2
2025.10.28	01:07:11.078	0.87320				2
2025.10.28	01:07:11.385	0.87318				2
2025.10.28	01:07:11.714	0.87319				2
2025.10.28	01:07:15.072	0.87318				2
2025.10.28	01:07:22.355		0.87325			4
2025.10.28	01:07:24.661	0.87320				2
2025.10.28	01:07:26.373	0.87321				2
2025.10.28	01:07:28.756	0.87322				2
2025.10.28	01:07:29.182	0.87321				2
2025.10.28	01:07:31.526	0.87320				2
2025.10.28	01:07:40.029	0.87321				2
2025.10.28	01:07:41.563	0.87320				2
2025.10.28	01:07:49.039	0.87317				2
2025.10.28	01:07:53.417	0.87318				2
2025.10.28	01:07:54.029	0.87319				2
2025.10.28	01:08:00.510	0.87319				2
2025.10.28	01:08:05.965	0.87318				2
2025.10.28	01:08:22.466		0.87332			4
2025.10.28	01:08:29.314	0.87319				2
2025.10.28	01:08:31.563	0.87318				2
2025.10.28	01:08:31.988	0.87317	0.87321			6
2025.10.28	01:08:45.295	0.87318				2
2025.10.28	01:08:48.826		0.87326			4
2025.10.28	01:08:49.283	0.87317				2
2025.10.28	01:08:49.987	0.87319				2
2025.10.28	01:08:53.067	0.87318	0.87324			6
2025.10.28	01:08:57.395	0.87320				2
2025.10.28	01:09:00.225	0.87320				2
2025.10.28	01:09:01.552		0.87322			4
2025.10.28	01:09:13.602		0.87324			4
2025.10.28	01:09:21.479	0.87321				2
2025.10.28	01:09:22.793	0.87320				2
2025.10.28	01:09:44.133	0.87321				2
2025.10.28	01:09:45.260	0.87320				2
2025.10.28	01:09:45.736	0.87317				2
2025.10.28	01:09:46.060	0.87319				2
2025.10.28	01:09:46.987	0.87317				2
2025.10.28	01:09:56.140	0.87315	0.87320			6
2025.10.28	01:09:56.460	0.87317				2
2025.10.28	01:09:58.468		0.87321			4
2025.10.28	01:10:00.309	0.87317				2
2025.10.28	01:10:01.427		0.87320			4
2025.10.28	01:10:01.796	0.87316				2
2025.10.28	01:10:03.124	0.87317				2
2025.10.28	01:10:10.877	0.87315				2
2025.10.28	01:10:11.207	0.87316				2
2025.10.28	01:10:11.527		0.87321			4
2025.10.28	01:10:16.146		0.87324			4
2025.10.28	01:10:16.987	0.87317				2
2025.10.28	01:10:20.764	0.87315				2
2025.10.28	01:10:31.246	0.87318				2
2025.10.28	01:10:45.636	0.87319				2
2025.10.28	01:11:00.477	0.87319				2
2025.10.28	01:11:01.485	0.87317				2
2025.10.28	01:11:02.381	0.87318				2
2025.10.28	01:11:13.661	0.87317				2
2025.10.28	01:11:15.358	0.87318				2
2025.10.28	01:11:16.194		0.87324			4
2025.10.28	01:11:24.414	0.87317				2
2025.10.28	01:12:02.120	0.87317				2
2025.10.28	01:12:05.778		0.87320			4
2025.10.28	01:12:11.360		0.87325			4
2025.10.28	01:12:13.011		0.87323			4
2025.10.28	01:12:23.096	0.87321	0.87328			6
2025.10.28	01:12:24.135	0.87322				2
2025.10.28	01:12:30.412	0.87320	0.87326			6
2025.10.28	01:12:30.719	0.87322	0.87328			6
2025.10.28	01:12:31.026	0.87320	0.87326			6
2025.10.28	01:12:31.433	0.87321	0.87328			6
2025.10.28	01:12:32.467	0.87322				2
2025.10.28	01:12:33.144	0.87321				2
2025.10.28	01:12:33.479	0.87320	0.87326			6
2025.10.28	01:12:33.789	0.87319				2
2025.10.28	01:12:34.153	0.87320				2
2025.10.28	01:12:34.457	0.87321	0.87328			6
2025.10.28	01:12:34.761	0.87320	0.87326			6
2025.10.28	01:12:36.469	0.87322				2
2025.10.28	01:12:36.777	0.87320				2
2025.10.28	01:12:37.110	0.87322	0.87328			6
2025.10.28	01:12:37.420	0.87320	0.87326			6
2025.10.28	01:12:37.773	0.87321	0.87328			6
2025.10.28	01:12:38.144	0.87322				2
2025.10.28	01:12:38.750	0.87321	0.87326			6
2025.10.28	01:12:39.058	0.87320				2
2025.10.28	01:12:39.787	0.87321	0.87328			6
2025.10.28	01:12:41.804	0.87322				2
2025.10.28	01:12:43.418	0.87321	0.87326			6
2025.10.28	01:12:43.853	0.87322	0.87328			6
2025.10.28	01:12:44.933	0.87321				2
2025.10.28	01:12:45.349	0.87322				2
2025.10.28	01:12:48.047	0.87321				2
2025.10.28	01:12:48.441	0.87322				2
2025.10.28	01:12:52.074	0.87320	0.87326			6
2025.10.28	01:12:52.375	0.87317	0.87328			6
2025.10.28	01:12:54.750	0.87319				2
2025.10.28	01:12:58.268	0.87318				2
2025.10.28	01:13:00.973	0.87318				2
2025.10.28	01:13:10.384	0.87319				2
2025.10.28	01:13:13.980	0.87318				2
2025.10.28	01:13:14.622	0.87317				2
2025.10.28	01:13:14.957	0.87319				2
2025.10.28	01:13:15.367	0.87317				2
2025.10.28	01:13:15.732	0.87318				2
2025.10.28	01:13:16.038	0.87317				2
2025.10.28	01:13:17.137	0.87318				2
2025.10.28	01:13:18.188	0.87320				2
2025.10.28	01:13:25.489	0.87319				2
2025.10.28	01:13:26.518	0.87318				2
2025.10.28	01:13:27.962		0.87326			4
2025.10.28	01:13:29.694	0.87317				2
2025.10.28	01:13:29.998	0.87316	0.87322			6
2025.10.28	01:13:30.309	0.87319	0.87324			6
2025.10.28	01:13:30.618	0.87317				2
2025.10.28	01:13:30.953	0.87318	0.87322			6
2025.10.28	01:13:31.258		0.87324			4
2025.10.28	01:13:32.265		0.87322			4
2025.10.28	01:13:49.860		0.87323			4
2025.10.28	01:13:52.248	0.87317				2
2025.10.28	01:13:56.995	0.87318				2
2025.10.28	01:13:58.037	0.87317				2
2025.10.28	01:14:00.094	0.87317				2
2025.10.28	01:14:00.420	0.87318				2
2025.10.28	01:14:01.050		0.87325			4
2025.10.28	01:14:01.351		0.87323			4
2025.10.28	01:14:02.370	0.87319				2
2025.10.28	01:14:02.685	0.87318				2
2025.10.28	01:14:09.318		0.87325			4
2025.10.28	01:14:09.641		0.87323			4
2025.10.28	01:14:10.950	0.87320				2
2025.10.28	01:14:13.294	0.87319				2
2025.10.28	01:14:15.851	0.87320				2
2025.10.28	01:14:18.268	0.87319				2
2025.10.28	01:14:21.654	0.87320				2
2025.10.28	01:14:24.171	0.87319				2
2025.10.28	01:14:25.020	0.87320				2
2025.10.28	01:14:27.963	0.87318				2
2025.10.28	01:14:28.353	0.87320				2
2025.10.28	01:14:29.866	0.87319				2
2025.10.28	01:14:32.822	0.87318				2
2025.10.28	01:14:33.618	0.87319				2
2025.10.28	01:14:35.718	0.87318				2
2025.10.28	01:14:37.054	0.87319	0.87325			6
2025.10.28	01:14:37.374		0.87323			4
2025.10.28	01:14:38.118	0.87320				2
2025.10.28	01:14:38.454	0.87318				2
2025.10.28	01:14:41.158	0.87322	0.87325			6
2025.10.28	01:14:41.492	0.87321	0.87323			6
2025.10.28	01:14:41.819	0.87320				2
2025.10.28	01:14:42.148	0.87321				2
2025.10.28	01:14:42.837	0.87322				2
2025.10.28	01:14:43.920		0.87325			4
2025.10.28	01:14:44.276		0.87323			4
2025.10.28	01:14:45.336		0.87325			4
2025.10.28	01:14:45.639		0.87323			4
2025.10.28	01:14:45.994		0.87325			4
2025.10.28	01:14:46.637		0.87323			4
2025.10.28	01:14:47.025		0.87325			4
2025.10.28	01:14:47.672		0.87323			4
2025.10.28	01:14:50.580		0.87325			4
2025.10.28	01:14:50.897		0.87323			4
2025.10.28	01:14:52.378	0.87321				2
2025.10.28	01:14:52.699	0.87320				2
2025.10.28	01:14:54.185	0.87319				2
2025.10.28	01:14:55.778	0.87321	0.87325			6
2025.10.28	01:14:56.102	0.87320	0.87323			6
2025.10.28	01:15:00.142	0.87321	0.87325			6
2025.10.28	01:15:00.483	0.87320	0.87323			6
2025.10.28	01:15:01.595	0.87322				2
2025.10.28	01:15:03.387		0.87324			4
2025.10.28	01:15:07.468	0.87321				2
2025.10.28	01:15:09.411	0.87322				2
2025.10.28	01:15:12.974	0.87323	0.87326			6
2025.10.28	01:15:13.617		0.87324			4
2025.10.28	01:15:13.919		0.87326			4
2025.10.28	01:15:14.595		0.87324			4
2025.10.28	01:15:15.306		0.87326			4
2025.10.28	01:15:16.722		0.87324			4
2025.10.28	01:15:18.028	0.87324	0.87326			6
2025.10.28	01:15:18.638		0.87325			4
2025.10.28	01:15:19.974	0.87323	0.87324			6
2025.10.28	01:15:29.594	0.87322				2
2025.10.28	01:15:35.770	0.87323				2
2025.10.28	01:15:37.232	0.87322	0.87326			6
2025.10.28	01:15:37.538	0.87323	0.87324			6
2025.10.28	01:15:46.868	0.87322				2
2025.10.28	01:15:48.129	0.87323				2
2025.10.28	01:15:48.434	0.87322				2
2025.10.28	01:15:56.269	0.87324	0.87326			6
2025.10.28	01:15:56.572	0.87323				2
2025.10.28	01:15:57.271	0.87322				2
2025.10.28	01:15:59.369	0.87318				2
2025.10.28	01:16:00.907	0.87322				2
2025.10.28	01:16:03.121	0.87323				2
2025.10.28	01:16:09.097		0.87330			4
2025.10.28	01:16:09.794	0.87321				2
2025.10.28	01:16:10.699	0.87315				2
2025.10.28	01:16:11.034	0.87320				2
2025.10.28	01:16:11.657	0.87323				2
2025.10.28	01:16:15.378	0.87326	0.87328			6
2025.10.28	01:16:25.395		0.87330			4
2025.10.28	01:16:25.747		0.87328			4
2025.10.28	01:16:27.011	0.87324	0.87330			6
2025.10.28	01:16:27.318		0.87328			4
2025.10.28	01:16:28.518	0.87320				2
2025.10.28	01:16:28.891	0.87325				2
2025.10.28	01:16:32.969		0.87329			4
2025.10.28	01:16:36.370	0.87324	0.87330			6
2025.10.28	01:16:36.678	0.87327				2
2025.10.28	01:16:37.022	0.87325				2
2025.10.28	01:16:37.830	0.87322	0.87328			6
2025.10.28	01:16:40.307	0.87323				2
2025.10.28	01:16:41.343		0.87330			4
2025.10.28	01:16:41.720		0.87328			4
2025.10.28	01:16:42.310		0.87330			4
2025.10.28	01:16:42.618		0.87328			4
2025.10.28	01:16:43.394	0.87327	0.87331			6
2025.10.28	01:16:46.553		0.87333			4
2025.10.28	01:16:46.883		0.87331			4
2025.10.28	01:16:49.438	0.87328				2
2025.10.28	01:16:51.823		0.87333			4
2025.10.28	01:16:52.223		0.87331			4
2025.10.28	01:16:53.937		0.87333			4
2025.10.28	01:16:54.377	0.87329				2
2025.10.28	01:16:55.626		0.87334			4
2025.10.28	01:17:03.679	0.87329				2
2025.10.28	01:17:06.765	0.87327				2
2025.10.28	01:17:09.275	0.87328				2
2025.10.28	01:17:21.368	0.87327				2
2025.10.28	01:17:23.413	0.87326	0.87332			6
2025.10.28	01:17:30.431	0.87327				2
2025.10.28	01:17:38.768	0.87326				2
2025.10.28	01:17:41.578	0.87328				2
2025.10.28	01:17:47.772	0.87327				2
2025.10.28	01:17:50.535	0.87328				2
2025.10.28	01:17:50.880	0.87327				2
2025.10.28	01:17:51.579	0.87328				2
2025.10.28	01:17:51.911	0.87326				2
2025.10.28	01:17:53.723	0.87327				2
2025.10.28	01:17:54.595	0.87326				2
2025.10.28	01:17:55.293	0.87327				2
2025.10.28	01:17:56.296	0.87329	0.87336			6
2025.10.28	01:17:56.598		0.87334			4
2025.10.28	01:17:56.974	0.87328				2
2025.10.28	01:18:00.023	0.87328				2
2025.10.28	01:18:00.421	0.87326				2
2025.10.28	01:18:01.094	0.87327				2
2025.10.28	01:18:03.448	0.87326				2
2025.10.28	01:18:04.133	0.87327				2
2025.10.28	01:18:04.458	0.87326				2
2025.10.28	01:18:05.232	0.87327				2
2025.10.28	01:18:05.536	0.87328				2
2025.10.28	01:18:07.912	0.87327				2
2025.10.28	01:18:08.214	0.87323				2
2025.10.28	01:18:09.732	0.87322				2
2025.10.28	01:18:10.511	0.87323				2
2025.10.28	01:18:12.531	0.87322				2
2025.10.28	01:18:12.845	0.87323				2
2025.10.28	01:18:13.165	0.87322				2
2025.10.28	01:18:13.492	0.87323				2
2025.10.28	01:18:13.808	0.87321				2
2025.10.28	01:18:14.154	0.87322				2
2025.10.28	01:18:14.511	0.87323				2
2025.10.28	01:18:16.003	0.87324				2
2025.10.28	01:18:16.320	0.87321				2
2025.10.28	01:18:16.716	0.87325				2
2025.10.28	01:18:17.018	0.87323				2
2025.10.28	01:18:17.695		0.87333			4
2025.10.28	01:18:18.372	0.87324				2
2025.10.28	01:18:18.730	0.87322				2
2025.10.28	01:18:19.370	0.87323				2
2025.10.28	01:18:20.073	0.87322	0.87332			6
2025.10.28	01:18:20.718		0.87333			4
2025.10.28	01:18:34.744		0.87334			4
2025.10.28	01:18:37.822	0.87321				2
2025.10.28	01:18:38.160	0.87322				2
2025.10.28	01:18:42.400	0.87321	0.87332			6
2025.10.28	01:18:46.062	0.87320	0.87327			6
2025.10.28	01:19:00.404	0.87319				2
2025.10.28	01:19:04.853	0.87321	0.87332			6
2025.10.28	01:19:14.170	0.87322				2
2025.10.28	01:19:44.661	0.87323				2
2025.10.28	01:20:00.048	0.87323				2
2025.10.28	01:20:01.560	0.87322				2
2025.10.28	01:20:05.006		0.87332			4
2025.10.28	01:20:05.396	0.87324				2
2025.10.28	01:20:06.706	0.87323				2
2025.10.28	01:20:11.468		0.87331			4
2025.10.28	01:20:13.978		0.87330			4
2025.10.28	01:20:27.639	0.87325	0.87332			6
2025.10.28	01:21:00.323	0.87325				2
2025.10.28	01:21:06.166		0.87331			4
2025.10.28	01:21:12.600		0.87329			4
2025.10.28	01:21:14.935	0.87326	0.87331			6
2025.10.28	01:21:15.417		0.87329			4
2025.10.28	01:21:18.874	0.87325	0.87331			6
2025.10.28	01:21:33.961		0.87329			4
2025.10.28	01:21:55.416	0.87327	0.87331			6
2025.10.28	01:22:00.234	0.87328	0.87333			6
2025.10.28	01:22:03.901		0.87331			4
2025.10.28	01:22:04.212	0.87327				2
2025.10.28	01:22:14.102	0.87328				2
2025.10.28	01:22:36.703	0.87326	0.87329			6
2025.10.28	01:22:37.762	0.87325				2
2025.10.28	01:22:51.403		0.87328			4
2025.10.28	01:22:51.720		0.87330			4
2025.10.28	01:22:52.037	0.87326				2
2025.10.28	01:22:52.359	0.87325				2
2025.10.28	01:22:54.537	0.87326				2
2025.10.28	01:22:54.839		0.87328			4
2025.10.28	01:22:55.160	0.87325				2
2025.10.28	01:22:59.005	0.87324				2
2025.10.28	01:23:00.014	0.87324				2
2025.10.28	01:23:01.123		0.87330			4
2025.10.28	01:23:04.349	0.87325				2
2025.10.28	01:23:06.194	0.87324				2
2025.10.28	01:23:06.776	0.87325				2
2025.10.28	01:23:14.769	0.87326				2
2025.10.28	01:24:00.627	0.87326				2
2025.10.28	01:24:03.714		0.87330			4
2025.10.28	01:25:00.910	0.87326				2
2025.10.28	01:25:01.485		0.87333			4
2025.10.28	01:25:23.047	0.87327				2
2025.10.28	01:25:27.969	0.87326				2
2025.10.28	01:25:29.848	0.87325	0.87328			6
2025.10.28	01:25:30.350	0.87327	0.87330			6
2025.10.28	01:25:30.755		0.87328			4
2025.10.28	01:25:32.994		0.87330			4
2025.10.28	01:25:34.225		0.87328			4
2025.10.28	01:25:35.580		0.87330			4
2025.10.28	01:25:53.402	0.87328				2
2025.10.28	01:25:55.870	0.87327				2
2025.10.28	01:26:00.413	0.87327				2
2025.10.28	01:26:16.269	0.87326				2
2025.10.28	01:26:19.800	0.87327	0.87331			6
2025.10.28	01:26:21.562	0.87328				2
2025.10.28	01:26:34.245	0.87324	0.87330			6
2025.10.28	01:26:34.790	0.87327				2
2025.10.28	01:26:54.885	0.87326				2
2025.10.28	01:26:59.914	0.87327				2
2025.10.28	01:27:02.189	0.87327				2
2025.10.28	01:27:21.070	0.87328				2
2025.10.28	01:27:22.389	0.87327				2
2025.10.28	01:27:26.989		0.87331			4
2025.10.28	01:27:32.469	0.87328				2
2025.10.28	01:27:34.488	0.87327				2
2025.10.28	01:28:00.353	0.87327				2
2025.10.28	01:28:05.581		0.87330			4
2025.10.28	01:28:17.347	0.87328				2
2025.10.28	01:28:19.452	0.87327				2
2025.10.28	01:28:21.968	0.87328				2
2025.10.28	01:28:27.969	0.87327				2
2025.10.28	01:28:31.991	0.87325				2
2025.10.28	01:28:32.297	0.87326				2
2025.10.28	01:28:33.115	0.87325				2
2025.10.28	01:28:47.169	0.87326				2
2025.10.28	01:28:50.169	0.87325				2
2025.10.28	01:28:55.806	0.87326				2
2025.10.28	01:28:56.117	0.87328				2
2025.10.28	01:28:56.678		0.87331			4
2025.10.28	01:28:57.115	0.87329				2
2025.10.28	01:29:00.373	0.87329				2
2025.10.28	01:29:07.984	0.87328				2
2025.10.28	01:29:09.811	0.87329				2
2025.10.28	01:29:13.871	0.87328				2
2025.10.28	01:29:34.568	0.87329				2
2025.10.28	01:29:56.678		0.87331			4
2025.10.28	01:30:00.380	0.87329				2
2025.10.28	01:30:03.196		0.87334			4
2025.10.28	01:30:04.144		0.87333			4
2025.10.28	01:30:06.403	0.87330				2
2025.10.28	01:30:06.752	0.87329	0.87331			6
2025.10.28	01:30:14.939	0.87328	0.87332			6
2025.10.28	01:30:15.741	0.87329	0.87331			6
2025.10.28	01:30:19.469	0.87330	0.87332			6
2025.10.28	01:30:20.367		0.87333			4
2025.10.28	01:30:23.192	0.87331				2
2025.10.28	01:30:24.017		0.87332			4
2025.10.28	01:30:27.668	0.87330	0.87331			6
2025.10.28	01:30:28.314	0.87331	0.87333			6
2025.10.28	01:30:40.197		0.87335			4
2025.10.28	01:30:53.417	0.87335	0.87338			6
2025.10.28	01:30:53.719	0.87337	0.87339			6
2025.10.28	01:30:54.026		0.87341			4
2025.10.28	01:31:00.669	0.87335	0.87336			6
2025.10.28	01:31:01.470	0.87337	0.87338			6
2025.10.28	01:31:02.853	0.87336	0.87337			6
2025.10.28	01:31:07.566		0.87338			4
2025.10.28	01:31:08.264		0.87337			4
2025.10.28	01:31:08.925		0.87338			4
2025.10.28	01:31:12.840	0.87337	0.87340			6
2025.10.28	01:31:20.555		0.87342			4
2025.10.28	01:31:38.057	0.87336				2
2025.10.28	01:31:53.396		0.87343			4
2025.10.28	01:31:58.269	0.87337				2
2025.10.28	01:32:00.460	0.87337	0.87342			6
2025.10.28	01:32:03.956		0.87343			4
2025.10.28	01:32:09.820		0.87342			4
2025.10.28	01:32:12.851	0.87336	0.87340			6
2025.10.28	01:32:13.298	0.87337	0.87342			6
2025.10.28	01:32:13.608		0.87341			4
2025.10.28	01:32:14.348	0.87336				2
2025.10.28	01:32:17.506	0.87333	0.87339			6
2025.10.28	01:32:19.674	0.87334	0.87340			6
2025.10.28	01:32:21.824	0.87335				2
2025.10.28	01:32:22.944	0.87333	0.87337			6
2025.10.28	01:32:24.040		0.87338			4
2025.10.28	01:32:24.370		0.87337			4
2025.10.28	01:32:26.607		0.87338			4
2025.10.28	01:32:31.140		0.87339			4
2025.10.28	01:32:31.460		0.87338			4
2025.10.28	01:32:37.082		0.87339			4
2025.10.28	01:32:46.157		0.87338			4
2025.10.28	01:32:47.812	0.87335	0.87340			6
2025.10.28	01:32:51.013		0.87341			4
2025.10.28	01:32:51.676		0.87340			4
2025.10.28	01:32:52.366		0.87341			4
2025.10.28	01:32:53.143	0.87334	0.87339			6
2025.10.28	01:32:58.156	0.87333				2
2025.10.28	01:33:00.031	0.87333				2
2025.10.28	01:33:00.472	0.87332				2
2025.10.28	01:33:04.484	0.87334	0.87338			6
2025.10.28	01:33:14.132	0.87333	0.87337			6
2025.10.28	01:33:27.212		0.87338			4
2025.10.28	01:33:29.377	0.87334	0.87340			6
2025.10.28	01:33:33.669	0.87335				2
2025.10.28	01:33:41.286	0.87333	0.87339			6
2025.10.28	01:33:51.940	0.87334				2
2025.10.28	01:33:53.484	0.87333				2
2025.10.28	01:33:53.914		0.87338			4
2025.10.28	01:33:55.085		0.87337			4
2025.10.28	01:33:59.418	0.87332	0.87336			6
2025.10.28	01:34:00.293	0.87334	0.87340			6
2025.10.28	01:34:05.341	0.87335				2
2025.10.28	01:34:57.748	0.87338	0.87342			6
2025.10.28	01:34:58.059	0.87337	0.87343			6
2025.10.28	01:35:01.124	0.87336	0.87342			6
2025.10.28	01:35:07.217	0.87335	0.87341			6
2025.10.28	01:35:07.551	0.87336				2
2025.10.28	01:35:13.435	0.87335				2
2025.10.28	01:35:26.411	0.87336	0.87340			6
2025.10.28	01:35:31.268	0.87335	0.87341			6
2025.10.28	01:35:31.774	0.87336	0.87340			6
2025.10.28	01:35:46.966	0.87334	0.87338			6
2025.10.28	01:35:53.682	0.87333	0.87339			6
2025.10.28	01:35:55.091	0.87335	0.87340			6
2025.10.28	01:35:58.039	0.87334				2
2025.10.28	01:35:58.423	0.87335	0.87341			6
2025.10.28	01:36:00.143	0.87333	0.87339			6
2025.10.28	01:36:01.069		0.87338			4
2025.10.28	01:36:07.782		0.87339			4
2025.10.28	01:36:44.048	0.87334				2
2025.10.28	01:36:56.987		0.87338			4
2025.10.28	01:36:59.148	0.87333	0.87337			6
2025.10.28	01:37:00.479	0.87333				2
2025.10.28	01:37:04.478	0.87334	0.87338			6
2025.10.28	01:37:21.786		0.87337			4
2025.10.28	01:37:26.330	0.87333				2
2025.10.28	01:37:34.459	0.87332				2
2025.10.28	01:37:34.829	0.87335	0.87339			6
2025.10.28	01:37:40.078	0.87336	0.87340			6
2025.10.28	01:38:01.534	0.87335				2
2025.10.28	01:38:06.186	0.87336				2
2025.10.28	01:38:28.973	0.87335				2
2025.10.28	01:38:31.559	0.87336				2
2025.10.28	01:38:35.864	0.87334	0.87339			6
2025.10.28	01:38:39.070	0.87335				2
2025.10.28	01:38:43.692		0.87341			4
2025.10.28	01:38:48.970		0.87340			4
2025.10.28	01:38:53.760		0.87341			4
2025.10.28	01:38:58.321		0.87339			4
2025.10.28	01:39:00.483	0.87335				2
2025.10.28	01:39:10.169		0.87341			4
2025.10.28	01:39:11.571	0.87336				2
2025.10.28	01:39:13.335	0.87335	0.87338			6
2025.10.28	01:39:16.868	0.87334				2
2025.10.28	01:39:17.368	0.87336	0.87340			6
2025.10.28	01:39:21.369	0.87335				2
2025.10.28	01:39:26.769	0.87336				2
2025.10.28	01:39:38.171	0.87335	0.87339			6
2025.10.28	01:39:39.947		0.87340			4
2025.10.28	01:39:43.569	0.87336				2
2025.10.28	01:39:46.925	0.87335				2
2025.10.28	01:39:51.067	0.87333	0.87337			6
2025.10.28	01:40:04.900	0.87333	0.87338			6
2025.10.28	01:40:14.394	0.87334				2
2025.10.28	01:40:15.621		0.87337			4
2025.10.28	01:40:16.000	0.87333	0.87336			6
2025.10.28	01:40:32.378	0.87332				2
2025.10.28	01:40:44.768	0.87333				2
2025.10.28	01:41:01.101	0.87333				2
2025.10.28	01:41:03.844		0.87337			4
2025.10.28	01:41:05.768		0.87336			4
2025.10.28	01:41:14.006		0.87337			4
2025.10.28	01:41:18.938		0.87336			4
2025.10.28	01:41:30.068	0.87332				2
2025.10.28	01:41:32.751	0.87333				2
2025.10.28	01:41:34.314	0.87332				2
2025.10.28	01:41:36.797	0.87333	0.87335			6
2025.10.28	01:41:39.121	0.87332				2
2025.10.28	01:41:41.089	0.87333				2
2025.10.28	01:41:49.750	0.87332	0.87336			6
2025.10.28	01:41:55.281	0.87333				2
2025.10.28	01:42:00.500	0.87333				2
2025.10.28	01:42:01.559		0.87337			4
2025.10.28	01:42:22.696	0.87334	0.87338			6
2025.10.28	01:42:31.869		0.87339			4
2025.10.28	01:42:32.790		0.87337			4
2025.10.28	01:42:33.572	0.87332				2
2025.10.28	01:42:35.638		0.87336			4
2025.10.28	01:42:36.021		0.87335			4
2025.10.28	01:42:40.268	0.87331	0.87334			6
2025.10.28	01:42:40.739	0.87332	0.87337			6
2025.10.28	01:42:53.603		0.87335			4
2025.10.28	01:42:54.877		0.87337			4
2025.10.28	01:43:00.534	0.87332				2
2025.10.28	01:43:03.468	0.87334	0.87339			6
2025.10.28	01:43:03.826		0.87338			4
2025.10.28	01:43:08.388		0.87337			4
2025.10.28	01:43:14.769	0.87333	0.87336			6
2025.10.28	01:43:15.127	0.87334	0.87337			6
2025.10.28	01:43:15.459	0.87333	0.87336			6
2025.10.28	01:43:22.568		0.87337			4
2025.10.28	01:43:39.990		0.87338			4
2025.10.28	01:43:48.759	0.87334	0.87337			6
2025.10.28	01:43:52.345		0.87338			4
2025.10.28	01:43:55.686	0.87335				2
2025.10.28	01:44:00.351	0.87335				2
2025.10.28	01:44:14.167	0.87334				2
2025.10.28	01:44:24.068	0.87335				2
2025.10.28	01:44:53.170	0.87334	0.87338			6
2025.10.28	01:45:00.308	0.87334	0.87337			6
2025.10.28	01:45:01.568	0.87335				2
2025.10.28	01:45:07.634		0.87338			4
2025.10.28	01:45:08.207	0.87334				2
2025.10.28	01:45:14.167	0.87335				2
2025.10.28	01:45:19.935		0.87337			4
2025.10.28	01:45:30.538		0.87338			4
2025.10.28	01:46:00.958	0.87335				2
2025.10.28	01:46:03.123		0.87337			4
2025.10.28	01:46:04.639	0.87334				2
2025.10.28	01:46:06.669	0.87335				2
2025.10.28	01:46:12.578		0.87338			4
2025.10.28	01:46:38.794	0.87334	0.87337			6
2025.10.28	01:46:39.101	0.87335	0.87338			6
2025.10.28	01:46:52.255		0.87337			4
2025.10.28	01:46:54.177	0.87334				2
2025.10.28	01:47:01.569	0.87334				2
2025.10.28	01:47:32.161	0.87333	0.87336			6
2025.10.28	01:47:36.162	0.87334	0.87337			6
2025.10.28	01:47:40.267	0.87333	0.87336			6
2025.10.28	01:47:45.138	0.87334	0.87337			6
2025.10.28	01:47:47.522	0.87333	0.87336			6
2025.10.28	01:47:53.135		0.87337			4
2025.10.28	01:47:57.532		0.87336			4
2025.10.28	01:48:01.031	0.87333				2
2025.10.28	01:48:16.385	0.87332				2
2025.10.28	01:48:22.868	0.87333				2
2025.10.28	01:48:29.806	0.87332				2
2025.10.28	01:48:41.500	0.87334				2
2025.10.28	01:48:42.094	0.87333				2
2025.10.28	01:48:43.653	0.87334				2
2025.10.28	01:48:44.153	0.87332				2
2025.10.28	01:48:47.106		0.87335			4
2025.10.28	01:48:58.349	0.87333	0.87337			6
2025.10.28	01:48:59.519		0.87336			4
2025.10.28	01:49:00.024	0.87333				2
2025.10.28	01:49:00.700		0.87335			4
2025.10.28	01:49:02.031	0.87331				2
2025.10.28	01:49:02.334	0.87333				2
2025.10.28	01:49:08.898	0.87332	0.87336			6
2025.10.28	01:49:11.139	0.87333				2
2025.10.28	01:49:11.983		0.87334			4
2025.10.28	01:49:13.396	0.87332				2
2025.10.28	01:49:17.094		0.87336			4
2025.10.28	01:49:23.726	0.87333				2
2025.10.28	01:49:48.686	0.87330	0.87333			6
2025.10.28	01:49:49.996	0.87328	0.87330			6
2025.10.28	01:49:50.320	0.87327				2
2025.10.28	01:49:50.622	0.87326	0.87329			6
2025.10.28	01:49:50.937	0.87327				2
2025.10.28	01:49:51.517	0.87326	0.87328			6
2025.10.28	01:49:51.818	0.87324	0.87326			6
2025.10.28	01:49:52.123	0.87322	0.87325			6
2025.10.28	01:49:52.540	0.87323				2
2025.10.28	01:49:56.835	0.87325	0.87328			6
2025.10.28	01:49:57.137		0.87329			4
2025.10.28	01:49:58.117	0.87326				2
2025.10.28	01:50:00.314	0.87326	0.87330			6
2025.10.28	01:50:01.847	0.87324	0.87327			6
2025.10.28	01:50:03.915	0.87326	0.87329			6
2025.10.28	01:50:15.576		0.87330			4
2025.10.28	01:50:26.168	0.87327				2
2025.10.28	01:50:35.769		0.87331			4
2025.10.28	01:50:38.154	0.87328	0.87330			6
2025.10.28	01:50:50.219	0.87327	0.87331			6
2025.10.28	01:50:58.369	0.87328				2
2025.10.28	01:51:00.912	0.87330	0.87334			6
2025.10.28	01:51:14.892	0.87331				2
2025.10.28	01:51:39.675		0.87333			4
2025.10.28	01:51:42.987		0.87334			4
2025.10.28	01:52:00.414	0.87330				2
2025.10.28	01:52:06.806	0.87331	0.87333			6
2025.10.28	01:52:31.326		0.87334			4
2025.10.28	01:52:46.443	0.87332	0.87335			6
2025.10.28	01:52:47.379	0.87334	0.87338			6
2025.10.28	01:53:02.072	0.87334				2
2025.10.28	01:53:02.472		0.87337			4
2025.10.28	01:53:06.793		0.87338			4
2025.10.28	01:53:07.804	0.87335				2
2025.10.28	01:53:56.769	0.87334	0.87337			6
2025.10.28	01:54:00.864	0.87334				2
2025.10.28	01:54:02.470	0.87335				2
2025.10.28	01:54:20.912	0.87334				2
2025.10.28	01:54:23.237	0.87335				2
2025.10.28	01:54:25.056	0.87334				2
2025.10.28	01:54:28.478	0.87335	0.87338			6
2025.10.28	01:54:58.569		0.87337			4
2025.10.28	01:55:00.400	0.87335				2
2025.10.28	01:55:07.270		0.87338			4
2025.10.28	01:55:27.425	0.87336				2
2025.10.28	01:55:27.755	0.87335	0.87337			6
2025.10.28	01:55:33.793	0.87337	0.87341			6
2025.10.28	01:55:39.217	0.87335	0.87338			6
2025.10.28	01:55:41.827		0.87339			4
2025.10.28	01:55:43.396	0.87334	0.87338			6
2025.10.28	01:55:43.697		0.87337			4
2025.10.28	01:55:50.273	0.87333				2
2025.10.28	01:56:00.149	0.87333				2
2025.10.28	01:56:03.547	0.87334				2
2025.10.28	01:56:03.867		0.87336			4
2025.10.28	01:56:20.403	0.87333				2
2025.10.28	01:56:30.406	0.87334				2
2025.10.28	01:56:36.864	0.87333				2
2025.10.28	01:56:41.772	0.87334				2
2025.10.28	01:56:46.405	0.87333				2
2025.10.28	01:56:59.938	0.87334				2
2025.10.28	01:57:00.703	0.87334				2
2025.10.28	01:57:02.735	0.87333				2
2025.10.28	01:57:03.897		0.87336			4
2025.10.28	01:57:14.182	0.87334	0.87337			6
2025.10.28	01:57:14.499	0.87333				2
2025.10.28	01:57:29.077	0.87332				2
2025.10.28	01:57:36.154	0.87336	0.87339			6
2025.10.28	01:57:36.458		0.87338			4
2025.10.28	01:57:39.677		0.87339			4
2025.10.28	01:57:43.698	0.87334	0.87338			6
2025.10.28	01:57:50.838	0.87335				2
2025.10.28	01:57:51.438	0.87334				2
2025.10.28	01:58:00.414	0.87335				2
2025.10.28	01:58:05.245		0.87339			4
2025.10.28	01:58:13.770		0.87338			4
2025.10.28	01:58:14.922	0.87336				2
2025.10.28	01:58:21.479	0.87335				2
2025.10.28	01:58:22.657	0.87336				2
2025.10.28	01:58:28.905		0.87339			4
2025.10.28	01:58:45.813	0.87338	0.87342			6
2025.10.28	01:58:52.628	0.87336	0.87339			6
2025.10.28	01:58:54.552	0.87335	0.87338			6
2025.10.28	01:59:01.103	0.87335				2
2025.10.28	01:59:16.243	0.87333	0.87337			6
2025.10.28	01:59:17.467	0.87334	0.87336			6
2025.10.28	01:59:20.458	0.87331	0.87335			6
2025.10.28	01:59:21.337	0.87334	0.87337			6
2025.10.28	01:59:26.936	0.87333	0.87336			6
2025.10.28	01:59:27.504		0.87337			4
2025.10.28	01:59:29.429	0.87334	0.87338			6
2025.10.28	01:59:32.123	0.87333	0.87336			6
2025.10.28	01:59:33.503	0.87332	0.87335			6
2025.10.28	01:59:35.253	0.87331				2
2025.10.28	01:59:35.768	0.87332				2
2025.10.28	01:59:39.072	0.87331	0.87336			6
2025.10.28	01:59:40.289	0.87332	0.87334			6
2025.10.28	01:59:44.960	0.87334	0.87338			6
2025.10.28	01:59:52.389	0.87333				2
2025.10.28	01:59:53.438		0.87336			4
2025.10.28	01:59:53.866		0.87337			4
2025.10.28	02:00:00.861	0.87334	0.87338			6
2025.10.28	02:00:01.229	0.87332	0.87335			6
2025.10.28	02:00:01.539	0.87331	0.87334			6
2025.10.28	02:00:02.561	0.87333	0.87336			6
2025.10.28	02:00:06.811	0.87334	0.87338			6
2025.10.28	02:00:09.015	0.87333	0.87336			6
2025.10.28	02:00:10.433		0.87337			4
2025.10.28	02:00:13.545	0.87332	0.87336			6
2025.10.28	02:00:15.403	0.87333				2
2025.10.28	02:00:17.544		0.87337			4
2025.10.28	02:00:23.771	0.87334	0.87338			6
2025.10.28	02:00:25.456	0.87336	0.87340			6
2025.10.28	02:00:27.232	0.87334	0.87339			6
2025.10.28	02:00:29.526	0.87333	0.87336			6
2025.10.28	02:00:30.948	0.87332	0.87337			6
2025.10.28	02:00:32.462	0.87335	0.87338			6
2025.10.28	02:00:33.344	0.87337	0.87339			6
2025.10.28	02:00:34.620		0.87340			4
2025.10.28	02:00:45.807		0.87342			4
2025.10.28	02:00:46.362		0.87341			4
2025.10.28	02:00:47.562	0.87335	0.87338			6
2025.10.28	02:00:50.768		0.87339			4
2025.10.28	02:01:00.264	0.87335	0.87338			6
2025.10.28	02:01:02.130		0.87339			4
2025.10.28	02:01:07.061		0.87338			4
2025.10.28	02:01:07.366	0.87334	0.87337			6
2025.10.28	02:01:09.499	0.87331	0.87336			6
2025.10.28	02:01:15.597	0.87332				2
2025.10.28	02:01:16.681	0.87331				2
2025.10.28	02:01:20.682	0.87334	0.87337			6
2025.10.28	02:01:21.158	0.87332	0.87336			6
2025.10.28	02:01:21.910	0.87334	0.87337			6
2025.10.28	02:01:26.009	0.87336	0.87339			6
2025.10.28	02:01:28.421	0.87334	0.87338			6
2025.10.28	02:01:28.743	0.87335				2
2025.10.28	02:01:30.847	0.87336	0.87339			6
2025.10.28	02:01:33.523	0.87335	0.87338			6
2025.10.28	02:01:35.156	0.87338	0.87341			6
2025.10.28	02:01:38.630	0.87336	0.87340			6
2025.10.28	02:01:39.001		0.87339			4
2025.10.28	02:01:39.987	0.87334	0.87338			6
2025.10.28	02:01:40.313	0.87335				2
2025.10.28	02:01:40.934	0.87334				2
2025.10.28	02:01:50.309	0.87333	0.87337			6
2025.10.28	02:01:51.547	0.87334	0.87338			6
2025.10.28	02:01:52.066		0.87339			4
2025.10.28	02:01:53.217		0.87338			4
2025.10.28	02:01:54.784	0.87337	0.87341			6
2025.10.28	02:01:59.384		0.87342			4
2025.10.28	02:01:59.942	0.87338	0.87341			6
2025.10.28	02:02:03.073	0.87337				2
2025.10.28	02:02:03.410	0.87335	0.87339			6
2025.10.28	02:02:08.916	0.87336				2
2025.10.28	02:02:13.847	0.87335				2
2025.10.28	02:02:14.369	0.87336				2
2025.10.28	02:02:17.000	0.87337	0.87340			6
2025.10.28	02:02:17.381	0.87334	0.87339			6
2025.10.28	02:02:17.950	0.87336	0.87338			6
2025.10.28	02:02:20.577	0.87338	0.87341			6
2025.10.28	02:02:32.900	0.87335	0.87338			6
2025.10.28	02:02:37.379	0.87336	0.87339			6
2025.10.28	02:02:44.591	0.87341	0.87344			6
2025.10.28	02:02:46.414	0.87342				2
2025.10.28	02:02:57.502		0.87345			4
2025.10.28	02:03:00.602	0.87342				2
2025.10.28	02:03:04.368	0.87338	0.87343			6
2025.10.28	02:03:04.679	0.87340				2
2025.10.28	02:03:10.176	0.87338				2
2025.10.28	02:03:10.581	0.87340	0.87344			6
2025.10.28	02:03:10.966	0.87339				2
2025.10.28	02:03:12.165	0.87340				2
2025.10.28	02:03:13.476		0.87343			4
2025.10.28	02:03:14.942	0.87339				2
2025.10.28	02:03:19.555	0.87340				2
2025.10.28	02:03:30.307	0.87339				2
2025.10.28	02:03:43.890	0.87341	0.87344			6
2025.10.28	02:03:44.223	0.87340				2
2025.10.28	02:03:46.135	0.87339	0.87343			6
2025.10.28	02:03:46.944		0.87344			4
2025.10.28	02:03:51.960		0.87343			4
2025.10.28	02:04:01.347	0.87341	0.87344			6
2025.10.28	02:04:03.473	0.87342				2
2025.10.28	02:04:09.938	0.87341				2
2025.10.28	02:04:15.428	0.87342				2
2025.10.28	02:04:24.847	0.87343	0.87347			6
2025.10.28	02:04:27.772	0.87344				2
2025.10.28	02:04:37.059	0.87342	0.87345			6
2025.10.28	02:04:49.867	0.87341	0.87343			6
2025.10.28	02:04:58.700	0.87342	0.87345			6
2025.10.28	02:05:00.361	0.87342				2
2025.10.28	02:05:01.455	0.87343	0.87346			6
2025.10.28	02:05:07.461	0.87342	0.87345			6
2025.10.28	02:05:17.765		0.87346			4
2025.10.28	02:05:18.418	0.87344	0.87345			6
2025.10.28	02:05:21.932	0.87342	0.87346			6
2025.10.28	02:05:23.769		0.87347			4
2025.10.28	02:05:37.682	0.87344	0.87348			6
2025.10.28	02:05:42.832		0.87346			4
2025.10.28	02:05:44.169	0.87345				2
2025.10.28	02:05:46.385	0.87344	0.87348			6
2025.10.28	02:05:46.915	0.87343				2
2025.10.28	02:05:52.694	0.87344				2
2025.10.28	02:06:01.650	0.87344				2
2025.10.28	02:06:02.225	0.87342	0.87346			6
2025.10.28	02:06:12.701	0.87343				2
2025.10.28	02:06:20.629	0.87342				2
2025.10.28	02:06:36.911		0.87347			4
2025.10.28	02:06:38.432	0.87343				2
2025.10.28	02:06:40.409	0.87344	0.87348			6
2025.10.28	02:06:52.088	0.87343	0.87347			6
2025.10.28	02:06:53.382	0.87344	0.87346			6
2025.10.28	02:06:57.257	0.87343				2
2025.10.28	02:07:00.464	0.87343				2
2025.10.28	02:07:12.258	0.87344	0.87347			6
2025.10.28	02:07:17.200	0.87343				2
2025.10.28	02:07:18.281		0.87346			4
2025.10.28	02:07:21.702		0.87345			4
2025.10.28	02:07:22.008	0.87342				2
2025.10.28	02:07:31.507		0.87346			4
2025.10.28	02:08:01.376	0.87343				2
2025.10.28	02:08:02.411	0.87342	0.87345			6
2025.10.28	02:08:17.736		0.87346			4
2025.10.28	02:08:44.613		0.87345			4
2025.10.28	02:08:50.929		0.87346			4
2025.10.28	02:08:51.239	0.87343	0.87345			6
2025.10.28	02:08:57.325	0.87341				2
2025.10.28	02:08:58.195	0.87342				2
2025.10.28	02:09:01.493	0.87343	0.87347			6
2025.10.28	02:09:01.799	0.87341	0.87344			6
2025.10.28	02:09:02.422	0.87343	0.87345			6
2025.10.28	02:09:04.181	0.87340	0.87344			6
2025.10.28	02:09:05.608	0.87342				2
2025.10.28	02:09:06.411		0.87345			4
2025.10.28	02:09:18.783		0.87346			4
2025.10.28	02:09:30.852		0.87345			4
2025.10.28	02:09:32.674	0.87341	0.87344			6
2025.10.28	02:09:34.623	0.87342	0.87346			6
2025.10.28	02:09:43.774	0.87341	0.87344			6
2025.10.28	02:09:44.110	0.87342				2
2025.10.28	02:09:48.109	0.87340				2
2025.10.28	02:09:48.749	0.87341				2
2025.10.28	02:09:49.830	0.87340				2
2025.10.28	02:09:50.905		0.87343			4
2025.10.28	02:10:00.167	0.87340				2
2025.10.28	02:10:00.472	0.87341				2
2025.10.28	02:10:01.686	0.87340				2
2025.10.28	02:10:09.049	0.87341	0.87346			6
2025.10.28	02:10:13.759		0.87345			4
2025.10.28	02:10:14.924	0.87342				2
2025.10.28	02:11:04.771	0.87342				2
2025.10.28	02:11:09.231	0.87341				2
2025.10.28	02:11:15.092	0.87340	0.87345			6
2025.10.28	02:11:25.114	0.87341				2
2025.10.28	02:11:30.537	0.87342	0.87346			6
2025.10.28	02:11:33.448	0.87344	0.87347			6
2025.10.28	02:11:40.228	0.87343	0.87346			6
2025.10.28	02:11:53.320	0.87344				2
2025.10.28	02:11:53.892	0.87343				2
2025.10.28	02:11:55.985		0.87348			4
2025.10.28	02:12:01.678	0.87343	0.87346			6
2025.10.28	02:12:07.803		0.87345			4
2025.10.28	02:12:16.566		0.87346			4
2025.10.28	02:12:21.980		0.87347			4
2025.10.28	02:12:25.294		0.87346			4
2025.10.28	02:12:26.932	0.87342	0.87345			6
2025.10.28	02:12:27.988	0.87343	0.87347			6
2025.10.28	02:12:29.019		0.87346			4
2025.10.28	02:12:33.812	0.87342	0.87345			6
2025.10.28	02:12:39.055	0.87343	0.87347			6
2025.10.28	02:12:40.120		0.87346			4
2025.10.28	02:12:41.661		0.87345			4
2025.10.28	02:12:41.990		0.87346			4
2025.10.28	02:12:42.346	0.87342	0.87345			6
2025.10.28	02:12:44.400	0.87341				2
2025.10.28	02:12:45.760	0.87342				2
2025.10.28	02:13:00.270	0.87342				2
2025.10.28	02:13:15.196	0.87343	0.87346			6
2025.10.28	02:13:28.288	0.87342	0.87345			6
2025.10.28	02:13:44.237	0.87343	0.87346			6
2025.10.28	02:13:51.708	0.87342	0.87345			6
2025.10.28	02:14:05.303	0.87342				2
2025.10.28	02:14:36.629	0.87341	0.87346			6
2025.10.28	02:14:55.567	0.87342				2
2025.10.28	02:15:00.306	0.87343				2
2025.10.28	02:15:10.400	0.87342				2
2025.10.28	02:15:13.279		0.87345			4
2025.10.28	02:15:19.257	0.87343	0.87346			6
2025.10.28	02:15:20.533	0.87342	0.87345			6
2025.10.28	02:15:24.868		0.87346			4
2025.10.28	02:15:27.413		0.87345			4
2025.10.28	02:15:36.020	0.87341	0.87344			6
2025.10.28	02:15:36.328	0.87342	0.87345			6
2025.10.28	02:15:38.218	0.87341				2
2025.10.28	02:15:39.274	0.87342				2
2025.10.28	02:16:00.503	0.87342	0.87346			6
2025.10.28	02:16:02.356		0.87345			4
2025.10.28	02:16:05.769		0.87346			4
2025.10.28	02:16:10.769		0.87345			4
2025.10.28	02:16:12.048		0.87346			4
2025.10.28	02:16:16.583		0.87345			4
2025.10.28	02:16:18.226		0.87346			4
2025.10.28	02:16:18.632	0.87343	0.87347			6
2025.10.28	02:16:36.283	0.87344				2
2025.10.28	02:16:38.713		0.87348			4
2025.10.28	02:16:42.739	0.87343	0.87347			6
2025.10.28	02:16:44.590		0.87348			4
2025.10.28	02:16:45.475		0.87347			4
2025.10.28	02:16:50.579	0.87344				2
2025.10.28	02:16:51.975	0.87343	0.87345			6
2025.10.28	02:16:52.873		0.87347			4
2025.10.28	02:16:56.404		0.87345			4
2025.10.28	02:16:56.986	0.87342				2
2025.10.28	02:16:58.083	0.87343				2
2025.10.28	02:17:00.357	0.87343				2
2025.10.28	02:17:00.669	0.87341				2
2025.10.28	02:17:00.994	0.87346	0.87349			6
2025.10.28	02:17:28.343		0.87348			4
2025.10.28	02:17:42.236	0.87343	0.87347			6
2025.10.28	02:17:46.777		0.87346			4
2025.10.28	02:17:59.435	0.87342	0.87345			6
2025.10.28	02:18:00.535	0.87342				2
2025.10.28	02:18:01.318	0.87343	0.87346			6
2025.10.28	02:18:01.742	0.87342	0.87345			6
2025.10.28	02:18:03.054	0.87343				2
2025.10.28	02:18:06.206		0.87346			4
2025.10.28	02:18:06.707		0.87345			4
2025.10.28	02:18:07.463	0.87342				2
2025.10.28	02:18:18.562	0.87340	0.87344			6
2025.10.28	02:18:21.328	0.87341				2
2025.10.28	02:18:32.108	0.87340				2
2025.10.28	02:18:50.973	0.87341				2
2025.10.28	02:18:52.992	0.87338	0.87341			6
2025.10.28	02:18:55.404	0.87337	0.87340			6
2025.10.28	02:18:55.927		0.87341			4
2025.10.28	02:18:56.246	0.87339				2
2025.10.28	02:18:58.166		0.87342			4
2025.10.28	02:19:03.214	0.87339				2
2025.10.28	02:19:33.102	0.87340	0.87343			6
2025.10.28	02:19:35.397		0.87342			4
2025.10.28	02:19:40.751	0.87339	0.87343			6
2025.10.28	02:19:50.535	0.87340				2
2025.10.28	02:20:00.872	0.87340				2
2025.10.28	02:20:10.356	0.87339	0.87344			6
2025.10.28	02:20:11.612		0.87343			4
2025.10.28	02:20:25.985		0.87344			4
2025.10.28	02:20:31.968	0.87340				2
2025.10.28	02:20:41.624	0.87343	0.87346			6
2025.10.28	02:20:53.969	0.87342	0.87345			6
2025.10.28	02:20:56.135		0.87344			4
2025.10.28	02:20:57.491		0.87345			4
2025.10.28	02:21:02.770	0.87341				2
2025.10.28	02:21:03.146	0.87342				2
2025.10.28	02:21:04.119	0.87343				2
2025.10.28	02:21:04.422	0.87342				2
2025.10.28	02:21:07.226	0.87343				2
2025.10.28	02:21:07.662	0.87342	0.87347			6
2025.10.28	02:21:11.507	0.87343	0.87346			6
2025.10.28	02:21:14.799	0.87342				2
2025.10.28	02:21:17.676		0.87345			4
2025.10.28	02:21:42.812	0.87341				2
2025.10.28	02:21:43.762	0.87342				2
2025.10.28	02:21:50.320	0.87343	0.87346			6
2025.10.28	02:21:55.845	0.87344				2
2025.10.28	02:21:56.746		0.87347			4
2025.10.28	02:22:00.416	0.87344				2
2025.10.28	02:22:03.378	0.87345				2
2025.10.28	02:22:07.140	0.87344				2
2025.10.28	02:22:10.302	0.87343				2
2025.10.28	02:22:15.953		0.87346			4
2025.10.28	02:22:20.279	0.87344				2
2025.10.28	02:22:26.427	0.87342	0.87345			6
2025.10.28	02:22:33.047	0.87343	0.87346			6
2025.10.28	02:22:56.430		0.87345			4
2025.10.28	02:23:00.844	0.87342				2
2025.10.28	02:23:03.471	0.87343				2
2025.10.28	02:23:09.281	0.87341	0.87344			6
2025.10.28	02:23:12.726	0.87340				2
2025.10.28	02:23:17.324	0.87341				2
2025.10.28	02:23:21.407	0.87340				2
2025.10.28	02:23:24.762	0.87342	0.87345			6
2025.10.28	02:23:34.662	0.87340	0.87342			6
2025.10.28	02:23:39.693		0.87343			4
2025.10.28	02:23:40.324		0.87342			4
2025.10.28	02:23:41.039		0.87343			4
2025.10.28	02:23:41.460		0.87342			4
2025.10.28	02:23:52.284	0.87339	0.87343			6
2025.10.28	02:24:02.225	0.87339				2
2025.10.28	02:24:11.543	0.87341				2
2025.10.28	02:24:14.688		0.87344			4
2025.10.28	02:24:19.460	0.87340				2
2025.10.28	02:24:19.974		0.87343			4
2025.10.28	02:24:20.677		0.87344			4
2025.10.28	02:24:21.302		0.87343			4
2025.10.28	02:24:23.657		0.87344			4
2025.10.28	02:24:45.133		0.87343			4
2025.10.28	02:24:54.868		0.87344			4
2025.10.28	02:24:55.181	0.87341				2
2025.10.28	02:24:58.485	0.87339				2
2025.10.28	02:25:00.323	0.87341	0.87345			6
2025.10.28	02:25:03.959		0.87344			4
2025.10.28	02:25:08.298	0.87342	0.87346			6
2025.10.28	02:25:10.914	0.87341	0.87344			6
2025.10.28	02:25:15.073	0.87340	0.87342			6
2025.10.28	02:25:18.468		0.87343			4
2025.10.28	02:25:34.148	0.87339	0.87342			6
2025.10.28	02:25:36.289	0.87340				2
2025.10.28	02:25:37.271		0.87343			4
2025.10.28	02:25:46.069	0.87339				2
2025.10.28	02:25:52.827	0.87338	0.87342			6
2025.10.28	02:25:54.401	0.87340				2
2025.10.28	02:25:57.181		0.87341			4
2025.10.28	02:25:58.131		0.87342			4
2025.10.28	02:26:00.903	0.87340				2
2025.10.28	02:26:01.290		0.87343			4
2025.10.28	02:26:12.906	0.87341				2
2025.10.28	02:26:17.339	0.87340				2
2025.10.28	02:26:22.631	0.87339	0.87342			6
2025.10.28	02:26:23.382	0.87340	0.87343			6
2025.10.28	02:26:24.705	0.87341	0.87344			6
2025.10.28	02:26:32.684	0.87342				2
2025.10.28	02:26:36.840	0.87341				2
2025.10.28	02:26:47.891	0.87339	0.87342			6
2025.10.28	02:26:51.860		0.87341			4
2025.10.28	02:26:56.995	0.87338				2
2025.10.28	02:27:00.658	0.87338				2
2025.10.28	02:27:04.689	0.87333	0.87335			6
2025.10.28	02:27:05.000	0.87330	0.87333			6
2025.10.28	02:27:05.328		0.87331			4
2025.10.28	02:27:06.431		0.87332			4
2025.10.28	02:27:09.918	0.87331				2
2025.10.28	02:27:12.036	0.87333	0.87335			6
2025.10.28	02:27:31.695		0.87336			4
2025.10.28	02:27:34.341		0.87335			4
2025.10.28	02:28:00.536	0.87333				2
2025.10.28	02:28:13.364	0.87334	0.87336			6
2025.10.28	02:28:22.627	0.87336	0.87338			6
2025.10.28	02:28:23.263	0.87335	0.87337			6
2025.10.28	02:28:26.770	0.87334				2
2025.10.28	02:29:00.357	0.87334	0.87338			6
2025.10.28	02:29:50.085		0.87337			4
2025.10.28	02:29:54.659	0.87335	0.87338			6
2025.10.28	02:29:56.379	0.87334	0.87337			6
2025.10.28	02:29:58.414	0.87335	0.87338			6
2025.10.28	02:30:00.997	0.87335				2
2025.10.28	02:30:08.971	0.87336				2
2025.10.28	02:30:14.475	0.87335				2
2025.10.28	02:30:15.383		0.87337			4
2025.10.28	02:30:27.950	0.87333				2
2025.10.28	02:30:33.524	0.87334				2
2025.10.28	02:30:37.745	0.87333				2
2025.10.28	02:31:00.438	0.87334				2
2025.10.28	02:31:02.205	0.87332	0.87336			6
2025.10.28	02:31:02.518	0.87334	0.87337			6
2025.10.28	02:31:04.269		0.87338			4
2025.10.28	02:31:07.890	0.87335	0.87337			6
2025.10.28	02:31:12.879	0.87333				2
2025.10.28	02:31:13.567	0.87334				2
2025.10.28	02:31:18.577	0.87333	0.87336			6
2025.10.28	02:31:19.627	0.87332				2
2025.10.28	02:31:19.940	0.87333				2
2025.10.28	02:31:28.003		0.87337			4
2025.10.28	02:31:32.417	0.87334	0.87336			6
2025.10.28	02:31:38.024	0.87335	0.87338			6
2025.10.28	02:31:48.902		0.87339			4
2025.10.28	02:31:52.118		0.87338			4
2025.10.28	02:31:53.664	0.87334				2
2025.10.28	02:31:56.002	0.87335				2
2025.10.28	02:32:00.281	0.87335				2
2025.10.28	02:32:42.633	0.87334				2
2025.10.28	02:32:43.151	0.87335				2
2025.10.28	02:32:43.687	0.87334				2
2025.10.28	02:32:45.320	0.87335				2
2025.10.28	02:33:01.555	0.87335	0.87338			6
2025.10.28	02:33:07.057	0.87334				2
2025.10.28	02:33:07.403	0.87336	0.87339			6
2025.10.28	02:33:11.769	0.87335	0.87338			6
2025.10.28	02:33:42.196	0.87334	0.87337			6
2025.10.28	02:33:42.537	0.87335	0.87338			6
2025.10.28	02:33:56.929	0.87334				2
2025.10.28	02:34:00.318	0.87334				2
2025.10.28	02:34:00.734	0.87335				2
2025.10.28	02:34:01.039		0.87339			4
2025.10.28	02:34:01.361	0.87334	0.87337			6
2025.10.28	02:34:01.916	0.87332				2
2025.10.28	02:34:02.246	0.87334				2
2025.10.28	02:34:09.963	0.87333				2
2025.10.28	02:34:10.319	0.87332				2
2025.10.28	02:34:10.640	0.87331				2
2025.10.28	02:34:11.888	0.87332				2
2025.10.28	02:34:16.977	0.87333	0.87336			6
2025.10.28	02:34:20.512	0.87332				2
2025.10.28	02:34:22.941	0.87333				2
2025.10.28	02:34:24.795	0.87332				2
2025.10.28	02:34:25.444	0.87335	0.87338			6
2025.10.28	02:34:25.748	0.87336	0.87339			6
2025.10.28	02:34:27.733	0.87337	0.87340			6
2025.10.28	02:34:36.836	0.87335	0.87338			6
2025.10.28	02:34:37.468	0.87337	0.87339			6
2025.10.28	02:34:42.296	0.87336				2
2025.10.28	02:34:43.142	0.87335	0.87336			6
2025.10.28	02:34:44.538	0.87333	0.87337			6
2025.10.28	02:34:47.119	0.87331	0.87335			6
2025.10.28	02:34:47.429	0.87330				2
2025.10.28	02:34:48.422	0.87331				2
2025.10.28	02:34:51.936	0.87330				2
2025.10.28	02:34:53.312	0.87331				2
2025.10.28	02:34:57.491	0.87332				2
2025.10.28	02:35:02.497	0.87332				2
2025.10.28	02:35:07.283	0.87333				2
2025.10.28	02:35:08.693		0.87336			4
2025.10.28	02:35:15.159	0.87334	0.87337			6
2025.10.28	02:35:16.411		0.87338			4
2025.10.28	02:35:34.841	0.87335	0.87339			6
2025.10.28	02:35:38.769	0.87336				2
2025.10.28	02:35:48.206		0.87338			4
2025.10.28	02:35:49.385		0.87339			4
2025.10.28	02:35:49.732	0.87337				2
2025.10.28	02:36:00.242	0.87337				2
2025.10.28	02:36:07.238	0.87336				2
2025.10.28	02:36:20.264	0.87337				2
2025.10.28	02:36:35.662		0.87340			4
2025.10.28	02:36:50.306	0.87338				2
2025.10.28	02:36:50.998	0.87337				2
2025.10.28	02:36:56.770	0.87338				2
2025.10.28	02:37:00.535	0.87337				2
2025.10.28	02:37:01.451	0.87338				2
2025.10.28	02:37:11.626	0.87337				2
2025.10.28	02:37:27.599	0.87338				2
2025.10.28	02:37:37.999		0.87340			4
2025.10.28	02:37:42.543		0.87341			4
2025.10.28	02:37:42.861	0.87337				2
2025.10.28	02:37:43.166		0.87339			4
2025.10.28	02:37:43.488		0.87340			4
2025.10.28	02:38:03.364	0.87337				2
2025.10.28	02:38:16.282	0.87341	0.87343			6
2025.10.28	02:38:27.975		0.87344			4
2025.10.28	02:38:33.846	0.87340				2
2025.10.28	02:38:34.162	0.87341				2
2025.10.28	02:38:41.563	0.87343	0.87346			6
2025.10.28	02:38:45.721	0.87340				2
2025.10.28	02:38:50.769	0.87341				2
2025.10.28	02:39:01.610	0.87341	0.87344			6
2025.10.28	02:39:04.504	0.87340	0.87345			6
2025.10.28	02:39:57.175	0.87341	0.87343			6
2025.10.28	02:40:01.776	0.87346	0.87349			6
2025.10.28	02:40:02.939		0.87350			4
2025.10.28	02:40:04.348		0.87349			4
2025.10.28	02:40:04.712		0.87350			4
2025.10.28	02:40:05.383	0.87344	0.87347			6
2025.10.28	02:40:05.698		0.87348			4
2025.10.28	02:41:00.682	0.87344				2
2025.10.28	02:41:05.506		0.87349			4
2025.10.28	02:41:19.104	0.87343	0.87348			6
2025.10.28	02:41:50.096	0.87342	0.87346			6
2025.10.28	02:41:52.361	0.87341	0.87345			6
2025.10.28	02:41:55.529		0.87344			4
2025.10.28	02:42:00.037	0.87341				2
2025.10.28	02:42:00.351		0.87345			4
2025.10.28	02:42:01.561		0.87344			4
2025.10.28	02:42:02.468	0.87340	0.87343			6
2025.10.28	02:42:03.135	0.87339				2
2025.10.28	02:42:03.439		0.87342			4
2025.10.28	02:42:04.971	0.87338	0.87341			6
2025.10.28	02:42:07.124	0.87339	0.87343			6
2025.10.28	02:42:09.440	0.87338				2
2025.10.28	02:42:09.803		0.87342			4
2025.10.28	02:42:49.464	0.87339				2
2025.10.28	02:42:59.063	0.87338	0.87340			6
2025.10.28	02:43:00.004	0.87338				2
2025.10.28	02:43:00.418		0.87342			4
2025.10.28	02:43:04.754		0.87341			4
2025.10.28	02:43:26.304	0.87339	0.87344			6
2025.10.28	02:43:30.416		0.87342			4
2025.10.28	02:43:32.442		0.87343			4
2025.10.28	02:43:50.517		0.87344			4
2025.10.28	02:43:52.399	0.87340				2
2025.10.28	02:43:53.703		0.87343			4
2025.10.28	02:43:54.778		0.87344			4
2025.10.28	02:44:03.215	0.87340				2
2025.10.28	02:44:16.681		0.87345			4
2025.10.28	02:44:19.712	0.87339	0.87344			6
2025.10.28	02:44:27.552		0.87341			4
2025.10.28	02:44:28.786		0.87342			4
2025.10.28	02:44:35.948	0.87335	0.87338			6
2025.10.28	02:44:38.007		0.87337			4
2025.10.28	02:44:38.937	0.87336	0.87339			6
2025.10.28	02:44:47.704	0.87335	0.87337			6
2025.10.28	02:44:51.306		0.87339			4
2025.10.28	02:44:53.907	0.87337				2
2025.10.28	02:44:54.936	0.87336				2
2025.10.28	02:45:00.196	0.87336				2
2025.10.28	02:45:01.460	0.87338	0.87340			6
2025.10.28	02:45:04.703		0.87341			4
2025.10.28	02:45:06.953		0.87340			4
2025.10.28	02:45:09.687	0.87337				2
2025.10.28	02:45:11.445		0.87341			4
2025.10.28	02:45:12.915		0.87340			4
2025.10.28	02:45:27.329		0.87339			4
2025.10.28	02:45:36.152	0.87336				2
2025.10.28	02:45:37.947	0.87337				2
2025.10.28	02:45:42.855	0.87338	0.87340			6
2025.10.28	02:45:43.883		0.87339			4
2025.10.28	02:45:44.218	0.87337				2
2025.10.28	02:45:50.645		0.87338			4
2025.10.28	02:45:57.812	0.87335				2
2025.10.28	02:45:58.397	0.87337				2
2025.10.28	02:46:00.612	0.87337				2
2025.10.28	02:46:02.893		0.87340			4
2025.10.28	02:46:03.220	0.87338				2
2025.10.28	02:46:19.307		0.87339			4
2025.10.28	02:46:20.106	0.87337				2
2025.10.28	02:46:20.472	0.87338	0.87340			6
2025.10.28	02:46:37.140	0.87333	0.87336			6
2025.10.28	02:46:37.474	0.87334				2
2025.10.28	02:46:41.920	0.87338	0.87341			6
2025.10.28	02:46:43.339	0.87339				2
2025.10.28	02:46:49.454	0.87336	0.87337			6
2025.10.28	02:46:51.194	0.87335				2
2025.10.28	02:47:01.261	0.87335				2
2025.10.28	02:47:04.639	0.87332	0.87335			6
2025.10.28	02:47:07.329	0.87333				2
2025.10.28	02:47:07.934	0.87332				2
2025.10.28	02:47:14.768	0.87330	0.87332			6
2025.10.28	02:47:21.392	0.87331	0.87333			6
2025.10.28	02:47:27.298	0.87332	0.87335			6
2025.10.28	02:47:28.095		0.87334			4
2025.10.28	02:47:30.293	0.87331	0.87332			6
2025.10.28	02:47:49.210		0.87334			4
2025.10.28	02:47:50.544	0.87332				2
2025.10.28	02:48:00.314	0.87332				2
2025.10.28	02:48:01.691	0.87331	0.87333			6
2025.10.28	02:48:06.948		0.87334			4
2025.10.28	02:48:07.818	0.87332				2
2025.10.28	02:48:16.149	0.87333	0.87335			6
2025.10.28	02:48:20.670	0.87336	0.87338			6
2025.10.28	02:48:21.640	0.87334	0.87336			6
2025.10.28	02:48:37.672	0.87333	0.87335			6
2025.10.28	02:48:41.780		0.87334			4
2025.10.28	02:48:42.081	0.87332				2
2025.10.28	02:48:53.845		0.87335			4
2025.10.28	02:49:00.426	0.87332				2
2025.10.28	02:49:05.430		0.87334			4
2025.10.28	02:49:12.190		0.87335			4
2025.10.28	02:49:26.036	0.87334	0.87337			6
2025.10.28	02:49:44.081	0.87335				2
2025.10.28	02:49:56.844	0.87334				2
2025.10.28	02:50:00.393	0.87334	0.87339			6
2025.10.28	02:50:00.699	0.87335				2
2025.10.28	02:50:01.265	0.87334				2
2025.10.28	02:50:01.581	0.87335				2
2025.10.28	02:50:02.130	0.87334				2
2025.10.28	02:50:04.142	0.87335				2
2025.10.28	02:50:14.575	0.87336				2
2025.10.28	02:50:15.348	0.87335				2
2025.10.28	02:50:35.612		0.87338			4
2025.10.28	02:50:46.730		0.87339			4
2025.10.28	02:50:59.818		0.87340			4
2025.10.28	02:51:01.917	0.87336				2
2025.10.28	02:51:03.940		0.87341			4
2025.10.28	02:51:14.179		0.87340			4
2025.10.28	02:51:14.711	0.87335				2
2025.10.28	02:51:22.857		0.87339			4
2025.10.28	02:51:27.725		0.87340			4
2025.10.28	02:51:37.133	0.87334				2
2025.10.28	02:51:38.419	0.87335				2
2025.10.28	02:52:00.920	0.87335	0.87339			6
2025.10.28	02:52:01.597	0.87334				2
2025.10.28	02:52:23.995		0.87338			4
2025.10.28	02:52:25.952	0.87333				2
2025.10.28	02:52:30.152	0.87332	0.87335			6
2025.10.28	02:53:02.185	0.87332				2
2025.10.28	02:53:11.277	0.87331	0.87334			6
2025.10.28	02:53:11.580	0.87329	0.87332			6
2025.10.28	02:53:11.886	0.87328				2
2025.10.28	02:53:24.436	0.87329	0.87333			6
2025.10.28	02:53:26.348	0.87330	0.87334			6
2025.10.28	02:53:37.915		0.87333			4
2025.10.28	02:53:44.060		0.87334			4
2025.10.28	02:53:59.606	0.87331	0.87335			6
2025.10.28	02:54:00.136	0.87331				2
2025.10.28	02:54:00.620	0.87332				2
2025.10.28	02:54:10.044	0.87331				2
2025.10.28	02:54:10.368		0.87334			4
2025.10.28	02:54:11.217		0.87335			4
2025.10.28	02:54:23.430	0.87332				2
2025.10.28	02:54:23.738	0.87333	0.87336			6
2025.10.28	02:54:24.461	0.87332				2
2025.10.28	02:54:27.354	0.87329	0.87334			6
2025.10.28	02:54:41.448	0.87330				2
2025.10.28	02:54:46.449	0.87332	0.87336			6
2025.10.28	02:54:50.201		0.87337			4
2025.10.28	02:54:52.511	0.87331	0.87336			6
2025.10.28	02:54:59.406	0.87332				2
2025.10.28	02:55:00.482	0.87332				2
2025.10.28	02:55:04.296	0.87334	0.87337			6
2025.10.28	02:55:04.847		0.87338			4
2025.10.28	02:55:05.182	0.87335				2
2025.10.28	02:55:05.492	0.87334	0.87337			6
2025.10.28	02:55:05.799	0.87335	0.87338			6
2025.10.28	02:55:11.428	0.87334	0.87337			6
2025.10.28	02:55:11.767		0.87338			4
2025.10.28	02:55:12.216	0.87333	0.87337			6
2025.10.28	02:55:12.537	0.87334				2
2025.10.28	02:55:20.299	0.87332				2
2025.10.28	02:55:21.726	0.87333	0.87338			6
2025.10.28	02:55:32.093		0.87337			4
2025.10.28	02:55:38.176	0.87334				2
2025.10.28	02:55:45.471	0.87333				2
2025.10.28	02:56:00.496	0.87334				2
2025.10.28	02:56:15.017	0.87333				2
2025.10.28	02:56:32.226		0.87337			4
2025.10.28	02:56:33.130	0.87334				2
2025.10.28	02:56:40.281		0.87338			4
2025.10.28	02:56:48.855	0.87333	0.87337			6
2025.10.28	02:57:00.321	0.87333				2
2025.10.28	02:57:07.409	0.87332	0.87335			6
2025.10.28	02:57:10.906	0.87331	0.87334			6
2025.10.28	02:57:11.347	0.87330				2
2025.10.28	02:57:13.028	0.87331				2
2025.10.28	02:57:13.407	0.87332	0.87336			6
2025.10.28	02:57:15.471	0.87333				2
2025.10.28	02:57:17.648		0.87337			4
2025.10.28	02:57:20.154	0.87332	0.87336			6
2025.10.28	02:57:22.907	0.87333				2
2025.10.28	02:57:32.056	0.87334	0.87337			6
2025.10.28	02:57:39.848		0.87338			4
2025.10.28	02:57:44.607		0.87337			4
2025.10.28	02:57:57.740		0.87336			4
2025.10.28	02:58:00.373	0.87334				2
2025.10.28	02:58:01.110		0.87337			4
2025.10.28	02:58:04.433		0.87336			4
2025.10.28	02:58:09.166		0.87337			4
2025.10.28	02:58:10.809	0.87333	0.87336			6
2025.10.28	02:58:11.303	0.87334	0.87338			6
2025.10.28	02:58:13.378		0.87337			4
2025.10.28	02:58:23.378	0.87333				2
2025.10.28	02:58:24.917		0.87336			4
2025.10.28	02:58:25.436		0.87337			4
2025.10.28	02:58:28.856	0.87334	0.87336			6
2025.10.28	02:58:34.456	0.87333				2
2025.10.28	02:58:35.454	0.87335	0.87338			6
2025.10.28	02:58:35.765	0.87334	0.87337			6
2025.10.28	02:58:36.122		0.87336			4
2025.10.28	02:58:38.039		0.87337			4
2025.10.28	02:58:50.084		0.87336			4
2025.10.28	02:58:55.801		0.87335			4
2025.10.28	02:58:59.769		0.87336			4
2025.10.28	02:59:00.364	0.87334				2
2025.10.28	02:59:02.420		0.87337			4
2025.10.28	02:59:11.474		0.87336			4
2025.10.28	02:59:12.098		0.87337			4
2025.10.28	02:59:15.852	0.87333	0.87336			6
2025.10.28	02:59:16.161	0.87332	0.87335			6
2025.10.28	02:59:16.671	0.87333				2
2025.10.28	02:59:17.142	0.87332	0.87336			6
2025.10.28	02:59:21.336	0.87333				2
2025.10.28	02:59:30.713		0.87337			4
2025.10.28	02:59:32.030		0.87336			4
2025.10.28	02:59:46.495	0.87334	0.87338			6
2025.10.28	03:00:00.305	0.87336	0.87337			6
2025.10.28	03:00:00.612	0.87337	0.87338			6
2025.10.28	03:00:01.469	0.87336	0.87337			6
2025.10.28	03:00:02.882	0.87337	0.87338			6
2025.10.28	03:00:03.789	0.87336	0.87337			6
2025.10.28	03:00:04.653	0.87337	0.87338			6
2025.10.28	03:00:07.414	0.87338	0.87339			6
2025.10.28	03:00:08.789	0.87340	0.87341			6
2025.10.28	03:00:09.995	0.87339	0.87340			6
2025.10.28	03:00:10.581	0.87340	0.87341			6
2025.10.28	03:00:11.320	0.87339	0.87340			6
2025.10.28	03:00:11.637	0.87341	0.87342			6
2025.10.28	03:00:13.847	0.87340	0.87341			6
2025.10.28	03:00:15.490	0.87339	0.87340			6
2025.10.28	03:00:15.802	0.87338	0.87339			6
2025.10.28	03:00:18.789	0.87337				2
2025.10.28	03:00:19.097	0.87339	0.87340			6
2025.10.28	03:00:20.343	0.87340	0.87341			6
2025.10.28	03:00:26.325	0.87339				2
2025.10.28	03:00:28.272	0.87340				2
2025.10.28	03:00:32.069	0.87339				2
2025.10.28	03:00:33.730	0.87340				2
2025.10.28	03:00:39.883	0.87339	0.87340			6
