<DATE>	<TIME>	<BID>	<ASK>	<LAST>	<VOLUME>	<FLAGS>
2025.06.20	00:03:31.302	0.85336	0.85461			6
2025.06.20	00:04:00.569	0.85336				2
2025.06.20	00:04:32.969		0.85461			4
2025.06.20	00:05:06.120	0.85336				2
2025.06.20	00:05:34.457		0.85461			4
2025.06.20	00:06:00.388	0.85336				2
2025.06.20	00:06:35.658		0.85461			4
2025.06.20	00:07:08.630	0.85336				2
2025.06.20	00:07:46.005		0.85461			4
2025.06.20	00:08:04.361	0.85336				2
2025.06.20	00:08:52.284		0.85461			4
2025.06.20	00:09:07.697	0.85336				2
2025.06.20	00:09:59.344	0.85329	0.85461			6
2025.06.20	00:10:00.322	0.85328				2
2025.06.20	00:10:11.729	0.85288	0.85492			6
2025.06.20	00:10:39.609	0.85291	0.85483			6
2025.06.20	00:10:40.215	0.85292				2
2025.06.20	00:10:42.332	0.85287	0.85470			6
2025.06.20	00:10:43.845	0.85288	0.85471			6
2025.06.20	00:10:44.750	0.85289	0.85476			6
2025.06.20	00:10:45.053	0.85294	0.85484			6
2025.06.20	00:10:45.355	0.85298	0.85489			6
2025.06.20	00:10:48.681		0.85487			4
2025.06.20	00:10:49.589	0.85297	0.85486			6
2025.06.20	00:10:52.012	0.85294	0.85481			6
2025.06.20	00:10:52.615	0.85327	0.85489			6
2025.06.20	00:10:54.299	0.85328	0.85460			6
2025.06.20	00:10:59.239	0.85303	0.85481			6
2025.06.20	00:11:00.183	0.85328	0.85460			6
2025.06.20	00:11:00.514	0.85326				2
2025.06.20	00:11:06.140	0.85300	0.85476			6
2025.06.20	00:11:07.057	0.85326	0.85460			6
2025.06.20	00:11:13.351	0.85303	0.85482			6
2025.06.20	00:11:13.981	0.85326	0.85460			6
2025.06.20	00:11:20.364	0.85295	0.85469			6
2025.06.20	00:11:21.005	0.85326	0.85460			6
2025.06.20	00:11:27.138	0.85301	0.85479			6
2025.06.20	00:11:27.472	0.85302	0.85480			6
2025.06.20	00:11:28.074	0.85326	0.85460			6
2025.06.20	00:11:28.989	0.85338				2
2025.06.20	00:11:29.290	0.85335				2
2025.06.20	00:11:29.983	0.85338				2
2025.06.20	00:11:30.487	0.85335				2
2025.06.20	00:11:30.982	0.85333				2
2025.06.20	00:11:31.474	0.85338				2
2025.06.20	00:11:33.981	0.85339				2
2025.06.20	00:11:34.982	0.85335				2
2025.06.20	00:11:35.483	0.85339				2
2025.06.20	00:11:38.982	0.85336				2
2025.06.20	00:11:39.438	0.85340				2
2025.06.20	00:11:42.983	0.85336				2
2025.06.20	00:11:43.338	0.85335				2
2025.06.20	00:11:44.483	0.85336				2
2025.06.20	00:11:44.910	0.85341				2
2025.06.20	00:11:45.488	0.85337				2
2025.06.20	00:11:45.985	0.85336				2
2025.06.20	00:11:46.484	0.85337				2
2025.06.20	00:11:46.982	0.85336				2
2025.06.20	00:11:47.483	0.85337				2
2025.06.20	00:11:47.983	0.85341				2
2025.06.20	00:11:48.487	0.85338				2
2025.06.20	00:11:48.982	0.85342				2
2025.06.20	00:11:49.487	0.85338				2
2025.06.20	00:11:49.939	0.85337				2
2025.06.20	00:11:50.484	0.85342				2
2025.06.20	00:11:57.739	0.85343				2
2025.06.20	00:12:00.143	0.85343				2
2025.06.20	00:12:05.982	0.85340				2
2025.06.20	00:12:06.480	0.85339	0.85462			6
2025.06.20	00:12:06.984	0.85343				2
2025.06.20	00:12:09.439	0.85344	0.85460			6
2025.06.20	00:12:13.983	0.85340				2
2025.06.20	00:12:14.488	0.85344				2
2025.06.20	00:12:19.943	0.85340				2
2025.06.20	00:12:20.489	0.85344				2
2025.06.20	00:12:20.981	0.85339				2
2025.06.20	00:12:21.439	0.85338				2
2025.06.20	00:12:21.983	0.85344				2
2025.06.20	00:12:22.482	0.85340				2
2025.06.20	00:12:22.987	0.85339				2
2025.06.20	00:12:23.372	0.85344				2
2025.06.20	00:12:24.352	0.85345				2
2025.06.20	00:12:24.845	0.85340				2
2025.06.20	00:12:25.486	0.85339				2
2025.06.20	00:12:25.990	0.85345				2
2025.06.20	00:12:26.491	0.85340				2
2025.06.20	00:12:26.839	0.85339				2
2025.06.20	00:12:28.484	0.85345				2
2025.06.20	00:12:28.989	0.85340				2
2025.06.20	00:12:29.483	0.85345				2
2025.06.20	00:12:30.982	0.85340				2
2025.06.20	00:12:31.307	0.85345				2
2025.06.20	00:12:31.991	0.85340				2
2025.06.20	00:12:32.487	0.85345				2
2025.06.20	00:12:34.988	0.85340				2
2025.06.20	00:12:35.485	0.85345				2
2025.06.20	00:12:44.841	0.85346				2
2025.06.20	00:12:45.482		0.85462			4
2025.06.20	00:12:53.989	0.85339				2
2025.06.20	00:12:54.482	0.85340				2
2025.06.20	00:12:54.982	0.85346				2
2025.06.20	00:12:55.491	0.85341				2
2025.06.20	00:12:55.985	0.85346				2
2025.06.20	00:12:56.491	0.85340				2
2025.06.20	00:12:57.483	0.85346				2
2025.06.20	00:12:57.988	0.85341				2
2025.06.20	00:12:58.484	0.85346				2
2025.06.20	00:12:58.986	0.85341				2
2025.06.20	00:12:59.485	0.85340				2
2025.06.20	00:13:00.440	0.85340				2
2025.06.20	00:13:00.943	0.85341				2
2025.06.20	00:13:01.484	0.85340				2
2025.06.20	00:13:02.483	0.85346				2
2025.06.20	00:13:28.940	0.85347				2
2025.06.20	00:13:46.371		0.85462			4
2025.06.20	00:14:00.361	0.85347				2
2025.06.20	00:14:46.911		0.85462			4
2025.06.20	00:15:00.365	0.85347				2
2025.06.20	00:15:10.051		0.85456			4
2025.06.20	00:16:00.212	0.85347				2
2025.06.20	00:16:14.912		0.85456			4
2025.06.20	00:17:01.299	0.85347				2
2025.06.20	00:17:16.912		0.85456			4
2025.06.20	00:17:31.638	0.85348				2
2025.06.20	00:18:00.749	0.85348				2
2025.06.20	00:18:18.144		0.85456			4
2025.06.20	00:18:31.475		0.85435			4
2025.06.20	00:18:40.986	0.85357				2
2025.06.20	00:18:49.811	0.85358				2
2025.06.20	00:18:50.944	0.85359				2
2025.06.20	00:18:58.068	0.85354				2
2025.06.20	00:19:04.356	0.85339				2
2025.06.20	00:19:11.458	0.85336				2
2025.06.20	00:19:11.950	0.85333				2
2025.06.20	00:19:13.039	0.85338				2
2025.06.20	00:19:14.238	0.85337				2
2025.06.20	00:19:18.356	0.85339				2
2025.06.20	00:19:20.407	0.85336				2
2025.06.20	00:19:25.132	0.85334				2
2025.06.20	00:19:26.372	0.85328				2
2025.06.20	00:19:31.641		0.85435			4
2025.06.20	00:19:35.458	0.85340	0.85439			6
2025.06.20	00:19:35.837		0.85430			4
2025.06.20	00:19:37.639	0.85341				2
2025.06.20	00:19:39.096	0.85326				2
2025.06.20	00:19:42.139	0.85343				2
2025.06.20	00:19:43.054	0.85330				2
2025.06.20	00:19:50.837	0.85315	0.85457			6
2025.06.20	00:19:52.955	0.85332	0.85430			6
2025.06.20	00:19:59.753	0.85331				2
2025.06.20	00:20:00.515	0.85326	0.85422			6
2025.06.20	00:20:04.564		0.85414			4
2025.06.20	00:20:31.354		0.85413			4
2025.06.20	00:20:33.398		0.85414			4
2025.06.20	00:21:00.512	0.85326				2
2025.06.20	00:21:00.907	0.85323				2
2025.06.20	00:21:02.538	0.85324				2
2025.06.20	00:21:07.213	0.85323				2
2025.06.20	00:21:09.413	0.85348	0.85402			6
2025.06.20	00:21:27.143	0.85332	0.85396			6
2025.06.20	00:21:38.378		0.85392			4
2025.06.20	00:21:42.067		0.85388			4
2025.06.20	00:21:57.756		0.85386			4
2025.06.20	00:21:59.143		0.85387			4
2025.06.20	00:22:00.564	0.85332	0.85390			6
2025.06.20	00:22:04.005		0.85392			4
2025.06.20	00:22:09.245		0.85391			4
2025.06.20	00:22:09.654		0.85393			4
2025.06.20	00:22:12.308		0.85392			4
2025.06.20	00:22:12.738		0.85391			4
2025.06.20	00:22:16.524		0.85390			4
2025.06.20	00:22:18.426		0.85388			4
2025.06.20	00:22:18.823		0.85390			4
2025.06.20	00:22:19.338		0.85388			4
2025.06.20	00:22:19.940		0.85389			4
2025.06.20	00:22:27.423	0.85328				2
2025.06.20	00:22:28.939		0.85388			4
2025.06.20	00:22:30.138		0.85389			4
2025.06.20	00:22:33.657		0.85391			4
2025.06.20	00:22:36.447		0.85389			4
2025.06.20	00:22:48.067		0.85388			4
2025.06.20	00:22:48.456		0.85386			4
2025.06.20	00:22:49.802		0.85388			4
2025.06.20	00:22:51.458		0.85386			4
2025.06.20	00:22:52.235		0.85384			4
2025.06.20	00:22:56.540		0.85385			4
2025.06.20	00:23:00.359	0.85328				2
2025.06.20	00:23:06.207		0.85383			4
2025.06.20	00:23:19.942		0.85389			4
2025.06.20	00:23:21.067	0.85330	0.85426			6
2025.06.20	00:23:21.745	0.85329				2
2025.06.20	00:23:23.494	0.85330				2
2025.06.20	00:23:54.534	0.85329				2
2025.06.20	00:23:56.920	0.85330				2
2025.06.20	00:24:03.870	0.85330				2
2025.06.20	00:24:16.069		0.85425			4
2025.06.20	00:24:40.549	0.85328	0.85398			6
2025.06.20	00:25:00.307	0.85328				2
2025.06.20	00:25:40.574		0.85398			4
2025.06.20	00:26:00.614	0.85328				2
2025.06.20	00:26:35.838		0.85399			4
2025.06.20	00:27:00.570	0.85328				2
2025.06.20	00:27:37.173		0.85399			4
2025.06.20	00:27:57.409		0.85420			4
2025.06.20	00:28:01.638	0.85328				2
2025.06.20	00:28:23.254		0.85398			4
2025.06.20	00:28:25.912		0.85399			4
2025.06.20	00:28:52.339		0.85400			4
2025.06.20	00:29:15.913	0.85328				2
2025.06.20	00:29:52.851		0.85400			4
2025.06.20	00:30:00.407	0.85328				2
2025.06.20	00:30:56.155		0.85400			4
2025.06.20	00:31:00.531	0.85328				2
2025.06.20	00:31:27.423	0.85327				2
2025.06.20	00:32:00.570	0.85327	0.85400			6
2025.06.20	00:33:10.572	0.85327	0.85400			6
2025.06.20	00:34:00.524	0.85327				2
2025.06.20	00:34:09.602		0.85402			4
2025.06.20	00:34:27.423	0.85326				2
2025.06.20	00:34:38.997		0.85403			4
2025.06.20	00:35:00.142	0.85326				2
2025.06.20	00:35:40.220		0.85403			4
2025.06.20	00:36:00.531	0.85326				2
2025.06.20	00:36:40.897		0.85403			4
2025.06.20	00:37:00.357	0.85326				2
2025.06.20	00:37:41.016		0.85403			4
2025.06.20	00:38:01.086	0.85326				2
2025.06.20	00:38:44.354		0.85403			4
2025.06.20	00:39:01.495	0.85326				2
2025.06.20	00:39:44.622		0.85403			4
2025.06.20	00:39:49.937		0.85404			4
2025.06.20	00:40:00.361	0.85326				2
2025.06.20	00:40:49.016		0.85417			4
2025.06.20	00:40:50.819	0.85331	0.85425			6
2025.06.20	00:41:00.730	0.85331				2
2025.06.20	00:41:16.540	0.85332	0.85426			6
2025.06.20	00:41:24.764	0.85331				2
2025.06.20	00:41:58.338	0.85332				2
2025.06.20	00:41:59.404	0.85331				2
2025.06.20	00:42:00.851	0.85331				2
2025.06.20	00:42:09.087	0.85329				2
2025.06.20	00:42:13.481		0.85418			4
2025.06.20	00:42:17.177	0.85330				2
2025.06.20	00:43:06.543	0.85330				2
2025.06.20	00:43:14.747		0.85418			4
2025.06.20	00:43:38.423	0.85332				2
2025.06.20	00:44:00.570	0.85332				2
2025.06.20	00:44:08.286	0.85331				2
2025.06.20	00:44:11.148	0.85330				2
2025.06.20	00:44:22.127		0.85418			4
2025.06.20	00:44:34.651	0.85332				2
2025.06.20	00:44:34.994	0.85329				2
2025.06.20	00:44:36.738	0.85328				2
2025.06.20	00:44:54.707	0.85330				2
2025.06.20	00:44:55.080	0.85329				2
2025.06.20	00:44:59.555	0.85328				2
2025.06.20	00:45:01.244	0.85341				2
2025.06.20	00:45:02.197	0.85348	0.85432			6
2025.06.20	00:45:03.132	0.85349				2
2025.06.20	00:45:04.342	0.85341	0.85418			6
2025.06.20	00:45:09.174	0.85353	0.85406			6
2025.06.20	00:46:00.673	0.85353				2
2025.06.20	00:46:01.064	0.85357				2
2025.06.20	00:46:12.127		0.85406			4
2025.06.20	00:46:24.614	0.85358	0.85435			6
2025.06.20	00:46:24.997	0.85357				2
2025.06.20	00:46:27.529		0.85408			4
2025.06.20	00:47:01.242	0.85358				2
2025.06.20	00:47:02.199	0.85371	0.85439			6
2025.06.20	00:47:04.355	0.85358	0.85408			6
2025.06.20	00:47:49.482		0.85403			4
2025.06.20	00:48:04.429	0.85358	0.85414			6
2025.06.20	00:48:05.748		0.85420			4
2025.06.20	00:48:07.297		0.85416			4
2025.06.20	00:48:24.096	0.85380	0.85413			6
2025.06.20	00:48:25.670		0.85416			4
2025.06.20	00:49:00.542	0.85380				2
2025.06.20	00:49:20.860	0.85386				2
2025.06.20	00:49:25.762		0.85418			4
2025.06.20	00:49:45.113	0.85385				2
2025.06.20	00:49:46.416		0.85445			4
2025.06.20	00:49:55.454		0.85439			4
2025.06.20	00:49:56.012		0.85436			4
2025.06.20	00:49:56.906		0.85438			4
2025.06.20	00:49:58.069		0.85446			4
2025.06.20	00:49:58.832	0.85391	0.85433			6
2025.06.20	00:49:59.148		0.85445			4
2025.06.20	00:50:00.190	0.85391	0.85440			6
2025.06.20	00:50:00.572	0.85386	0.85441			6
2025.06.20	00:50:11.660	0.85384	0.85438			6
2025.06.20	00:50:14.389	0.85380	0.85418			6
2025.06.20	00:50:14.956		0.85417			4
2025.06.20	00:50:15.519		0.85413			4
2025.06.20	00:50:19.842	0.85385	0.85415			6
2025.06.20	00:50:20.151		0.85417			4
2025.06.20	00:50:20.602		0.85415			4
2025.06.20	00:50:21.401	0.85376	0.85423			6
2025.06.20	00:50:31.299	0.85375				2
2025.06.20	00:50:31.642	0.85374				2
2025.06.20	00:50:35.503		0.85421			4
2025.06.20	00:50:35.850		0.85419			4
2025.06.20	00:50:46.358	0.85370				2
2025.06.20	00:50:50.242	0.85369				2
2025.06.20	00:51:00.573	0.85369				2
2025.06.20	00:51:36.317	0.85370	0.85419			6
2025.06.20	00:52:00.568	0.85370				2
2025.06.20	00:52:29.382	0.85369				2
2025.06.20	00:52:36.909		0.85419			4
2025.06.20	00:52:47.348		0.85431			4
2025.06.20	00:52:50.149		0.85410			4
2025.06.20	00:52:54.548		0.85414			4
2025.06.20	00:53:00.571	0.85369				2
2025.06.20	00:53:05.113		0.85417			4
2025.06.20	00:53:17.420	0.85380	0.85431			6
2025.06.20	00:53:17.773	0.85369	0.85418			6
2025.06.20	00:53:28.248	0.85364	0.85411			6
2025.06.20	00:53:28.560	0.85363				2
2025.06.20	00:53:30.375	0.85362				2
2025.06.20	00:53:50.539	0.85361				2
2025.06.20	00:53:58.254	0.85360				2
2025.06.20	00:54:01.041	0.85358	0.85405			6
2025.06.20	00:54:01.940	0.85357				2
2025.06.20	00:54:10.005	0.85356				2
2025.06.20	00:54:11.917	0.85357				2
2025.06.20	00:54:14.243	0.85356				2
2025.06.20	00:54:37.040	0.85355				2
2025.06.20	00:54:41.758		0.85402			4
2025.06.20	00:54:45.453	0.85353	0.85401			6
2025.06.20	00:54:46.950	0.85352	0.85394			6
2025.06.20	00:54:52.628	0.85353				2
2025.06.20	00:54:52.978		0.85397			4
2025.06.20	00:54:54.511	0.85352	0.85393			6
2025.06.20	00:54:55.944	0.85353	0.85396			6
2025.06.20	00:55:00.059	0.85353				2
2025.06.20	00:55:00.423		0.85395			4
2025.06.20	00:55:01.389	0.85352				2
2025.06.20	00:55:02.844	0.85353				2
2025.06.20	00:55:05.640	0.85352				2
2025.06.20	00:55:07.938	0.85353				2
2025.06.20	00:55:10.994	0.85352				2
2025.06.20	00:55:13.384	0.85351	0.85393			6
2025.06.20	00:55:14.496	0.85352	0.85392			6
2025.06.20	00:55:22.070	0.85353	0.85401			6
2025.06.20	00:55:24.510	0.85352	0.85396			6
2025.06.20	00:55:26.839	0.85351				2
2025.06.20	00:55:30.742	0.85353	0.85399			6
2025.06.20	00:55:32.065	0.85355	0.85402			6
2025.06.20	00:55:42.081	0.85354				2
2025.06.20	00:55:56.091	0.85355	0.85412			6
2025.06.20	00:56:00.082	0.85355				2
2025.06.20	00:56:05.265	0.85357				2
2025.06.20	00:56:37.775	0.85353	0.85401			6
2025.06.20	00:56:39.005	0.85352				2
2025.06.20	00:56:42.138	0.85353				2
2025.06.20	00:56:44.351	0.85352				2
2025.06.20	00:57:00.038	0.85352				2
2025.06.20	00:57:07.630	0.85351				2
2025.06.20	00:57:08.254	0.85352				2
2025.06.20	00:57:10.373	0.85354	0.85402			6
2025.06.20	00:57:13.701	0.85353				2
2025.06.20	00:57:25.837	0.85347				2
2025.06.20	00:57:26.564	0.85353	0.85398			6
2025.06.20	00:57:37.646	0.85354	0.85412			6
2025.06.20	00:57:38.617	0.85352	0.85404			6
2025.06.20	00:57:41.550	0.85353				2
2025.06.20	00:57:45.450	0.85352				2
2025.06.20	00:57:47.323	0.85353	0.85403			6
2025.06.20	00:57:54.418	0.85349	0.85417			6
2025.06.20	00:57:54.739		0.85415			4
2025.06.20	00:57:56.614	0.85351	0.85418			6
2025.06.20	00:58:03.253	0.85351				2
2025.06.20	00:58:08.539		0.85417			4
2025.06.20	00:58:21.710	0.85355	0.85396			6
2025.06.20	00:58:56.035		0.85392			4
2025.06.20	00:59:11.056	0.85355				2
2025.06.20	00:59:21.741	0.85358				2
2025.06.20	00:59:46.041		0.85401			4
2025.06.20	01:00:00.314	0.85378				2
2025.06.20	01:00:00.642		0.85402			4
2025.06.20	01:00:00.953		0.85404			4
2025.06.20	01:00:01.264		0.85405			4
2025.06.20	01:00:01.566		0.85398			4
2025.06.20	01:00:01.879		0.85395			4
2025.06.20	01:00:02.182	0.85369	0.85388			6
2025.06.20	01:00:02.540	0.85346	0.85401			6
2025.06.20	01:00:02.856		0.85400			4
2025.06.20	01:00:03.161	0.85347	0.85399			6
2025.06.20	01:00:03.462	0.85351	0.85400			6
2025.06.20	01:00:04.069		0.85399			4
2025.06.20	01:00:04.371	0.85352	0.85398			6
2025.06.20	01:00:04.977	0.85351	0.85394			6
2025.06.20	01:00:05.295	0.85341				2
2025.06.20	01:00:05.610		0.85393			4
2025.06.20	01:00:05.942		0.85394			4
2025.06.20	01:00:06.599		0.85393			4
2025.06.20	01:00:07.894		0.85388			4
2025.06.20	01:00:08.784	0.85340	0.85387			6
2025.06.20	01:00:09.138		0.85390			4
2025.06.20	01:00:10.773		0.85393			4
2025.06.20	01:00:12.361	0.85335	0.85378			6
2025.06.20	01:00:12.988	0.85342				2
2025.06.20	01:00:13.305	0.85341	0.85376			6
2025.06.20	01:00:14.353	0.85343	0.85375			6
2025.06.20	01:00:15.383	0.85340	0.85378			6
2025.06.20	01:00:15.779		0.85381			4
2025.06.20	01:00:16.124		0.85379			4
2025.06.20	01:00:16.458	0.85338	0.85384			6
2025.06.20	01:00:16.759	0.85339				2
2025.06.20	01:00:17.904	0.85340	0.85380			6
2025.06.20	01:00:18.353		0.85378			4
2025.06.20	01:00:19.029	0.85339	0.85379			6
2025.06.20	01:00:21.390	0.85345	0.85382			6
2025.06.20	01:00:21.698	0.85339				2
2025.06.20	01:00:22.125	0.85338				2
2025.06.20	01:00:22.440	0.85342	0.85386			6
2025.06.20	01:00:22.771		0.85383			4
2025.06.20	01:00:24.390	0.85345				2
2025.06.20	01:00:28.333	0.85348				2
2025.06.20	01:00:29.425	0.85350	0.85381			6
2025.06.20	01:00:30.446	0.85351	0.85382			6
2025.06.20	01:00:30.763	0.85345	0.85381			6
2025.06.20	01:00:31.251	0.85350	0.85374			6
2025.06.20	01:00:31.575		0.85376			4
2025.06.20	01:00:32.286		0.85377			4
2025.06.20	01:00:32.590	0.85351	0.85378			6
2025.06.20	01:00:33.015	0.85350	0.85374			6
2025.06.20	01:00:33.371		0.85373			4
2025.06.20	01:00:35.305	0.85356				2
2025.06.20	01:00:35.998	0.85351				2
2025.06.20	01:00:36.320	0.85354				2
2025.06.20	01:00:38.351	0.85351				2
2025.06.20	01:00:38.685	0.85350				2
2025.06.20	01:00:39.227		0.85374			4
2025.06.20	01:00:39.575		0.85373			4
2025.06.20	01:00:41.166		0.85375			4
2025.06.20	01:00:43.393	0.85343	0.85369			6
2025.06.20	01:00:43.939		0.85370			4
2025.06.20	01:00:44.259		0.85369			4
2025.06.20	01:00:47.898		0.85368			4
2025.06.20	01:00:48.225	0.85344	0.85369			6
2025.06.20	01:00:49.207	0.85343				2
2025.06.20	01:00:49.571	0.85342				2
2025.06.20	01:00:49.939	0.85343	0.85370			6
2025.06.20	01:00:50.316	0.85346	0.85369			6
2025.06.20	01:00:50.649	0.85345	0.85367			6
2025.06.20	01:00:50.958	0.85343	0.85369			6
2025.06.20	01:00:52.076	0.85342				2
2025.06.20	01:00:52.446	0.85345				2
2025.06.20	01:00:54.695	0.85344				2
2025.06.20	01:00:55.358		0.85368			4
2025.06.20	01:00:56.239	0.85345				2
2025.06.20	01:00:57.096	0.85347				2
2025.06.20	01:00:57.399	0.85351	0.85375			6
2025.06.20	01:00:59.645	0.85350	0.85376			6
2025.06.20	01:01:00.309	0.85352	0.85374			6
2025.06.20	01:01:01.039	0.85353				2
2025.06.20	01:01:01.545	0.85351				2
2025.06.20	01:01:02.102	0.85352				2
2025.06.20	01:01:02.449		0.85375			4
2025.06.20	01:01:10.940	0.85349	0.85370			6
2025.06.20	01:01:11.774		0.85371			4
2025.06.20	01:01:16.466	0.85347	0.85365			6
2025.06.20	01:01:16.777	0.85348				2
2025.06.20	01:01:17.391	0.85344	0.85361			6
2025.06.20	01:01:18.399	0.85348	0.85367			6
2025.06.20	01:01:19.125	0.85347	0.85362			6
2025.06.20	01:01:22.182	0.85346	0.85361			6
2025.06.20	01:01:25.547	0.85343	0.85358			6
2025.06.20	01:01:26.567	0.85342	0.85357			6
2025.06.20	01:01:27.666		0.85358			4
2025.06.20	01:01:35.797	0.85340	0.85355			6
2025.06.20	01:01:36.244		0.85354			4
2025.06.20	01:01:37.378	0.85339	0.85353			6
2025.06.20	01:01:37.737	0.85340				2
2025.06.20	01:01:38.382	0.85339				2
2025.06.20	01:01:41.342	0.85342	0.85358			6
2025.06.20	01:01:42.372		0.85357			4
2025.06.20	01:01:42.929		0.85356			4
2025.06.20	01:01:49.200	0.85341	0.85358			6
2025.06.20	01:01:50.374	0.85342	0.85359			6
2025.06.20	01:01:58.640	0.85343				2
2025.06.20	01:02:00.143	0.85343				2
2025.06.20	01:02:16.339	0.85341	0.85354			6
2025.06.20	01:02:16.649	0.85343	0.85356			6
2025.06.20	01:02:17.338		0.85355			4
2025.06.20	01:02:18.142	0.85344	0.85358			6
2025.06.20	01:02:19.871		0.85360			4
2025.06.20	01:02:23.791		0.85359			4
2025.06.20	01:02:32.136		0.85358			4
2025.06.20	01:02:35.372		0.85360			4
2025.06.20	01:02:40.220	0.85343	0.85359			6
2025.06.20	01:02:41.371	0.85344				2
2025.06.20	01:02:46.581	0.85343				2
2025.06.20	01:03:00.650	0.85343				2
2025.06.20	01:03:01.568	0.85344	0.85358			6
2025.06.20	01:03:02.048		0.85359			4
2025.06.20	01:03:06.452		0.85358			4
2025.06.20	01:03:17.983	0.85343	0.85354			6
2025.06.20	01:03:19.204		0.85355			4
2025.06.20	01:03:20.853	0.85341	0.85354			6
2025.06.20	01:03:21.334	0.85342				2
2025.06.20	01:03:22.376		0.85355			4
2025.06.20	01:03:24.441		0.85356			4
2025.06.20	01:03:54.001	0.85340	0.85353			6
2025.06.20	01:03:56.322	0.85339				2
2025.06.20	01:04:00.441	0.85339				2
2025.06.20	01:04:06.285		0.85352			4
2025.06.20	01:04:07.916		0.85351			4
2025.06.20	01:04:13.426		0.85353			4
2025.06.20	01:04:13.786		0.85352			4
2025.06.20	01:04:14.429	0.85341	0.85353			6
2025.06.20	01:04:16.593	0.85342				2
2025.06.20	01:04:18.324	0.85340				2
2025.06.20	01:04:19.911	0.85342	0.85355			6
2025.06.20	01:04:30.739		0.85356			4
2025.06.20	01:04:31.048		0.85355			4
2025.06.20	01:04:33.514		0.85356			4
2025.06.20	01:04:34.729	0.85343				2
2025.06.20	01:04:40.307	0.85347	0.85358			6
2025.06.20	01:04:43.116		0.85360			4
2025.06.20	01:05:00.051	0.85347				2
2025.06.20	01:05:00.361	0.85346	0.85359			6
2025.06.20	01:05:02.187	0.85348				2
2025.06.20	01:05:11.841	0.85347	0.85360			6
2025.06.20	01:05:12.155		0.85359			4
2025.06.20	01:05:37.204	0.85346				2
2025.06.20	01:05:50.842		0.85358			4
2025.06.20	01:05:52.062	0.85347				2
2025.06.20	01:05:55.042	0.85348				2
2025.06.20	01:06:00.448	0.85348				2
2025.06.20	01:06:01.045		0.85359			4
2025.06.20	01:06:02.840		0.85360			4
2025.06.20	01:06:20.076		0.85359			4
2025.06.20	01:06:54.741		0.85358			4
2025.06.20	01:07:01.344	0.85348				2
2025.06.20	01:07:06.664		0.85357			4
2025.06.20	01:07:07.040	0.85349	0.85358			6
2025.06.20	01:07:09.377	0.85350				2
2025.06.20	01:07:09.739		0.85359			4
2025.06.20	01:07:10.575		0.85360			4
2025.06.20	01:07:19.504		0.85361			4
2025.06.20	01:07:20.473	0.85351				2
2025.06.20	01:07:24.931	0.85350				2
2025.06.20	01:07:27.461	0.85355	0.85366			6
2025.06.20	01:07:27.777		0.85368			4
2025.06.20	01:07:29.842		0.85367			4
2025.06.20	01:07:32.405	0.85357	0.85368			6
2025.06.20	01:07:32.837	0.85358	0.85369			6
2025.06.20	01:07:36.432		0.85368			4
2025.06.20	01:07:37.588	0.85359				2
2025.06.20	01:07:37.938		0.85369			4
2025.06.20	01:07:38.263		0.85370			4
2025.06.20	01:07:38.596	0.85354	0.85363			6
2025.06.20	01:07:46.609	0.85353				2
2025.06.20	01:08:00.989	0.85356	0.85364			6
2025.06.20	01:08:02.856	0.85353				2
2025.06.20	01:08:16.715	0.85354				2
2025.06.20	01:08:23.228	0.85356				2
2025.06.20	01:08:26.239		0.85365			4
2025.06.20	01:08:29.239		0.85364			4
2025.06.20	01:08:30.139		0.85365			4
2025.06.20	01:08:34.941		0.85364			4
2025.06.20	01:08:37.341	0.85352	0.85363			6
2025.06.20	01:08:37.942		0.85360			4
2025.06.20	01:08:55.442		0.85359			4
2025.06.20	01:08:56.238		0.85360			4
2025.06.20	01:09:02.130	0.85352				2
2025.06.20	01:09:07.635	0.85351	0.85361			6
2025.06.20	01:09:08.539		0.85360			4
2025.06.20	01:09:10.292	0.85352				2
2025.06.20	01:09:11.712		0.85361			4
2025.06.20	01:09:14.046	0.85350				2
2025.06.20	01:09:15.304	0.85349	0.85360			6
2025.06.20	01:09:16.638		0.85359			4
2025.06.20	01:09:19.074	0.85352				2
2025.06.20	01:09:19.638		0.85360			4
2025.06.20	01:09:20.143	0.85354	0.85361			6
2025.06.20	01:09:35.397	0.85355	0.85360			6
2025.06.20	01:09:36.139		0.85361			4
2025.06.20	01:09:39.140		0.85360			4
2025.06.20	01:09:40.340		0.85361			4
2025.06.20	01:09:46.620	0.85356	0.85366			6
2025.06.20	01:09:46.921	0.85360				2
2025.06.20	01:09:47.223		0.85367			4
2025.06.20	01:09:47.540	0.85353	0.85360			6
2025.06.20	01:09:47.961	0.85352				2
2025.06.20	01:09:48.692	0.85351	0.85359			6
2025.06.20	01:09:49.339		0.85358			4
2025.06.20	01:10:00.570	0.85351				2
2025.06.20	01:10:37.156	0.85348	0.85356			6
2025.06.20	01:10:51.149	0.85347				2
2025.06.20	01:10:51.577	0.85349				2
2025.06.20	01:10:57.378	0.85345	0.85353			6
2025.06.20	01:11:00.278	0.85345				2
2025.06.20	01:11:06.444	0.85348	0.85356			6
2025.06.20	01:11:06.760	0.85347	0.85357			6
2025.06.20	01:11:07.969	0.85342	0.85350			6
2025.06.20	01:11:08.321		0.85352			4
2025.06.20	01:11:15.160		0.85351			4
2025.06.20	01:11:16.940	0.85343	0.85352			6
2025.06.20	01:11:18.590	0.85342	0.85351			6
2025.06.20	01:11:24.663	0.85343				2
2025.06.20	01:11:26.201	0.85341				2
2025.06.20	01:11:26.517	0.85342				2
2025.06.20	01:11:27.138	0.85343	0.85353			6
2025.06.20	01:11:31.287		0.85355			4
2025.06.20	01:11:32.841		0.85354			4
2025.06.20	01:11:33.749	0.85342	0.85353			6
2025.06.20	01:11:34.339		0.85352			4
2025.06.20	01:11:35.075		0.85350			4
2025.06.20	01:11:38.712		0.85351			4
2025.06.20	01:11:43.940		0.85350			4
2025.06.20	01:11:45.144		0.85351			4
2025.06.20	01:11:48.441	0.85343	0.85352			6
2025.06.20	01:11:49.641	0.85342	0.85351			6
2025.06.20	01:11:51.786		0.85350			4
2025.06.20	01:11:53.051	0.85341				2
2025.06.20	01:11:54.472	0.85344	0.85352			6
2025.06.20	01:12:01.151	0.85344				2
2025.06.20	01:12:04.788	0.85343	0.85355			6
2025.06.20	01:12:08.872	0.85347				2
2025.06.20	01:12:11.839		0.85356			4
2025.06.20	01:12:22.339	0.85348	0.85357			6
2025.06.20	01:12:24.511	0.85349	0.85358			6
2025.06.20	01:12:25.012		0.85359			4
2025.06.20	01:12:25.341		0.85358			4
2025.06.20	01:12:26.544		0.85359			4
2025.06.20	01:12:27.139		0.85358			4
2025.06.20	01:12:28.721		0.85359			4
2025.06.20	01:12:30.202	0.85348				2
2025.06.20	01:12:32.377	0.85349				2
2025.06.20	01:12:47.602	0.85348	0.85358			6
2025.06.20	01:12:49.541	0.85349	0.85356			6
2025.06.20	01:12:50.684	0.85350	0.85359			6
2025.06.20	01:12:52.059	0.85348	0.85357			6
2025.06.20	01:12:52.717	0.85349	0.85359			6
2025.06.20	01:12:53.510		0.85358			4
2025.06.20	01:12:54.365	0.85348	0.85357			6
2025.06.20	01:12:54.691	0.85349	0.85358			6
2025.06.20	01:12:57.787		0.85359			4
2025.06.20	01:13:00.047	0.85349				2
2025.06.20	01:13:04.384		0.85358			4
2025.06.20	01:13:05.374		0.85359			4
2025.06.20	01:13:06.625	0.85350	0.85358			6
2025.06.20	01:13:07.040		0.85359			4
2025.06.20	01:13:08.237	0.85349	0.85358			6
2025.06.20	01:13:08.548	0.85352	0.85360			6
2025.06.20	01:13:08.859	0.85353	0.85362			6
2025.06.20	01:13:09.164	0.85354	0.85365			6
2025.06.20	01:13:13.520	0.85353	0.85361			6
2025.06.20	01:13:14.664	0.85351	0.85360			6
2025.06.20	01:13:16.269	0.85352	0.85361			6
2025.06.20	01:13:18.715	0.85353				2
2025.06.20	01:13:23.779	0.85352				2
2025.06.20	01:13:24.139		0.85360			4
2025.06.20	01:13:24.727	0.85353	0.85362			6
2025.06.20	01:13:29.412	0.85352				2
2025.06.20	01:13:34.351	0.85353				2
2025.06.20	01:13:35.362	0.85355	0.85364			6
2025.06.20	01:13:36.741		0.85365			4
2025.06.20	01:13:54.016	0.85356				2
2025.06.20	01:14:00.448	0.85356				2
2025.06.20	01:14:09.592	0.85357				2
2025.06.20	01:14:13.828	0.85360	0.85370			6
2025.06.20	01:14:14.474	0.85361	0.85371			6
2025.06.20	01:14:14.845	0.85360	0.85370			6
2025.06.20	01:14:15.418	0.85362	0.85373			6
2025.06.20	01:14:15.730		0.85372			4
2025.06.20	01:14:16.038		0.85371			4
2025.06.20	01:14:18.792	0.85361	0.85370			6
2025.06.20	01:14:19.581	0.85360				2
2025.06.20	01:14:23.126	0.85362	0.85371			6
2025.06.20	01:14:34.917	0.85368				2
2025.06.20	01:14:42.439		0.85372			4
2025.06.20	01:15:00.120	0.85369				2
2025.06.20	01:15:00.426	0.85367				2
2025.06.20	01:15:01.941		0.85371			4
2025.06.20	01:15:03.526		0.85370			4
2025.06.20	01:15:10.191	0.85368	0.85371			6
2025.06.20	01:15:21.034	0.85367				2
2025.06.20	01:15:24.467		0.85370			4
2025.06.20	01:15:27.401	0.85364	0.85372			6
2025.06.20	01:15:27.719		0.85373			4
2025.06.20	01:15:29.239		0.85372			4
2025.06.20	01:15:34.447		0.85371			4
2025.06.20	01:15:38.711		0.85372			4
2025.06.20	01:15:39.040		0.85371			4
2025.06.20	01:15:48.141		0.85372			4
2025.06.20	01:15:49.339		0.85371			4
2025.06.20	01:15:51.608		0.85372			4
2025.06.20	01:15:59.711	0.85362	0.85371			6
2025.06.20	01:16:00.462	0.85364	0.85372			6
2025.06.20	01:16:02.494	0.85363				2
2025.06.20	01:16:20.859		0.85373			4
2025.06.20	01:16:22.653		0.85372			4
2025.06.20	01:16:32.840	0.85364				2
2025.06.20	01:16:34.113	0.85363				2
2025.06.20	01:16:35.839	0.85364				2
2025.06.20	01:16:41.840	0.85363				2
2025.06.20	01:16:50.480	0.85365				2
2025.06.20	01:16:50.787		0.85373			4
2025.06.20	01:16:57.144		0.85374			4
2025.06.20	01:16:59.996	0.85366				2
2025.06.20	01:17:00.322	0.85366				2
2025.06.20	01:17:12.741		0.85375			4
2025.06.20	01:17:17.240		0.85374			4
2025.06.20	01:17:24.245		0.85373			4
2025.06.20	01:17:24.852	0.85358	0.85366			6
2025.06.20	01:17:25.160	0.85359	0.85367			6
2025.06.20	01:17:25.981	0.85357	0.85364			6
2025.06.20	01:17:26.920	0.85356				2
2025.06.20	01:17:32.464		0.85363			4
2025.06.20	01:17:33.191	0.85355	0.85362			6
2025.06.20	01:17:33.499	0.85354				2
2025.06.20	01:17:34.527	0.85355	0.85363			6
2025.06.20	01:17:36.742	0.85357				2
2025.06.20	01:17:37.422		0.85362			4
2025.06.20	01:17:37.763		0.85363			4
2025.06.20	01:17:38.851		0.85364			4
2025.06.20	01:17:42.761		0.85363			4
2025.06.20	01:17:43.599		0.85364			4
2025.06.20	01:17:43.901		0.85365			4
2025.06.20	01:17:44.980		0.85364			4
2025.06.20	01:17:57.312		0.85362			4
2025.06.20	01:17:57.620		0.85363			4
2025.06.20	01:17:59.240		0.85362			4
2025.06.20	01:18:00.461	0.85357				2
2025.06.20	01:18:00.768		0.85363			4
2025.06.20	01:18:02.241	0.85358	0.85364			6
2025.06.20	01:18:03.754	0.85356	0.85363			6
2025.06.20	01:18:04.418	0.85357				2
2025.06.20	01:18:11.623	0.85358	0.85364			6
2025.06.20	01:18:13.472	0.85357				2
2025.06.20	01:18:16.243		0.85363			4
2025.06.20	01:18:18.141	0.85358				2
2025.06.20	01:18:18.461		0.85364			4
2025.06.20	01:18:21.140	0.85357				2
2025.06.20	01:18:23.539		0.85363			4
2025.06.20	01:18:25.310		0.85364			4
2025.06.20	01:18:28.295		0.85363			4
2025.06.20	01:18:32.729		0.85364			4
2025.06.20	01:18:34.524	0.85360	0.85368			6
2025.06.20	01:18:34.826		0.85366			4
2025.06.20	01:18:35.157	0.85359	0.85365			6
2025.06.20	01:18:35.513	0.85358	0.85364			6
2025.06.20	01:18:48.991	0.85357				2
2025.06.20	01:18:50.049	0.85358				2
2025.06.20	01:18:53.240		0.85363			4
2025.06.20	01:18:55.057	0.85357				2
2025.06.20	01:18:55.928	0.85358				2
2025.06.20	01:18:57.357		0.85364			4
2025.06.20	01:19:00.439	0.85358				2
2025.06.20	01:19:11.450	0.85359	0.85365			6
2025.06.20	01:19:12.828		0.85366			4
2025.06.20	01:19:21.676	0.85360				2
2025.06.20	01:19:23.026	0.85359				2
2025.06.20	01:19:29.250		0.85367			4
2025.06.20	01:19:30.908	0.85361	0.85368			6
2025.06.20	01:19:31.258	0.85362				2
2025.06.20	01:19:34.822		0.85369			4
2025.06.20	01:19:36.586		0.85368			4
2025.06.20	01:19:38.857		0.85369			4
2025.06.20	01:19:40.990		0.85368			4
2025.06.20	01:19:43.763	0.85363				2
2025.06.20	01:19:44.802	0.85361	0.85367			6
2025.06.20	01:19:50.927		0.85366			4
2025.06.20	01:19:52.367	0.85359	0.85365			6
2025.06.20	01:19:52.758		0.85366			4
2025.06.20	01:19:53.514	0.85358	0.85365			6
2025.06.20	01:20:00.432	0.85358				2
2025.06.20	01:20:00.950		0.85364			4
2025.06.20	01:20:01.394	0.85357				2
2025.06.20	01:20:02.451	0.85358				2
2025.06.20	01:20:02.806	0.85357				2
2025.06.20	01:20:03.478		0.85363			4
2025.06.20	01:20:08.540		0.85362			4
2025.06.20	01:20:12.993		0.85363			4
2025.06.20	01:20:14.871		0.85362			4
2025.06.20	01:20:15.909	0.85356				2
2025.06.20	01:20:22.424		0.85363			4
2025.06.20	01:20:22.837	0.85358	0.85364			6
2025.06.20	01:20:23.168		0.85365			4
2025.06.20	01:20:38.481	0.85357	0.85364			6
2025.06.20	01:20:43.202	0.85359				2
2025.06.20	01:20:44.067	0.85358				2
2025.06.20	01:20:44.956	0.85359				2
2025.06.20	01:20:46.128	0.85358				2
2025.06.20	01:20:49.340	0.85359				2
2025.06.20	01:21:00.469	0.85359	0.85365			6
2025.06.20	01:21:03.388		0.85364			4
2025.06.20	01:21:08.413		0.85365			4
2025.06.20	01:21:10.017	0.85357	0.85364			6
2025.06.20	01:21:11.039	0.85358				2
2025.06.20	01:21:15.495		0.85363			4
2025.06.20	01:21:20.071	0.85359				2
2025.06.20	01:21:22.939		0.85364			4
2025.06.20	01:21:23.983		0.85363			4
2025.06.20	01:21:37.659		0.85364			4
2025.06.20	01:21:41.839		0.85363			4
2025.06.20	01:21:46.328	0.85357				2
2025.06.20	01:21:46.629		0.85365			4
2025.06.20	01:21:47.461	0.85359				2
2025.06.20	01:22:00.027	0.85359				2
2025.06.20	01:22:01.519		0.85364			4
2025.06.20	01:22:04.795	0.85360				2
2025.06.20	01:22:05.167	0.85359				2
2025.06.20	01:22:06.577		0.85365			4
2025.06.20	01:22:13.614		0.85364			4
2025.06.20	01:22:16.581		0.85365			4
2025.06.20	01:22:25.421	0.85357	0.85364			6
2025.06.20	01:22:27.537	0.85358	0.85363			6
2025.06.20	01:22:28.957	0.85359				2
2025.06.20	01:22:39.137		0.85362			4
2025.06.20	01:22:39.454	0.85358				2
2025.06.20	01:22:42.411		0.85363			4
2025.06.20	01:22:43.392		0.85362			4
2025.06.20	01:22:43.999		0.85363			4
2025.06.20	01:22:44.511		0.85364			4
2025.06.20	01:22:44.959		0.85363			4
2025.06.20	01:22:48.908	0.85357	0.85361			6
2025.06.20	01:22:53.480		0.85360			4
2025.06.20	01:22:55.941		0.85361			4
2025.06.20	01:22:58.399		0.85360			4
2025.06.20	01:23:00.197	0.85356				2
2025.06.20	01:23:00.608		0.85363			4
2025.06.20	01:23:00.919	0.85357				2
2025.06.20	01:23:02.657	0.85355	0.85361			6
2025.06.20	01:23:03.903	0.85356				2
2025.06.20	01:23:04.278	0.85355				2
2025.06.20	01:23:08.858	0.85356				2
2025.06.20	01:23:09.666	0.85357				2
2025.06.20	01:23:09.985	0.85356				2
2025.06.20	01:23:13.986	0.85357				2
2025.06.20	01:23:16.842	0.85356	0.85362			6
2025.06.20	01:23:28.658		0.85361			4
2025.06.20	01:23:48.897		0.85362			4
2025.06.20	01:23:52.371	0.85355				2
2025.06.20	01:23:54.676	0.85356				2
2025.06.20	01:23:54.988		0.85361			4
2025.06.20	01:23:58.478	0.85355				2
2025.06.20	01:24:00.462	0.85355				2
2025.06.20	01:24:03.804	0.85357	0.85362			6
2025.06.20	01:24:11.231		0.85363			4
2025.06.20	01:24:13.218		0.85362			4
2025.06.20	01:24:15.357		0.85363			4
2025.06.20	01:24:17.840		0.85362			4
2025.06.20	01:24:26.852		0.85364			4
2025.06.20	01:24:28.915		0.85363			4
2025.06.20	01:24:29.240		0.85364			4
2025.06.20	01:24:31.633	0.85359	0.85365			6
2025.06.20	01:24:32.247		0.85364			4
2025.06.20	01:24:33.924		0.85365			4
2025.06.20	01:24:36.140	0.85357				2
2025.06.20	01:24:36.502	0.85358				2
2025.06.20	01:24:39.132		0.85364			4
2025.06.20	01:24:49.123	0.85359				2
2025.06.20	01:25:01.711	0.85359	0.85362			6
2025.06.20	01:25:03.701		0.85363			4
2025.06.20	01:25:04.218	0.85358				2
2025.06.20	01:25:06.739		0.85362			4
2025.06.20	01:25:14.196	0.85359				2
2025.06.20	01:25:15.734	0.85358				2
2025.06.20	01:25:16.048	0.85359				2
2025.06.20	01:25:21.512	0.85358				2
2025.06.20	01:25:21.836	0.85359				2
2025.06.20	01:25:22.497	0.85358				2
2025.06.20	01:25:23.807		0.85361			4
2025.06.20	01:25:34.339		0.85362			4
2025.06.20	01:25:41.267	0.85359				2
2025.06.20	01:25:50.061	0.85358				2
2025.06.20	01:25:52.129		0.85361			4
2025.06.20	01:26:00.450	0.85358	0.85362			6
2025.06.20	01:26:00.765	0.85357				2
2025.06.20	01:26:03.407	0.85358				2
2025.06.20	01:26:03.724	0.85357				2
2025.06.20	01:26:05.647	0.85358				2
2025.06.20	01:26:08.839	0.85356	0.85363			6
2025.06.20	01:26:09.144		0.85361			4
2025.06.20	01:26:09.477		0.85360			4
2025.06.20	01:26:09.937	0.85359	0.85363			6
2025.06.20	01:26:10.239	0.85357	0.85364			6
2025.06.20	01:26:10.573	0.85359	0.85365			6
2025.06.20	01:26:10.933		0.85366			4
2025.06.20	01:26:12.319		0.85367			4
2025.06.20	01:26:12.633		0.85365			4
2025.06.20	01:26:14.541		0.85366			4
2025.06.20	01:26:14.848	0.85357	0.85364			6
2025.06.20	01:26:16.050	0.85358				2
2025.06.20	01:26:19.338		0.85365			4
2025.06.20	01:26:22.621		0.85364			4
2025.06.20	01:26:22.943		0.85365			4
2025.06.20	01:26:35.466	0.85359				2
2025.06.20	01:26:35.915		0.85364			4
2025.06.20	01:26:37.363	0.85358	0.85366			6
2025.06.20	01:26:38.850	0.85359	0.85364			6
2025.06.20	01:26:47.029	0.85358				2
2025.06.20	01:26:50.277	0.85360				2
2025.06.20	01:26:52.396	0.85359				2
2025.06.20	01:26:52.891		0.85363			4
2025.06.20	01:26:53.291	0.85358	0.85365			6
2025.06.20	01:27:00.020	0.85358				2
2025.06.20	01:27:00.469	0.85357	0.85362			6
2025.06.20	01:27:01.707	0.85359				2
2025.06.20	01:27:02.150		0.85364			4
2025.06.20	01:27:02.459		0.85363			4
2025.06.20	01:27:03.188		0.85362			4
2025.06.20	01:27:04.353		0.85363			4
2025.06.20	01:27:06.686	0.85358				2
2025.06.20	01:27:12.353	0.85359				2
2025.06.20	01:27:13.048	0.85358				2
2025.06.20	01:27:13.403	0.85359	0.85365			6
2025.06.20	01:27:13.765		0.85364			4
2025.06.20	01:27:18.698		0.85365			4
2025.06.20	01:27:27.612	0.85360				2
2025.06.20	01:27:35.078		0.85366			4
2025.06.20	01:27:36.787		0.85365			4
2025.06.20	01:27:38.996		0.85366			4
2025.06.20	01:27:40.337	0.85359	0.85363			6
2025.06.20	01:27:40.892		0.85362			4
2025.06.20	01:27:43.276		0.85363			4
2025.06.20	01:27:43.707	0.85358				2
2025.06.20	01:27:47.888		0.85362			4
2025.06.20	01:27:54.041		0.85363			4
2025.06.20	01:27:58.297	0.85357				2
2025.06.20	01:27:59.934		0.85365			4
2025.06.20	01:28:00.328	0.85357				2
2025.06.20	01:28:00.799	0.85358	0.85366			6
2025.06.20	01:28:09.002	0.85359	0.85367			6
2025.06.20	01:28:11.073	0.85358	0.85366			6
2025.06.20	01:28:32.557	0.85359	0.85367			6
2025.06.20	01:28:32.869	0.85358				2
2025.06.20	01:28:39.743		0.85366			4
2025.06.20	01:28:40.938	0.85359	0.85367			6
2025.06.20	01:28:42.740	0.85360				2
2025.06.20	01:28:45.516		0.85368			4
2025.06.20	01:29:00.468	0.85360				2
2025.06.20	01:29:01.406	0.85359	0.85367			6
2025.06.20	01:29:24.882		0.85366			4
2025.06.20	01:29:28.142	0.85357	0.85365			6
2025.06.20	01:29:29.152	0.85361	0.85369			6
2025.06.20	01:29:29.839	0.85360	0.85368			6
2025.06.20	01:29:31.703		0.85367			4
2025.06.20	01:29:33.171	0.85359	0.85368			6
2025.06.20	01:29:36.144		0.85367			4
2025.06.20	01:29:46.353		0.85368			4
2025.06.20	01:29:47.506	0.85360				2
2025.06.20	01:29:48.582	0.85359	0.85367			6
2025.06.20	01:29:49.950		0.85368			4
2025.06.20	01:29:54.140		0.85367			4
2025.06.20	01:29:56.939		0.85368			4
2025.06.20	01:29:57.259		0.85367			4
2025.06.20	01:29:57.700	0.85358				2
2025.06.20	01:29:58.019		0.85366			4
2025.06.20	01:29:59.080	0.85357				2
2025.06.20	01:30:00.478	0.85358				2
2025.06.20	01:30:02.232	0.85363	0.85364			6
2025.06.20	01:30:03.155	0.85364	0.85365			6
2025.06.20	01:30:04.670	0.85357	0.85366			6
2025.06.20	01:30:05.609	0.85359				2
2025.06.20	01:30:08.164	0.85357	0.85365			6
2025.06.20	01:30:08.557	0.85359	0.85366			6
2025.06.20	01:30:08.988	0.85361	0.85367			6
2025.06.20	01:30:14.539		0.85368			4
2025.06.20	01:30:17.145		0.85367			4
2025.06.20	01:30:17.460	0.85362	0.85368			6
2025.06.20	01:30:20.361	0.85361				2
2025.06.20	01:30:23.447	0.85362	0.85369			6
2025.06.20	01:30:50.795	0.85364				2
2025.06.20	01:30:52.641		0.85370			4
2025.06.20	01:31:00.389	0.85363	0.85371			6
2025.06.20	01:31:00.701	0.85364				2
2025.06.20	01:31:03.549	0.85365				2
2025.06.20	01:31:05.370	0.85364				2
2025.06.20	01:31:08.183	0.85366				2
2025.06.20	01:31:14.729		0.85375			4
2025.06.20	01:31:15.997	0.85365				2
2025.06.20	01:31:16.355	0.85366				2
2025.06.20	01:31:32.075	0.85372	0.85377			6
2025.06.20	01:31:34.477	0.85370	0.85378			6
2025.06.20	01:31:37.960	0.85373				2
2025.06.20	01:31:39.004	0.85371	0.85377			6
2025.06.20	01:31:41.897	0.85370	0.85376			6
2025.06.20	01:31:42.231		0.85375			4
2025.06.20	01:31:45.746	0.85368	0.85374			6
2025.06.20	01:31:46.058		0.85373			4
2025.06.20	01:31:52.340		0.85372			4
2025.06.20	01:31:54.893		0.85373			4
2025.06.20	01:31:57.138		0.85372			4
2025.06.20	01:31:58.286		0.85373			4
2025.06.20	01:31:58.639	0.85367	0.85372			6
2025.06.20	01:32:00.501	0.85367				2
2025.06.20	01:32:02.839	0.85366				2
2025.06.20	01:32:03.154		0.85373			4
2025.06.20	01:32:04.671	0.85371	0.85372			6
2025.06.20	01:32:12.487	0.85370	0.85371			6
2025.06.20	01:32:14.793	0.85365	0.85370			6
2025.06.20	01:32:15.719	0.85366	0.85371			6
2025.06.20	01:32:19.562		0.85372			4
2025.06.20	01:32:21.939	0.85363	0.85370			6
2025.06.20	01:32:23.051	0.85364				2
2025.06.20	01:32:27.581	0.85363				2
2025.06.20	01:32:29.587	0.85364				2
2025.06.20	01:32:31.373	0.85363				2
2025.06.20	01:32:31.678	0.85364				2
2025.06.20	01:32:31.984	0.85363				2
2025.06.20	01:32:32.632	0.85366	0.85372			6
2025.06.20	01:32:33.743	0.85364	0.85371			6
2025.06.20	01:32:34.058		0.85370			4
2025.06.20	01:32:35.257	0.85366	0.85373			6
2025.06.20	01:32:35.563		0.85372			4
2025.06.20	01:32:45.995	0.85364	0.85370			6
2025.06.20	01:32:47.239		0.85371			4
2025.06.20	01:32:51.357	0.85368	0.85373			6
2025.06.20	01:32:51.682	0.85369	0.85374			6
2025.06.20	01:32:52.463	0.85368	0.85373			6
2025.06.20	01:32:54.192	0.85363	0.85369			6
2025.06.20	01:32:59.508	0.85362				2
2025.06.20	01:33:00.473	0.85362	0.85370			6
2025.06.20	01:33:02.009		0.85369			4
2025.06.20	01:33:10.317	0.85363	0.85370			6
2025.06.20	01:33:10.619	0.85365				2
2025.06.20	01:33:13.166		0.85369			4
2025.06.20	01:33:14.307	0.85364	0.85371			6
2025.06.20	01:33:14.720		0.85370			4
2025.06.20	01:33:19.341		0.85369			4
2025.06.20	01:33:22.284	0.85365				2
2025.06.20	01:33:25.938		0.85370			4
2025.06.20	01:33:26.683	0.85363	0.85369			6
2025.06.20	01:33:30.356		0.85370			4
2025.06.20	01:33:30.659		0.85369			4
2025.06.20	01:33:32.234		0.85368			4
2025.06.20	01:33:34.340		0.85369			4
2025.06.20	01:33:36.893	0.85362				2
2025.06.20	01:33:39.139		0.85368			4
2025.06.20	01:33:40.313		0.85369			4
2025.06.20	01:33:42.180		0.85368			4
2025.06.20	01:33:43.753	0.85363	0.85369			6
2025.06.20	01:33:50.458	0.85362	0.85368			6
2025.06.20	01:33:51.469	0.85360	0.85365			6
2025.06.20	01:33:55.688	0.85356	0.85363			6
2025.06.20	01:33:56.351	0.85357	0.85364			6
2025.06.20	01:33:56.659		0.85363			4
2025.06.20	01:33:57.937		0.85362			4
2025.06.20	01:34:00.431	0.85357	0.85363			6
2025.06.20	01:34:08.035	0.85359	0.85365			6
2025.06.20	01:34:12.567	0.85361				2
2025.06.20	01:34:14.877	0.85362	0.85368			6
2025.06.20	01:34:18.180	0.85359				2
2025.06.20	01:34:19.339		0.85367			4
2025.06.20	01:34:22.723		0.85366			4
2025.06.20	01:34:23.300	0.85362	0.85367			6
2025.06.20	01:34:31.515	0.85363				2
2025.06.20	01:34:35.038	0.85364	0.85368			6
2025.06.20	01:34:35.339	0.85365	0.85370			6
2025.06.20	01:34:36.160		0.85371			4
2025.06.20	01:34:36.821	0.85366				2
2025.06.20	01:34:38.869	0.85365				2
2025.06.20	01:34:39.806	0.85367				2
2025.06.20	01:34:47.596	0.85362	0.85370			6
2025.06.20	01:34:48.139		0.85369			4
2025.06.20	01:34:48.553		0.85370			4
2025.06.20	01:34:50.893		0.85369			4
2025.06.20	01:34:51.573	0.85363				2
2025.06.20	01:34:51.965	0.85362				2
2025.06.20	01:35:00.081	0.85367	0.85372			6
2025.06.20	01:35:00.402	0.85365	0.85370			6
2025.06.20	01:35:01.551		0.85371			4
2025.06.20	01:35:02.833	0.85366	0.85372			6
2025.06.20	01:35:10.190	0.85367				2
2025.06.20	01:35:12.869	0.85369	0.85374			6
2025.06.20	01:35:17.858	0.85370	0.85376			6
2025.06.20	01:35:21.350	0.85371	0.85377			6
2025.06.20	01:35:22.084	0.85368	0.85375			6
2025.06.20	01:35:24.199		0.85374			4
2025.06.20	01:35:24.682	0.85369				2
2025.06.20	01:35:27.940	0.85370	0.85376			6
2025.06.20	01:35:30.253		0.85375			4
2025.06.20	01:35:30.737	0.85371	0.85378			6
2025.06.20	01:35:31.739	0.85372				2
2025.06.20	01:35:38.487	0.85370	0.85376			6
2025.06.20	01:35:47.369	0.85376	0.85382			6
2025.06.20	01:35:47.782	0.85375	0.85381			6
2025.06.20	01:35:48.360	0.85376				2
2025.06.20	01:35:57.902		0.85380			4
2025.06.20	01:36:00.461	0.85376	0.85381			6
2025.06.20	01:36:00.938	0.85375	0.85380			6
2025.06.20	01:36:01.615	0.85373	0.85379			6
2025.06.20	01:36:04.039		0.85378			4
2025.06.20	01:36:04.353	0.85372	0.85376			6
2025.06.20	01:36:05.321	0.85371				2
2025.06.20	01:36:12.352	0.85370				2
2025.06.20	01:36:21.507		0.85375			4
2025.06.20	01:36:27.131	0.85367	0.85371			6
2025.06.20	01:36:27.439		0.85372			4
2025.06.20	01:36:31.531		0.85373			4
2025.06.20	01:36:32.773	0.85366				2
2025.06.20	01:36:36.144		0.85372			4
2025.06.20	01:36:39.578	0.85367				2
2025.06.20	01:36:42.777		0.85374			4
2025.06.20	01:36:43.781		0.85375			4
2025.06.20	01:36:44.239		0.85372			4
2025.06.20	01:36:46.738		0.85373			4
2025.06.20	01:36:51.768		0.85372			4
2025.06.20	01:37:00.143	0.85361	0.85367			6
2025.06.20	01:37:03.580	0.85363				2
2025.06.20	01:37:09.068	0.85360	0.85365			6
2025.06.20	01:37:09.592		0.85364			4
2025.06.20	01:37:10.942		0.85365			4
2025.06.20	01:37:14.500	0.85362	0.85366			6
2025.06.20	01:37:16.941		0.85365			4
2025.06.20	01:37:18.142		0.85366			4
2025.06.20	01:37:28.378		0.85367			4
2025.06.20	01:37:32.141	0.85365	0.85370			6
2025.06.20	01:37:32.469	0.85363	0.85367			6
2025.06.20	01:37:32.919		0.85366			4
2025.06.20	01:37:46.354	0.85364	0.85370			6
2025.06.20	01:37:46.660	0.85365				2
2025.06.20	01:37:50.042	0.85364	0.85369			6
2025.06.20	01:37:50.353	0.85365				2
2025.06.20	01:37:52.297	0.85364	0.85370			6
2025.06.20	01:37:55.731	0.85365	0.85369			6
2025.06.20	01:37:56.842		0.85370			4
2025.06.20	01:37:59.507		0.85371			4
2025.06.20	01:38:00.044	0.85365				2
2025.06.20	01:38:01.693		0.85370			4
2025.06.20	01:38:02.076	0.85367	0.85372			6
2025.06.20	01:38:02.502		0.85371			4
2025.06.20	01:38:03.936	0.85366	0.85372			6
2025.06.20	01:38:06.153		0.85373			4
2025.06.20	01:38:12.104	0.85368				2
2025.06.20	01:38:28.276		0.85374			4
2025.06.20	01:38:35.339		0.85375			4
2025.06.20	01:38:36.363		0.85374			4
2025.06.20	01:38:40.756	0.85371	0.85377			6
2025.06.20	01:38:48.943	0.85370				2
2025.06.20	01:38:49.317		0.85376			4
2025.06.20	01:38:53.201	0.85367	0.85375			6
2025.06.20	01:38:53.679	0.85369				2
2025.06.20	01:38:58.281	0.85370	0.85376			6
2025.06.20	01:38:58.940		0.85375			4
2025.06.20	01:38:59.310	0.85369				2
2025.06.20	01:39:00.454	0.85370	0.85376			6
2025.06.20	01:39:00.775	0.85371				2
2025.06.20	01:39:18.589	0.85369	0.85375			6
2025.06.20	01:39:21.842		0.85374			4
2025.06.20	01:39:22.321	0.85367	0.85376			6
2025.06.20	01:39:24.545		0.85375			4
2025.06.20	01:39:29.429	0.85369				2
2025.06.20	01:39:29.966	0.85370				2
2025.06.20	01:39:34.573	0.85369				2
2025.06.20	01:39:38.228	0.85370	0.85377			6
2025.06.20	01:39:42.140		0.85376			4
2025.06.20	01:39:46.847		0.85377			4
2025.06.20	01:39:48.209	0.85371	0.85378			6
2025.06.20	01:39:50.419	0.85370	0.85376			6
2025.06.20	01:39:51.453	0.85369	0.85377			6
2025.06.20	01:39:52.350	0.85372				2
2025.06.20	01:40:00.438	0.85368	0.85376			6
2025.06.20	01:40:00.979	0.85370				2
2025.06.20	01:40:06.143		0.85375			4
2025.06.20	01:40:07.937	0.85369	0.85376			6
2025.06.20	01:40:45.738	0.85370				2
2025.06.20	01:40:49.779	0.85368	0.85374			6
2025.06.20	01:40:50.115	0.85366	0.85372			6
2025.06.20	01:40:56.078	0.85368	0.85374			6
2025.06.20	01:40:58.215	0.85366	0.85372			6
2025.06.20	01:41:00.363	0.85366				2
2025.06.20	01:41:00.680	0.85367	0.85375			6
2025.06.20	01:41:09.141	0.85366				2
2025.06.20	01:41:09.555	0.85369				2
2025.06.20	01:41:20.855	0.85367	0.85374			6
2025.06.20	01:41:24.682	0.85368				2
2025.06.20	01:41:33.076	0.85367	0.85373			6
2025.06.20	01:41:46.812	0.85366	0.85372			6
2025.06.20	01:41:50.359	0.85367	0.85373			6
2025.06.20	01:41:55.777	0.85366	0.85374			6
2025.06.20	01:41:58.722	0.85365				2
2025.06.20	01:41:59.049	0.85366				2
2025.06.20	01:42:00.431	0.85364	0.85370			6
2025.06.20	01:42:01.625	0.85365	0.85373			6
2025.06.20	01:42:01.943	0.85364	0.85371			6
2025.06.20	01:42:10.558		0.85370			4
2025.06.20	01:42:11.900	0.85363				2
2025.06.20	01:42:17.239	0.85364				2
2025.06.20	01:42:50.291	0.85363	0.85372			6
2025.06.20	01:42:50.602		0.85370			4
2025.06.20	01:42:51.775	0.85364				2
2025.06.20	01:43:00.465	0.85363	0.85369			6
2025.06.20	01:43:09.368	0.85364	0.85371			6
2025.06.20	01:43:09.714	0.85365	0.85374			6
2025.06.20	01:43:10.017		0.85371			4
2025.06.20	01:43:10.319	0.85364	0.85373			6
2025.06.20	01:43:13.841		0.85369			4
2025.06.20	01:43:14.964	0.85362	0.85370			6
2025.06.20	01:43:18.550	0.85363				2
2025.06.20	01:43:20.627		0.85368			4
2025.06.20	01:43:22.360		0.85369			4
2025.06.20	01:43:31.165	0.85364	0.85372			6
2025.06.20	01:43:37.640	0.85363				2
2025.06.20	01:43:41.373	0.85365	0.85373			6
2025.06.20	01:43:43.040	0.85364				2
2025.06.20	01:43:46.318	0.85363	0.85372			6
2025.06.20	01:43:50.862	0.85364				2
2025.06.20	01:43:55.640	0.85363				2
2025.06.20	01:44:00.218	0.85363	0.85368			6
2025.06.20	01:44:00.533	0.85361	0.85367			6
2025.06.20	01:44:01.988		0.85365			4
2025.06.20	01:44:02.769	0.85362	0.85367			6
2025.06.20	01:44:05.534	0.85361	0.85366			6
2025.06.20	01:44:06.698		0.85367			4
2025.06.20	01:44:10.358		0.85366			4
2025.06.20	01:44:11.307	0.85359				2
2025.06.20	01:44:13.529	0.85360				2
2025.06.20	01:44:14.267	0.85359	0.85365			6
2025.06.20	01:44:14.579	0.85358	0.85367			6
2025.06.20	01:44:15.005	0.85360	0.85368			6
2025.06.20	01:44:16.452	0.85362	0.85366			6
2025.06.20	01:44:25.236	0.85363	0.85369			6
2025.06.20	01:44:25.956		0.85370			4
2025.06.20	01:44:29.225	0.85362	0.85369			6
2025.06.20	01:44:29.563		0.85370			4
2025.06.20	01:44:30.169		0.85368			4
2025.06.20	01:44:30.662	0.85363	0.85370			6
2025.06.20	01:44:34.361	0.85362	0.85368			6
2025.06.20	01:44:37.561		0.85370			4
2025.06.20	01:44:43.190		0.85371			4
2025.06.20	01:44:46.340		0.85370			4
2025.06.20	01:44:48.866	0.85364	0.85373			6
2025.06.20	01:44:50.358	0.85365				2
2025.06.20	01:44:50.717	0.85364				2
2025.06.20	01:44:51.388	0.85365				2
2025.06.20	01:44:51.719	0.85364				2
2025.06.20	01:44:56.574	0.85366				2
2025.06.20	01:44:56.920	0.85365				2
2025.06.20	01:44:57.460		0.85372			4
2025.06.20	01:44:58.747		0.85371			4
2025.06.20	01:44:59.835	0.85364				2
2025.06.20	01:45:00.178	0.85364				2
2025.06.20	01:45:03.494		0.85373			4
2025.06.20	01:45:03.799	0.85365	0.85372			6
2025.06.20	01:45:10.204	0.85366				2
2025.06.20	01:45:12.964		0.85371			4
2025.06.20	01:45:14.137	0.85365	0.85369			6
2025.06.20	01:45:17.099	0.85364	0.85371			6
2025.06.20	01:45:21.449	0.85362	0.85368			6
2025.06.20	01:45:23.306	0.85361				2
2025.06.20	01:45:23.921	0.85363				2
2025.06.20	01:45:24.638	0.85362				2
2025.06.20	01:45:31.241	0.85363				2
2025.06.20	01:45:44.440	0.85362				2
2025.06.20	01:45:46.152	0.85363	0.85367			6
2025.06.20	01:45:53.272		0.85368			4
2025.06.20	01:45:55.900		0.85369			4
2025.06.20	01:46:00.324	0.85363				2
2025.06.20	01:46:00.665	0.85364				2
2025.06.20	01:46:07.216	0.85363				2
2025.06.20	01:46:13.647	0.85362	0.85368			6
2025.06.20	01:46:17.244		0.85369			4
2025.06.20	01:46:21.201		0.85368			4
2025.06.20	01:46:26.479	0.85361	0.85367			6
2025.06.20	01:46:30.375	0.85362				2
2025.06.20	01:46:31.054	0.85363				2
2025.06.20	01:46:32.020		0.85369			4
2025.06.20	01:46:33.182	0.85364	0.85370			6
2025.06.20	01:46:34.256	0.85363	0.85369			6
2025.06.20	01:46:35.237		0.85370			4
2025.06.20	01:46:37.132	0.85365	0.85372			6
2025.06.20	01:46:53.343	0.85366				2
2025.06.20	01:46:56.000	0.85367	0.85374			6
2025.06.20	01:46:58.340	0.85369	0.85375			6
2025.06.20	01:46:58.642	0.85370	0.85374			6
2025.06.20	01:47:00.204	0.85370				2
2025.06.20	01:47:01.249		0.85376			4
2025.06.20	01:47:02.975		0.85378			4
2025.06.20	01:47:04.858	0.85369	0.85375			6
2025.06.20	01:47:05.215		0.85377			4
2025.06.20	01:47:08.526	0.85370	0.85378			6
2025.06.20	01:47:15.824	0.85369	0.85376			6
2025.06.20	01:47:24.909	0.85370	0.85377			6
2025.06.20	01:47:27.102	0.85371	0.85376			6
2025.06.20	01:47:29.120		0.85377			4
2025.06.20	01:47:31.381	0.85370				2
2025.06.20	01:47:38.822	0.85369				2
2025.06.20	01:47:40.039		0.85376			4
2025.06.20	01:47:40.712	0.85370	0.85378			6
2025.06.20	01:47:41.842		0.85377			4
2025.06.20	01:47:50.637		0.85376			4
2025.06.20	01:47:54.927		0.85377			4
2025.06.20	01:47:55.242	0.85371	0.85379			6
2025.06.20	01:47:59.172		0.85378			4
2025.06.20	01:47:59.480		0.85379			4
2025.06.20	01:48:00.138	0.85371				2
2025.06.20	01:48:15.794	0.85370	0.85378			6
2025.06.20	01:48:25.201	0.85371				2
2025.06.20	01:48:25.639		0.85379			4
2025.06.20	01:48:30.077	0.85375	0.85381			6
2025.06.20	01:48:33.062	0.85374	0.85384			6
2025.06.20	01:48:33.589		0.85382			4
2025.06.20	01:48:40.158	0.85373	0.85381			6
2025.06.20	01:48:40.465	0.85374	0.85382			6
2025.06.20	01:48:51.493	0.85375				2
2025.06.20	01:48:52.144	0.85374	0.85383			6
2025.06.20	01:48:54.745	0.85373	0.85379			6
2025.06.20	01:48:55.070		0.85378			4
2025.06.20	01:49:00.140	0.85373				2
2025.06.20	01:49:02.118	0.85374	0.85381			6
2025.06.20	01:49:07.965	0.85376	0.85382			6
2025.06.20	01:49:13.497		0.85383			4
2025.06.20	01:49:17.013		0.85382			4
2025.06.20	01:49:19.956	0.85375				2
2025.06.20	01:49:26.016	0.85376	0.85383			6
2025.06.20	01:49:26.844		0.85382			4
2025.06.20	01:49:30.758	0.85375	0.85381			6
2025.06.20	01:49:31.123		0.85380			4
2025.06.20	01:49:34.495	0.85374				2
2025.06.20	01:49:39.135	0.85376	0.85382			6
2025.06.20	01:49:39.445	0.85377				2
2025.06.20	01:49:39.800		0.85383			4
2025.06.20	01:49:41.461		0.85382			4
2025.06.20	01:49:45.109	0.85376				2
2025.06.20	01:50:00.451	0.85376				2
2025.06.20	01:50:03.191	0.85377				2
2025.06.20	01:50:13.940	0.85378	0.85384			6
2025.06.20	01:50:14.276	0.85379	0.85385			6
2025.06.20	01:50:16.393	0.85378				2
2025.06.20	01:50:17.050	0.85379				2
2025.06.20	01:50:19.685	0.85378				2
2025.06.20	01:50:20.576		0.85386			4
2025.06.20	01:50:23.839	0.85379				2
2025.06.20	01:50:30.535	0.85378				2
2025.06.20	01:50:38.218	0.85379	0.85385			6
2025.06.20	01:50:45.589		0.85386			4
2025.06.20	01:50:50.320	0.85382	0.85387			6
2025.06.20	01:50:50.634	0.85381	0.85386			6
2025.06.20	01:50:51.165	0.85382				2
2025.06.20	01:50:54.757	0.85380				2
2025.06.20	01:50:55.399	0.85381	0.85387			6
2025.06.20	01:50:56.307		0.85386			4
2025.06.20	01:50:56.613	0.85380				2
2025.06.20	01:50:58.061	0.85382				2
2025.06.20	01:50:58.867	0.85383	0.85387			6
2025.06.20	01:50:59.392		0.85389			4
2025.06.20	01:51:00.316	0.85383				2
2025.06.20	01:51:01.684	0.85382				2
2025.06.20	01:51:09.935	0.85379	0.85385			6
2025.06.20	01:51:10.282		0.85386			4
2025.06.20	01:51:10.583		0.85385			4
2025.06.20	01:51:20.235	0.85378	0.85383			6
2025.06.20	01:51:20.840		0.85384			4
2025.06.20	01:51:29.343	0.85379	0.85385			6
2025.06.20	01:51:29.800		0.85386			4
2025.06.20	01:51:31.384	0.85380				2
2025.06.20	01:51:32.788		0.85385			4
2025.06.20	01:51:38.713	0.85381	0.85387			6
2025.06.20	01:51:39.015	0.85380				2
2025.06.20	01:51:41.427	0.85379	0.85386			6
2025.06.20	01:51:47.608	0.85380				2
2025.06.20	01:51:48.696	0.85381				2
2025.06.20	01:51:53.929		0.85387			4
2025.06.20	01:51:54.461		0.85386			4
2025.06.20	01:51:55.939	0.85380				2
2025.06.20	01:52:00.505	0.85380				2
2025.06.20	01:52:01.501		0.85387			4
2025.06.20	01:52:08.168		0.85386			4
2025.06.20	01:52:09.297	0.85381				2
2025.06.20	01:52:10.152		0.85387			4
2025.06.20	01:52:21.280	0.85382				2
2025.06.20	01:52:21.627		0.85388			4
2025.06.20	01:52:23.203		0.85387			4
2025.06.20	01:52:25.821		0.85388			4
2025.06.20	01:52:29.199		0.85386			4
2025.06.20	01:52:33.192	0.85384	0.85390			6
2025.06.20	01:52:34.052	0.85385	0.85391			6
2025.06.20	01:52:35.382		0.85392			4
2025.06.20	01:52:38.355	0.85386				2
2025.06.20	01:52:47.282	0.85385				2
2025.06.20	01:52:54.139	0.85386				2
2025.06.20	01:52:55.805	0.85385				2
2025.06.20	01:52:56.394	0.85386				2
2025.06.20	01:52:56.703	0.85388				2
2025.06.20	01:52:59.354	0.85387				2
2025.06.20	01:53:02.212	0.85387	0.85391			6
2025.06.20	01:53:07.805	0.85389	0.85393			6
2025.06.20	01:53:08.241		0.85395			4
2025.06.20	01:53:08.723	0.85388	0.85393			6
2025.06.20	01:53:09.824	0.85387	0.85394			6
2025.06.20	01:53:10.177		0.85392			4
2025.06.20	01:53:14.097	0.85386				2
2025.06.20	01:53:15.205		0.85393			4
2025.06.20	01:53:18.140	0.85388	0.85391			6
2025.06.20	01:53:18.464	0.85387	0.85392			6
2025.06.20	01:53:19.578	0.85386				2
2025.06.20	01:53:20.138	0.85388				2
2025.06.20	01:53:25.196	0.85387				2
2025.06.20	01:53:28.411	0.85385	0.85391			6
2025.06.20	01:53:30.271	0.85383	0.85386			6
2025.06.20	01:53:33.402	0.85384	0.85389			6
2025.06.20	01:53:35.916		0.85390			4
2025.06.20	01:53:36.779		0.85389			4
2025.06.20	01:53:52.169	0.85383	0.85388			6
2025.06.20	01:53:53.840		0.85387			4
2025.06.20	01:53:56.335	0.85384	0.85389			6
2025.06.20	01:54:00.454	0.85385	0.85390			6
2025.06.20	01:54:03.168	0.85384				2
2025.06.20	01:54:05.537	0.85385				2
2025.06.20	01:54:07.857	0.85386				2
2025.06.20	01:54:10.325	0.85383	0.85389			6
2025.06.20	01:54:12.841	0.85384				2
2025.06.20	01:54:13.885	0.85385				2
2025.06.20	01:54:14.796	0.85384	0.85388			6
2025.06.20	01:54:15.921	0.85382	0.85387			6
2025.06.20	01:54:23.313	0.85383	0.85389			6
2025.06.20	01:54:23.840		0.85390			4
2025.06.20	01:54:26.903	0.85384	0.85389			6
2025.06.20	01:54:34.440	0.85383	0.85388			6
2025.06.20	01:54:43.375	0.85382	0.85387			6
2025.06.20	01:54:53.003	0.85378	0.85383			6
2025.06.20	01:55:00.284	0.85378	0.85384			6
2025.06.20	01:55:02.311	0.85379				2
2025.06.20	01:55:05.477		0.85383			4
2025.06.20	01:55:07.378	0.85377	0.85382			6
2025.06.20	01:55:08.750	0.85380	0.85385			6
2025.06.20	01:55:09.060		0.85387			4
2025.06.20	01:55:14.139	0.85375	0.85383			6
2025.06.20	01:55:15.741		0.85382			4
2025.06.20	01:55:17.582	0.85376				2
2025.06.20	01:55:20.608	0.85378	0.85383			6
2025.06.20	01:55:24.299	0.85377				2
2025.06.20	01:55:30.415		0.85382			4
2025.06.20	01:55:44.539		0.85381			4
2025.06.20	01:55:50.862	0.85376				2
2025.06.20	01:56:00.556	0.85376				2
2025.06.20	01:56:01.730	0.85377				2
2025.06.20	01:56:02.381	0.85376				2
2025.06.20	01:56:18.816	0.85377	0.85382			6
2025.06.20	01:56:22.695		0.85381			4
2025.06.20	01:56:28.335		0.85382			4
2025.06.20	01:56:29.840		0.85384			4
2025.06.20	01:56:30.213		0.85383			4
2025.06.20	01:56:32.973		0.85384			4
2025.06.20	01:56:35.839		0.85383			4
2025.06.20	01:56:40.316		0.85380			4
2025.06.20	01:56:40.957	0.85376				2
2025.06.20	01:56:51.373		0.85381			4
2025.06.20	01:56:59.729	0.85373	0.85377			6
2025.06.20	01:57:00.139	0.85373				2
2025.06.20	01:57:09.722	0.85372	0.85376			6
2025.06.20	01:57:14.714	0.85374	0.85378			6
2025.06.20	01:57:18.430	0.85375	0.85379			6
2025.06.20	01:57:34.188	0.85374	0.85378			6
2025.06.20	01:57:38.685	0.85372	0.85377			6
2025.06.20	01:57:41.881	0.85374				2
2025.06.20	01:57:44.302	0.85372				2
2025.06.20	01:57:46.515	0.85373	0.85378			6
2025.06.20	01:57:49.134	0.85371	0.85375			6
2025.06.20	01:57:55.941	0.85372	0.85377			6
2025.06.20	01:57:56.343	0.85374	0.85378			6
2025.06.20	01:57:57.368	0.85377	0.85380			6
2025.06.20	01:57:58.851	0.85376				2
2025.06.20	01:58:00.570	0.85376	0.85381			6
2025.06.20	01:58:11.894	0.85373	0.85377			6
2025.06.20	01:58:12.197	0.85372	0.85379			6
2025.06.20	01:58:13.000	0.85373	0.85378			6
2025.06.20	01:58:13.328		0.85377			4
2025.06.20	01:58:26.046	0.85372				2
2025.06.20	01:58:30.439		0.85378			4
2025.06.20	01:58:31.639		0.85377			4
2025.06.20	01:58:37.515	0.85370	0.85376			6
2025.06.20	01:58:37.938	0.85372	0.85375			6
2025.06.20	01:58:38.323	0.85373	0.85378			6
2025.06.20	01:58:39.688		0.85377			4
2025.06.20	01:58:43.149	0.85374				2
2025.06.20	01:58:46.297	0.85373				2
2025.06.20	01:58:52.564	0.85374				2
2025.06.20	01:58:54.920		0.85378			4
2025.06.20	01:58:56.682	0.85373				2
2025.06.20	01:58:57.892	0.85374				2
2025.06.20	01:58:59.238		0.85377			4
2025.06.20	01:59:02.198	0.85374	0.85379			6
2025.06.20	01:59:05.850	0.85373	0.85378			6
2025.06.20	01:59:10.592	0.85374				2
2025.06.20	01:59:12.216		0.85379			4
2025.06.20	01:59:31.060		0.85378			4
2025.06.20	01:59:31.497		0.85380			4
2025.06.20	01:59:32.432	0.85375	0.85381			6
2025.06.20	01:59:39.751	0.85374	0.85378			6
2025.06.20	01:59:41.840		0.85379			4
2025.06.20	01:59:42.452	0.85373	0.85378			6
2025.06.20	01:59:45.707	0.85375	0.85380			6
2025.06.20	01:59:48.318	0.85374	0.85379			6
2025.06.20	01:59:48.723		0.85377			4
2025.06.20	02:00:00.361	0.85378	0.85384			6
2025.06.20	02:00:00.672		0.85383			4
2025.06.20	02:00:01.447	0.85377	0.85384			6
2025.06.20	02:00:03.650	0.85376	0.85383			6
2025.06.20	02:00:03.973	0.85377	0.85382			6
2025.06.20	02:00:06.362	0.85375	0.85381			6
2025.06.20	02:00:06.688		0.85379			4
2025.06.20	02:00:06.993		0.85378			4
2025.06.20	02:00:07.583	0.85374				2
2025.06.20	02:00:08.528		0.85379			4
2025.06.20	02:00:10.437		0.85380			4
2025.06.20	02:00:36.775	0.85373	0.85379			6
2025.06.20	02:00:41.921		0.85378			4
2025.06.20	02:00:46.551	0.85374	0.85380			6
2025.06.20	02:00:47.876	0.85375				2
2025.06.20	02:00:49.207		0.85382			4
2025.06.20	02:00:50.477	0.85373	0.85378			6
2025.06.20	02:01:00.324	0.85373				2
2025.06.20	02:01:01.915	0.85371	0.85376			6
2025.06.20	02:01:03.479	0.85370	0.85377			6
2025.06.20	02:01:06.947	0.85371	0.85378			6
2025.06.20	02:01:08.041	0.85372	0.85376			6
2025.06.20	02:01:09.247		0.85377			4
2025.06.20	02:01:15.750		0.85379			4
2025.06.20	02:01:16.059		0.85376			4
2025.06.20	02:01:19.077		0.85377			4
2025.06.20	02:01:22.009	0.85373				2
2025.06.20	02:01:25.040		0.85379			4
2025.06.20	02:01:26.502		0.85377			4
2025.06.20	02:01:27.412		0.85379			4
2025.06.20	02:01:28.420		0.85378			4
2025.06.20	02:01:28.940		0.85379			4
2025.06.20	02:01:32.405	0.85374				2
2025.06.20	02:01:36.404	0.85375	0.85381			6
2025.06.20	02:01:39.557	0.85376	0.85382			6
2025.06.20	02:01:39.860		0.85381			4
2025.06.20	02:01:40.334		0.85382			4
2025.06.20	02:01:40.661		0.85381			4
2025.06.20	02:01:41.538		0.85382			4
2025.06.20	02:01:44.386	0.85377				2
2025.06.20	02:01:46.031	0.85376	0.85381			6
2025.06.20	02:01:48.406	0.85374				2
2025.06.20	02:01:49.940		0.85380			4
2025.06.20	02:01:54.399	0.85375				2
2025.06.20	02:01:56.398		0.85379			4
2025.06.20	02:01:58.156		0.85380			4
2025.06.20	02:01:59.544		0.85378			4
2025.06.20	02:02:00.140	0.85375	0.85379			6
2025.06.20	02:02:00.488		0.85381			4
2025.06.20	02:02:00.999		0.85379			4
2025.06.20	02:02:04.377		0.85381			4
2025.06.20	02:02:06.417	0.85376				2
2025.06.20	02:02:11.541		0.85382			4
2025.06.20	02:02:18.473	0.85375	0.85381			6
2025.06.20	02:02:19.159	0.85376				2
2025.06.20	02:02:20.672		0.85380			4
2025.06.20	02:02:28.131		0.85378			4
2025.06.20	02:02:29.388	0.85377				2
2025.06.20	02:02:30.298	0.85375	0.85376			6
2025.06.20	02:02:30.601	0.85376	0.85380			6
2025.06.20	02:02:31.878	0.85375				2
2025.06.20	02:02:34.420	0.85376				2
2025.06.20	02:02:37.654	0.85375				2
2025.06.20	02:02:38.327		0.85378			4
2025.06.20	02:02:41.984		0.85379			4
2025.06.20	02:02:42.293	0.85376				2
2025.06.20	02:02:45.396	0.85377	0.85380			6
2025.06.20	02:02:46.425		0.85381			4
2025.06.20	02:03:00.292	0.85377				2
2025.06.20	02:03:20.985		0.85380			4
2025.06.20	02:03:22.338	0.85376				2
2025.06.20	02:03:36.455		0.85379			4
2025.06.20	02:03:45.951		0.85378			4
2025.06.20	02:03:53.782	0.85374	0.85377			6
2025.06.20	02:03:55.294	0.85375				2
2025.06.20	02:03:55.868		0.85378			4
2025.06.20	02:03:57.220	0.85376				2
2025.06.20	02:03:57.578	0.85374	0.85375			6
2025.06.20	02:03:57.880	0.85376	0.85377			6
2025.06.20	02:04:01.359	0.85376				2
2025.06.20	02:04:02.742	0.85375	0.85376			6
2025.06.20	02:04:03.049	0.85373				2
2025.06.20	02:04:03.376		0.85377			4
2025.06.20	02:04:10.244	0.85372	0.85375			6
2025.06.20	02:04:10.559	0.85373	0.85376			6
2025.06.20	02:04:11.932	0.85372				2
2025.06.20	02:04:13.062		0.85375			4
2025.06.20	02:04:13.499		0.85376			4
2025.06.20	02:04:15.110		0.85374			4
2025.06.20	02:04:15.412		0.85375			4
2025.06.20	02:04:20.558		0.85376			4
2025.06.20	02:04:23.540		0.85375			4
2025.06.20	02:04:24.261	0.85369	0.85371			6
2025.06.20	02:04:24.579	0.85366	0.85369			6
2025.06.20	02:04:26.710		0.85371			4
2025.06.20	02:04:29.132		0.85369			4
2025.06.20	02:04:30.626	0.85367	0.85371			6
2025.06.20	02:04:32.753	0.85370	0.85373			6
2025.06.20	02:04:34.108		0.85374			4
2025.06.20	02:04:39.489	0.85369				2
2025.06.20	02:04:43.507		0.85373			4
2025.06.20	02:04:55.039	0.85368				2
2025.06.20	02:05:01.683	0.85368				2
2025.06.20	02:05:03.443	0.85366	0.85372			6
2025.06.20	02:05:04.153		0.85370			4
2025.06.20	02:05:04.466		0.85371			4
2025.06.20	02:05:05.201	0.85367				2
2025.06.20	02:05:07.272	0.85366	0.85370			6
2025.06.20	02:05:09.740	0.85367	0.85371			6
2025.06.20	02:05:10.355	0.85366	0.85370			6
2025.06.20	02:05:12.263	0.85367				2
2025.06.20	02:05:16.640	0.85366				2
2025.06.20	02:05:20.575	0.85367	0.85371			6
2025.06.20	02:05:28.268		0.85370			4
2025.06.20	02:05:29.864	0.85366				2
2025.06.20	02:05:38.651		0.85371			4
2025.06.20	02:05:42.134	0.85368	0.85373			6
2025.06.20	02:05:42.441		0.85372			4
2025.06.20	02:05:42.825	0.85369	0.85373			6
2025.06.20	02:05:46.712	0.85372	0.85376			6
2025.06.20	02:05:50.408		0.85377			4
2025.06.20	02:05:51.734	0.85373	0.85378			6
2025.06.20	02:05:52.042	0.85374				2
2025.06.20	02:06:00.140	0.85374	0.85377			6
2025.06.20	02:06:01.430	0.85372				2
2025.06.20	02:06:01.740	0.85371	0.85376			6
2025.06.20	02:06:04.040	0.85372	0.85377			6
2025.06.20	02:06:05.000	0.85373	0.85376			6
2025.06.20	02:06:24.124	0.85370	0.85374			6
2025.06.20	02:06:24.437	0.85371				2
2025.06.20	02:06:29.511	0.85372	0.85375			6
2025.06.20	02:06:34.790		0.85376			4
2025.06.20	02:06:41.864	0.85373				2
2025.06.20	02:06:43.215	0.85372	0.85375			6
2025.06.20	02:06:43.519		0.85374			4
2025.06.20	02:06:47.334		0.85375			4
2025.06.20	02:06:51.558	0.85373				2
2025.06.20	02:06:51.866		0.85376			4
2025.06.20	02:06:52.200		0.85377			4
2025.06.20	02:06:55.384		0.85378			4
2025.06.20	02:06:55.723		0.85377			4
2025.06.20	02:07:01.961	0.85373				2
2025.06.20	02:07:02.383	0.85372				2
2025.06.20	02:07:03.456	0.85373				2
2025.06.20	02:07:27.827	0.85375	0.85379			6
2025.06.20	02:07:31.386		0.85378			4
2025.06.20	02:07:32.677		0.85379			4
2025.06.20	02:07:35.177	0.85376				2
2025.06.20	02:07:39.674	0.85375	0.85380			6
2025.06.20	02:07:55.396		0.85379			4
2025.06.20	02:07:58.633		0.85378			4
2025.06.20	02:08:00.052	0.85375				2
2025.06.20	02:08:00.473	0.85374	0.85377			6
2025.06.20	02:08:00.837	0.85373				2
2025.06.20	02:08:02.178	0.85374				2
2025.06.20	02:08:29.808	0.85373				2
2025.06.20	02:08:37.993	0.85374				2
2025.06.20	02:08:47.035	0.85373				2
2025.06.20	02:08:50.474		0.85376			4
2025.06.20	02:08:51.508		0.85377			4
2025.06.20	02:09:00.192	0.85373				2
2025.06.20	02:09:00.836		0.85376			4
2025.06.20	02:09:06.362	0.85370	0.85374			6
2025.06.20	02:09:07.527	0.85372	0.85376			6
2025.06.20	02:09:18.460	0.85373				2
2025.06.20	02:09:22.073	0.85372				2
2025.06.20	02:09:27.406	0.85373				2
2025.06.20	02:09:52.642	0.85374	0.85377			6
2025.06.20	02:09:53.456	0.85373				2
2025.06.20	02:09:54.411	0.85376	0.85378			6
2025.06.20	02:09:56.709		0.85379			4
2025.06.20	02:09:57.429		0.85378			4
2025.06.20	02:09:59.077	0.85374				2
2025.06.20	02:10:00.324	0.85375				2
2025.06.20	02:10:02.255	0.85374				2
2025.06.20	02:10:02.947	0.85375				2
2025.06.20	02:10:06.954	0.85374				2
2025.06.20	02:10:10.642	0.85375				2
2025.06.20	02:10:13.709	0.85373	0.85377			6
2025.06.20	02:10:14.043	0.85374				2
2025.06.20	02:10:23.931	0.85373				2
2025.06.20	02:10:35.520	0.85374				2
2025.06.20	02:10:42.839	0.85373				2
2025.06.20	02:10:49.586	0.85374				2
2025.06.20	02:11:00.548	0.85374				2
2025.06.20	02:11:05.127	0.85375	0.85378			6
2025.06.20	02:11:05.668	0.85374				2
2025.06.20	02:11:08.462		0.85377			4
2025.06.20	02:11:09.245		0.85376			4
2025.06.20	02:11:10.430		0.85377			4
2025.06.20	02:12:01.432	0.85374				2
2025.06.20	02:12:01.791	0.85373				2
2025.06.20	02:12:02.345	0.85374				2
2025.06.20	02:12:02.743		0.85378			4
2025.06.20	02:12:05.153		0.85377			4
2025.06.20	02:12:05.510	0.85373				2
2025.06.20	02:12:10.723	0.85374				2
2025.06.20	02:12:11.039	0.85375	0.85379			6
2025.06.20	02:12:15.765	0.85374				2
2025.06.20	02:12:16.450	0.85375				2
2025.06.20	02:12:16.773		0.85378			4
2025.06.20	02:12:17.843	0.85374	0.85377			6
2025.06.20	02:12:18.410	0.85375	0.85378			6
2025.06.20	02:12:18.718	0.85374	0.85377			6
2025.06.20	02:12:52.194	0.85375				2
2025.06.20	02:13:00.042	0.85375				2
2025.06.20	02:13:01.747		0.85378			4
2025.06.20	02:13:02.922		0.85380			4
2025.06.20	02:13:03.240		0.85378			4
2025.06.20	02:13:13.092	0.85374	0.85377			6
2025.06.20	02:13:14.307	0.85373				2
2025.06.20	02:13:14.705	0.85374				2
2025.06.20	02:13:32.893		0.85378			4
2025.06.20	02:13:39.808	0.85375				2
2025.06.20	02:13:42.534		0.85379			4
2025.06.20	02:13:43.281		0.85380			4
2025.06.20	02:13:46.246	0.85377	0.85381			6
2025.06.20	02:13:48.598		0.85380			4
2025.06.20	02:13:48.900		0.85381			4
2025.06.20	02:13:50.314		0.85382			4
2025.06.20	02:13:50.619		0.85380			4
2025.06.20	02:13:50.942		0.85381			4
2025.06.20	02:13:58.033	0.85375	0.85379			6
2025.06.20	02:13:58.343	0.85376	0.85381			6
2025.06.20	02:13:58.712	0.85377	0.85380			6
2025.06.20	02:14:01.574	0.85377				2
2025.06.20	02:14:09.504	0.85376				2
2025.06.20	02:14:10.894		0.85381			4
2025.06.20	02:14:13.914		0.85380			4
2025.06.20	02:14:14.672		0.85381			4
2025.06.20	02:14:16.658		0.85380			4
2025.06.20	02:14:19.561		0.85381			4
2025.06.20	02:14:20.359		0.85380			4
2025.06.20	02:14:25.969		0.85382			4
2025.06.20	02:14:31.502	0.85377	0.85381			6
2025.06.20	02:14:36.781		0.85380			4
2025.06.20	02:15:00.422	0.85377				2
2025.06.20	02:15:38.038		0.85380			4
2025.06.20	02:15:38.743	0.85376	0.85379			6
2025.06.20	02:15:41.901		0.85380			4
2025.06.20	02:15:59.881		0.85379			4
2025.06.20	02:16:00.277	0.85378	0.85382			6
2025.06.20	02:16:00.582	0.85377	0.85380			6
2025.06.20	02:16:00.899		0.85379			4
2025.06.20	02:16:01.374	0.85376				2
2025.06.20	02:16:04.038		0.85380			4
2025.06.20	02:16:04.681	0.85377				2
2025.06.20	02:16:13.902		0.85379			4
2025.06.20	02:16:14.925		0.85380			4
2025.06.20	02:16:17.027	0.85379	0.85381			6
2025.06.20	02:16:17.345	0.85380	0.85383			6
2025.06.20	02:16:18.348	0.85379	0.85382			6
2025.06.20	02:16:25.125		0.85383			4
2025.06.20	02:16:30.905	0.85380	0.85384			6
2025.06.20	02:16:31.219	0.85381	0.85385			6
2025.06.20	02:16:32.404	0.85382				2
2025.06.20	02:16:32.946	0.85381				2
2025.06.20	02:16:43.211	0.85383	0.85386			6
2025.06.20	02:16:50.710		0.85387			4
2025.06.20	02:16:52.482	0.85384				2
2025.06.20	02:16:52.817		0.85386			4
2025.06.20	02:16:56.021	0.85383	0.85387			6
2025.06.20	02:16:56.760		0.85386			4
2025.06.20	02:16:58.362		0.85387			4
2025.06.20	02:16:58.727		0.85386			4
2025.06.20	02:16:59.651	0.85385	0.85390			6
2025.06.20	02:16:59.961		0.85388			4
2025.06.20	02:17:00.352	0.85386				2
2025.06.20	02:17:01.024	0.85385				2
2025.06.20	02:17:01.339	0.85384				2
2025.06.20	02:17:01.876		0.85387			4
2025.06.20	02:17:02.206		0.85388			4
2025.06.20	02:17:11.603	0.85383	0.85387			6
2025.06.20	02:17:12.011	0.85384	0.85386			6
2025.06.20	02:17:12.798	0.85383				2
2025.06.20	02:17:13.706	0.85384	0.85388			6
2025.06.20	02:17:18.345	0.85383	0.85387			6
2025.06.20	02:17:19.420		0.85386			4
2025.06.20	02:17:40.790	0.85385	0.85387			6
2025.06.20	02:17:41.170	0.85386	0.85390			6
2025.06.20	02:17:41.480	0.85387				2
2025.06.20	02:17:51.586	0.85388				2
2025.06.20	02:17:52.555		0.85391			4
2025.06.20	02:17:55.896		0.85390			4
2025.06.20	02:17:56.845	0.85387				2
2025.06.20	02:17:59.746	0.85386	0.85389			6
2025.06.20	02:18:00.077	0.85386				2
2025.06.20	02:18:05.175		0.85388			4
2025.06.20	02:18:05.540		0.85389			4
2025.06.20	02:18:09.472	0.85388	0.85390			6
2025.06.20	02:18:20.624		0.85391			4
2025.06.20	02:18:36.527		0.85390			4
2025.06.20	02:18:38.062		0.85391			4
2025.06.20	02:18:38.370		0.85390			4
2025.06.20	02:18:38.687	0.85389	0.85391			6
2025.06.20	02:18:39.221		0.85392			4
2025.06.20	02:18:39.636		0.85391			4
2025.06.20	02:18:47.759	0.85388				2
2025.06.20	02:18:51.138	0.85389				2
2025.06.20	02:18:55.241		0.85392			4
2025.06.20	02:18:56.332		0.85391			4
2025.06.20	02:19:01.199	0.85389	0.85392			6
2025.06.20	02:19:01.619	0.85391	0.85393			6
2025.06.20	02:19:02.268		0.85394			4
2025.06.20	02:19:13.342	0.85392				2
2025.06.20	02:19:13.733		0.85395			4
2025.06.20	02:19:14.462	0.85393				2
2025.06.20	02:19:21.867	0.85389	0.85392			6
2025.06.20	02:19:22.172		0.85391			4
2025.06.20	02:19:49.405	0.85390				2
2025.06.20	02:19:51.752	0.85389				2
2025.06.20	02:20:00.452	0.85390	0.85392			6
2025.06.20	02:20:14.960		0.85391			4
2025.06.20	02:20:16.004		0.85392			4
2025.06.20	02:20:30.836	0.85391	0.85395			6
2025.06.20	02:20:31.141	0.85392	0.85394			6
2025.06.20	02:20:34.282		0.85395			4
2025.06.20	02:20:37.053	0.85391	0.85394			6
2025.06.20	02:20:39.170	0.85392				2
2025.06.20	02:20:43.112	0.85391				2
2025.06.20	02:20:56.843	0.85390	0.85392			6
2025.06.20	02:20:57.547		0.85391			4
2025.06.20	02:20:58.878	0.85389				2
2025.06.20	02:21:01.622	0.85389				2
2025.06.20	02:21:16.603		0.85392			4
2025.06.20	02:21:19.626		0.85391			4
2025.06.20	02:21:30.030	0.85390				2
2025.06.20	02:21:36.845	0.85389				2
2025.06.20	02:21:44.620	0.85390				2
2025.06.20	02:21:50.124	0.85387	0.85390			6
2025.06.20	02:21:50.439	0.85389	0.85391			6
2025.06.20	02:21:56.962		0.85390			4
2025.06.20	02:21:59.255	0.85390	0.85391			6
2025.06.20	02:22:00.470	0.85390				2
2025.06.20	02:22:05.060	0.85389	0.85390			6
2025.06.20	02:22:06.358	0.85390	0.85392			6
2025.06.20	02:22:08.823	0.85400	0.85401			6
2025.06.20	02:22:09.140	0.85399				2
2025.06.20	02:22:10.206	0.85400	0.85402			6
2025.06.20	02:22:15.909	0.85401	0.85403			6
2025.06.20	02:22:19.323	0.85402	0.85404			6
2025.06.20	02:22:21.375	0.85403				2
2025.06.20	02:22:23.112	0.85402				2
2025.06.20	02:22:25.387	0.85403	0.85405			6
2025.06.20	02:22:46.722	0.85400	0.85403			6
2025.06.20	02:22:47.747	0.85402	0.85404			6
2025.06.20	02:22:53.857	0.85401				2
2025.06.20	02:22:54.159	0.85402				2
2025.06.20	02:22:55.321	0.85401				2
2025.06.20	02:22:58.814	0.85400				2
2025.06.20	02:23:00.243	0.85400				2
2025.06.20	02:23:04.051		0.85405			4
2025.06.20	02:23:15.143		0.85404			4
2025.06.20	02:23:28.997	0.85401				2
2025.06.20	02:23:29.725	0.85402				2
2025.06.20	02:23:30.562	0.85401	0.85403			6
2025.06.20	02:23:31.812	0.85399				2
2025.06.20	02:23:32.529	0.85400				2
2025.06.20	02:23:33.724	0.85401				2
2025.06.20	02:23:34.426		0.85404			4
2025.06.20	02:23:34.742	0.85400				2
2025.06.20	02:23:35.427	0.85401				2
2025.06.20	02:23:38.087	0.85400				2
2025.06.20	02:23:39.488	0.85401	0.85403			6
2025.06.20	02:23:39.812	0.85400				2
2025.06.20	02:23:40.929	0.85401				2
2025.06.20	02:23:45.071	0.85403	0.85406			6
2025.06.20	02:23:47.816		0.85405			4
2025.06.20	02:23:48.404		0.85406			4
2025.06.20	02:23:49.194	0.85402	0.85403			6
2025.06.20	02:23:49.887	0.85400				2
2025.06.20	02:23:50.635	0.85399				2
2025.06.20	02:23:51.377	0.85400				2
2025.06.20	02:24:00.142	0.85400				2
2025.06.20	02:24:04.117	0.85401				2
2025.06.20	02:24:04.420		0.85404			4
2025.06.20	02:24:04.732	0.85402				2
2025.06.20	02:24:06.959	0.85401				2
2025.06.20	02:24:12.768	0.85402	0.85405			6
2025.06.20	02:24:31.987	0.85401	0.85404			6
2025.06.20	02:24:32.404	0.85402				2
2025.06.20	02:24:41.515	0.85403	0.85406			6
2025.06.20	02:24:46.840		0.85405			4
2025.06.20	02:24:49.767	0.85402				2
2025.06.20	02:24:50.223	0.85403				2
2025.06.20	02:24:54.301	0.85401	0.85403			6
2025.06.20	02:24:54.615	0.85400				2
2025.06.20	02:24:55.281	0.85398	0.85401			6
2025.06.20	02:24:55.889	0.85399				2
2025.06.20	02:24:56.361		0.85402			4
2025.06.20	02:24:57.167	0.85389	0.85392			6
2025.06.20	02:24:57.471	0.85391	0.85393			6
2025.06.20	02:24:57.779	0.85393	0.85395			6
2025.06.20	02:24:58.117	0.85395	0.85396			6
2025.06.20	02:24:58.507	0.85396	0.85397			6
2025.06.20	02:24:58.818	0.85397	0.85398			6
2025.06.20	02:24:59.238	0.85398	0.85401			6
2025.06.20	02:25:00.319	0.85398				2
2025.06.20	02:25:01.695	0.85403	0.85405			6
2025.06.20	02:25:02.069	0.85404				2
2025.06.20	02:25:02.803	0.85402	0.85404			6
2025.06.20	02:25:03.129	0.85403	0.85405			6
2025.06.20	02:25:03.439		0.85404			4
2025.06.20	02:25:03.751	0.85402				2
2025.06.20	02:25:05.282	0.85403	0.85405			6
2025.06.20	02:25:06.152	0.85404	0.85406			6
2025.06.20	02:25:09.565		0.85405			4
2025.06.20	02:25:11.874	0.85403				2
2025.06.20	02:25:13.353	0.85405	0.85407			6
2025.06.20	02:25:13.991	0.85404	0.85406			6
2025.06.20	02:25:14.325		0.85407			4
2025.06.20	02:25:14.662		0.85406			4
2025.06.20	02:25:17.295	0.85406	0.85409			6
2025.06.20	02:25:17.998	0.85407				2
2025.06.20	02:25:18.864	0.85405				2
2025.06.20	02:25:19.181	0.85406	0.85410			6
2025.06.20	02:25:22.518		0.85409			4
2025.06.20	02:25:24.756		0.85410			4
2025.06.20	02:25:25.845		0.85409			4
2025.06.20	02:25:26.545	0.85407	0.85410			6
2025.06.20	02:25:26.858		0.85409			4
2025.06.20	02:25:27.983		0.85410			4
2025.06.20	02:25:28.626	0.85406				2
2025.06.20	02:25:32.822	0.85407				2
2025.06.20	02:25:40.671	0.85410	0.85412			6
2025.06.20	02:25:41.042		0.85413			4
2025.06.20	02:25:41.368		0.85412			4
2025.06.20	02:25:43.369	0.85412	0.85415			6
2025.06.20	02:25:46.480	0.85413	0.85416			6
2025.06.20	02:25:46.827		0.85415			4
2025.06.20	02:25:50.241	0.85412				2
2025.06.20	02:25:52.036	0.85413	0.85416			6
2025.06.20	02:25:53.307	0.85411	0.85414			6
2025.06.20	02:25:53.623		0.85415			4
2025.06.20	02:25:54.421	0.85412				2
2025.06.20	02:25:58.403	0.85411				2
2025.06.20	02:26:00.075	0.85411				2
2025.06.20	02:26:20.423	0.85409	0.85412			6
2025.06.20	02:26:27.693		0.85413			4
2025.06.20	02:26:29.939	0.85411	0.85414			6
2025.06.20	02:26:33.336		0.85415			4
2025.06.20	02:26:41.217		0.85414			4
2025.06.20	02:27:00.458	0.85411				2
2025.06.20	02:27:18.420	0.85409	0.85412			6
2025.06.20	02:27:18.772		0.85413			4
2025.06.20	02:27:19.698		0.85412			4
2025.06.20	02:27:20.104		0.85413			4
2025.06.20	02:27:23.079	0.85411				2
2025.06.20	02:27:27.073	0.85408	0.85412			6
2025.06.20	02:27:27.484	0.85409				2
2025.06.20	02:27:28.015	0.85408	0.85411			6
2025.06.20	02:27:29.962		0.85412			4
2025.06.20	02:27:33.622	0.85409				2
2025.06.20	02:27:35.695	0.85408				2
2025.06.20	02:27:42.081		0.85411			4
2025.06.20	02:27:42.406		0.85412			4
2025.06.20	02:27:45.292	0.85404	0.85410			6
2025.06.20	02:27:55.709		0.85409			4
2025.06.20	02:27:56.842	0.85406	0.85410			6
2025.06.20	02:28:04.678	0.85406				2
2025.06.20	02:28:06.336		0.85409			4
2025.06.20	02:28:09.282	0.85405				2
2025.06.20	02:28:12.274		0.85410			4
2025.06.20	02:28:16.678		0.85409			4
2025.06.20	02:28:30.117		0.85410			4
2025.06.20	02:28:31.371		0.85409			4
2025.06.20	02:28:37.307	0.85404	0.85408			6
2025.06.20	02:28:54.068	0.85400	0.85405			6
2025.06.20	02:28:54.380	0.85403	0.85406			6
2025.06.20	02:28:56.437	0.85404				2
2025.06.20	02:29:01.401	0.85404				2
2025.06.20	02:29:08.328	0.85403				2
2025.06.20	02:29:11.295	0.85402				2
2025.06.20	02:29:22.126	0.85401				2
2025.06.20	02:29:28.141	0.85403	0.85409			6
2025.06.20	02:29:29.245	0.85408	0.85411			6
2025.06.20	02:29:29.617	0.85407	0.85410			6
2025.06.20	02:29:30.228		0.85411			4
2025.06.20	02:29:30.638	0.85405	0.85409			6
2025.06.20	02:29:38.347		0.85410			4
2025.06.20	02:29:40.380		0.85409			4
2025.06.20	02:29:45.272		0.85410			4
2025.06.20	02:29:54.581	0.85404				2
2025.06.20	02:29:55.376	0.85405				2
2025.06.20	02:29:59.555	0.85404				2
2025.06.20	02:30:00.274	0.85406	0.85411			6
2025.06.20	02:30:02.392		0.85410			4
2025.06.20	02:30:03.168		0.85411			4
2025.06.20	02:30:03.753		0.85410			4
2025.06.20	02:30:05.537	0.85411	0.85415			6
2025.06.20	02:30:05.842	0.85409	0.85414			6
2025.06.20	02:30:06.161	0.85406	0.85410			6
2025.06.20	02:30:06.483	0.85407	0.85412			6
2025.06.20	02:30:07.227	0.85411	0.85415			6
2025.06.20	02:30:07.540	0.85412				2
2025.06.20	02:30:08.023	0.85411	0.85414			6
2025.06.20	02:30:08.339	0.85410				2
2025.06.20	02:30:11.358	0.85412	0.85416			6
2025.06.20	02:30:11.684		0.85415			4
2025.06.20	02:30:13.370	0.85410				2
2025.06.20	02:30:20.108		0.85416			4
2025.06.20	02:30:20.418	0.85411				2
2025.06.20	02:30:21.737		0.85415			4
2025.06.20	02:30:23.309	0.85410	0.85414			6
2025.06.20	02:30:26.671		0.85415			4
2025.06.20	02:30:30.388	0.85411				2
2025.06.20	02:30:31.901		0.85416			4
2025.06.20	02:30:32.598		0.85415			4
2025.06.20	02:30:33.900	0.85413	0.85416			6
2025.06.20	02:30:38.490		0.85417			4
2025.06.20	02:30:39.378		0.85418			4
2025.06.20	02:30:39.855	0.85412	0.85417			6
2025.06.20	02:30:44.706		0.85416			4
2025.06.20	02:30:45.468	0.85411				2
2025.06.20	02:30:46.733	0.85412	0.85417			6
2025.06.20	02:30:49.372	0.85414	0.85419			6
2025.06.20	02:30:49.682		0.85418			4
2025.06.20	02:30:52.124	0.85415	0.85419			6
2025.06.20	02:30:59.478	0.85416	0.85420			6
2025.06.20	02:30:59.840		0.85419			4
2025.06.20	02:31:00.436	0.85415				2
2025.06.20	02:31:02.190	0.85416	0.85420			6
2025.06.20	02:31:03.787	0.85415	0.85418			6
2025.06.20	02:31:05.054	0.85414				2
2025.06.20	02:31:06.431	0.85411	0.85417			6
2025.06.20	02:31:06.752		0.85415			4
2025.06.20	02:31:13.786	0.85410	0.85414			6
2025.06.20	02:31:17.705		0.85413			4
2025.06.20	02:31:23.020		0.85414			4
2025.06.20	02:31:26.938		0.85413			4
2025.06.20	02:31:45.884	0.85409	0.85414			6
2025.06.20	02:31:46.187	0.85410				2
2025.06.20	02:31:47.685		0.85415			4
2025.06.20	02:31:49.342		0.85413			4
2025.06.20	02:32:00.386	0.85409	0.85411			6
2025.06.20	02:32:00.754	0.85408				2
2025.06.20	02:32:01.681	0.85406				2
2025.06.20	02:32:14.100	0.85407				2
2025.06.20	02:32:15.522	0.85406				2
2025.06.20	02:32:19.320		0.85412			4
2025.06.20	02:32:19.638		0.85411			4
2025.06.20	02:32:22.692	0.85405	0.85410			6
2025.06.20	02:32:24.171	0.85403	0.85407			6
2025.06.20	02:32:25.003	0.85402	0.85406			6
2025.06.20	02:32:28.602	0.85401	0.85405			6
2025.06.20	02:32:30.634		0.85406			4
2025.06.20	02:32:31.393		0.85405			4
2025.06.20	02:32:37.848	0.85400				2
2025.06.20	02:32:50.111	0.85401				2
2025.06.20	02:32:51.593	0.85402	0.85406			6
2025.06.20	02:32:59.624	0.85403	0.85408			6
2025.06.20	02:33:00.177	0.85403	0.85407			6
2025.06.20	02:33:00.478	0.85401	0.85406			6
2025.06.20	02:33:01.415	0.85402				2
2025.06.20	02:33:01.722	0.85401				2
2025.06.20	02:33:02.346	0.85402				2
2025.06.20	02:33:03.383	0.85403	0.85408			6
2025.06.20	02:33:04.419	0.85405	0.85410			6
2025.06.20	02:33:09.518		0.85409			4
2025.06.20	02:33:10.704	0.85404				2
2025.06.20	02:33:11.902		0.85408			4
2025.06.20	02:33:14.349		0.85409			4
2025.06.20	02:33:18.967	0.85406	0.85411			6
2025.06.20	02:33:20.408	0.85407	0.85412			6
2025.06.20	02:33:21.626	0.85408	0.85413			6
2025.06.20	02:33:22.335	0.85407	0.85412			6
2025.06.20	02:33:22.639	0.85408				2
2025.06.20	02:33:24.055	0.85407				2
2025.06.20	02:33:25.002	0.85408	0.85413			6
2025.06.20	02:33:25.318	0.85410	0.85414			6
2025.06.20	02:33:26.174	0.85407	0.85410			6
2025.06.20	02:33:28.805		0.85411			4
2025.06.20	02:33:30.940		0.85412			4
2025.06.20	02:33:31.605		0.85411			4
2025.06.20	02:33:32.093		0.85410			4
2025.06.20	02:33:33.979	0.85406				2
2025.06.20	02:33:34.377		0.85411			4
2025.06.20	02:33:35.213	0.85407				2
2025.06.20	02:33:35.524	0.85406				2
2025.06.20	02:33:36.882	0.85407				2
2025.06.20	02:33:38.180		0.85409			4
2025.06.20	02:33:38.916	0.85406	0.85410			6
2025.06.20	02:33:39.619		0.85409			4
2025.06.20	02:33:40.898		0.85410			4
2025.06.20	02:33:42.306	0.85404	0.85407			6
2025.06.20	02:33:43.373	0.85405	0.85409			6
2025.06.20	02:33:44.799	0.85404	0.85408			6
2025.06.20	02:33:45.107		0.85406			4
2025.06.20	02:33:46.085		0.85408			4
2025.06.20	02:33:50.229	0.85405	0.85407			6
2025.06.20	02:33:52.988	0.85404				2
2025.06.20	02:33:55.721	0.85405				2
2025.06.20	02:33:56.059	0.85404				2
2025.06.20	02:34:00.139	0.85404	0.85408			6
2025.06.20	02:34:04.585		0.85407			4
2025.06.20	02:34:04.898	0.85405	0.85409			6
2025.06.20	02:34:07.401	0.85403	0.85406			6
2025.06.20	02:34:08.048	0.85404				2
2025.06.20	02:34:08.726		0.85407			4
2025.06.20	02:34:10.175	0.85403	0.85406			6
2025.06.20	02:34:11.814		0.85407			4
2025.06.20	02:34:12.913	0.85404				2
2025.06.20	02:34:30.429		0.85408			4
2025.06.20	02:34:33.208		0.85407			4
2025.06.20	02:34:44.399	0.85402				2
2025.06.20	02:34:45.424	0.85403	0.85406			6
2025.06.20	02:34:45.742	0.85402				2
2025.06.20	02:34:46.057	0.85400				2
2025.06.20	02:34:52.620	0.85399	0.85404			6
2025.06.20	02:35:00.602	0.85399				2
2025.06.20	02:35:01.842		0.85403			4
2025.06.20	02:35:02.462	0.85398				2
2025.06.20	02:35:03.726	0.85394	0.85396			6
2025.06.20	02:35:04.039		0.85398			4
2025.06.20	02:35:04.360		0.85400			4
2025.06.20	02:35:04.735	0.85395				2
2025.06.20	02:35:05.729	0.85396				2
2025.06.20	02:35:06.426	0.85397				2
2025.06.20	02:35:10.360	0.85399				2
2025.06.20	02:35:12.061		0.85401			4
2025.06.20	02:35:14.125	0.85398				2
2025.06.20	02:35:14.427	0.85399				2
2025.06.20	02:35:18.476	0.85397				2
2025.06.20	02:35:18.781	0.85399				2
2025.06.20	02:35:19.976	0.85397				2
2025.06.20	02:35:20.360	0.85399				2
2025.06.20	02:36:00.017	0.85399				2
2025.06.20	02:36:14.488		0.85401			4
2025.06.20	02:36:28.315	0.85398				2
2025.06.20	02:36:32.578	0.85399				2
2025.06.20	02:36:35.674	0.85400				2
2025.06.20	02:36:36.521	0.85397				2
2025.06.20	02:36:36.832	0.85399				2
2025.06.20	02:36:41.247		0.85402			4
2025.06.20	02:36:41.590	0.85398	0.85400			6
2025.06.20	02:36:44.851	0.85397				2
2025.06.20	02:36:45.883	0.85398				2
2025.06.20	02:36:49.732		0.85401			4
2025.06.20	02:36:50.051	0.85399				2
2025.06.20	02:36:53.997		0.85402			4
2025.06.20	02:36:54.547		0.85403			4
2025.06.20	02:37:00.086	0.85399				2
2025.06.20	02:37:01.607		0.85402			4
2025.06.20	02:37:03.304		0.85404			4
2025.06.20	02:37:04.132	0.85400	0.85403			6
2025.06.20	02:37:06.433	0.85401				2
2025.06.20	02:37:06.990	0.85400	0.85404			6
2025.06.20	02:37:16.021		0.85403			4
2025.06.20	02:37:19.749		0.85402			4
2025.06.20	02:37:26.501	0.85399				2
2025.06.20	02:37:28.538	0.85400				2
2025.06.20	02:37:44.161	0.85399				2
2025.06.20	02:37:51.916	0.85398	0.85400			6
2025.06.20	02:38:00.447	0.85398				2
2025.06.20	02:38:11.838	0.85399				2
2025.06.20	02:38:12.501	0.85398				2
2025.06.20	02:38:21.092	0.85399				2
2025.06.20	02:38:28.619	0.85398				2
2025.06.20	02:38:41.462		0.85401			4
2025.06.20	02:38:49.197	0.85397				2
2025.06.20	02:38:49.692	0.85399				2
2025.06.20	02:38:52.382	0.85397				2
2025.06.20	02:38:57.400	0.85398				2
2025.06.20	02:39:01.448	0.85398				2
2025.06.20	02:39:01.862	0.85399				2
2025.06.20	02:39:03.812	0.85398				2
2025.06.20	02:39:04.128	0.85399				2
2025.06.20	02:39:07.503	0.85398				2
2025.06.20	02:39:17.446	0.85399				2
2025.06.20	02:39:19.284	0.85398				2
2025.06.20	02:39:22.047	0.85397	0.85399			6
2025.06.20	02:39:22.411		0.85400			4
2025.06.20	02:39:32.021	0.85396				2
2025.06.20	02:39:32.349	0.85397				2
2025.06.20	02:39:47.428	0.85398				2
2025.06.20	02:39:50.570		0.85401			4
2025.06.20	02:39:53.999		0.85400			4
2025.06.20	02:40:00.081	0.85396	0.85398			6
2025.06.20	02:40:08.815	0.85395				2
2025.06.20	02:40:09.544		0.85399			4
2025.06.20	02:40:11.791		0.85398			4
2025.06.20	02:40:28.115	0.85396	0.85400			6
2025.06.20	02:40:41.622	0.85399	0.85403			6
2025.06.20	02:40:50.756		0.85404			4
2025.06.20	02:40:51.709		0.85402			4
2025.06.20	02:40:53.285		0.85403			4
2025.06.20	02:40:53.601		0.85402			4
2025.06.20	02:40:57.313	0.85397	0.85401			6
2025.06.20	02:40:59.782		0.85402			4
2025.06.20	02:41:00.086	0.85397				2
2025.06.20	02:41:00.413		0.85399			4
2025.06.20	02:41:00.722	0.85395				2
2025.06.20	02:41:01.210		0.85396			4
2025.06.20	02:41:01.702	0.85394				2
2025.06.20	02:41:02.346		0.85397			4
2025.06.20	02:41:03.873	0.85395				2
2025.06.20	02:41:04.888	0.85394				2
2025.06.20	02:41:07.864	0.85393	0.85395			6
2025.06.20	02:41:10.257		0.85397			4
2025.06.20	02:41:10.559	0.85394	0.85398			6
2025.06.20	02:41:10.863		0.85399			4
2025.06.20	02:41:11.179	0.85395				2
2025.06.20	02:41:15.352	0.85394				2
2025.06.20	02:41:18.040	0.85395	0.85400			6
2025.06.20	02:41:18.407	0.85394	0.85399			6
2025.06.20	02:41:19.566	0.85395				2
2025.06.20	02:41:20.344	0.85394	0.85400			6
2025.06.20	02:41:22.680	0.85397	0.85402			6
2025.06.20	02:41:23.070		0.85399			4
2025.06.20	02:41:25.062	0.85398	0.85402			6
2025.06.20	02:41:25.432	0.85397	0.85400			6
2025.06.20	02:41:30.144		0.85399			4
2025.06.20	02:41:33.231	0.85396	0.85400			6
2025.06.20	02:41:33.922	0.85397	0.85402			6
2025.06.20	02:41:34.558	0.85398				2
2025.06.20	02:41:36.080		0.85400			4
2025.06.20	02:41:43.326	0.85399	0.85401			6
2025.06.20	02:41:43.642		0.85400			4
2025.06.20	02:41:45.805	0.85398				2
2025.06.20	02:41:46.560	0.85399	0.85403			6
2025.06.20	02:41:51.393	0.85400				2
2025.06.20	02:41:55.963	0.85399	0.85401			6
2025.06.20	02:41:57.041		0.85400			4
2025.06.20	02:41:59.689		0.85401			4
2025.06.20	02:42:00.031	0.85399	0.85402			6
2025.06.20	02:42:00.528		0.85401			4
2025.06.20	02:42:02.866		0.85400			4
2025.06.20	02:42:03.211		0.85401			4
2025.06.20	02:42:03.519	0.85398	0.85399			6
2025.06.20	02:42:04.636		0.85400			4
2025.06.20	02:42:06.710	0.85399	0.85402			6
2025.06.20	02:42:07.422		0.85401			4
2025.06.20	02:42:10.063		0.85402			4
2025.06.20	02:42:11.378		0.85401			4
2025.06.20	02:42:14.551		0.85402			4
2025.06.20	02:42:15.160		0.85401			4
2025.06.20	02:42:16.670	0.85398				2
2025.06.20	02:42:17.385	0.85399				2
2025.06.20	02:42:21.144		0.85402			4
2025.06.20	02:42:26.728	0.85398				2
2025.06.20	02:42:27.069	0.85399				2
2025.06.20	02:42:29.097	0.85398				2
2025.06.20	02:42:29.558	0.85399				2
2025.06.20	02:42:32.095	0.85398				2
2025.06.20	02:42:32.544	0.85399				2
2025.06.20	02:42:32.994	0.85398	0.85401			6
2025.06.20	02:42:33.320	0.85399				2
2025.06.20	02:42:41.840		0.85400			4
2025.06.20	02:42:46.198		0.85401			4
2025.06.20	02:42:51.675	0.85398	0.85400			6
2025.06.20	02:42:53.692	0.85399				2
2025.06.20	02:42:54.486	0.85398				2
2025.06.20	02:42:57.488	0.85399	0.85401			6
2025.06.20	02:42:57.798		0.85402			4
2025.06.20	02:43:00.070	0.85399				2
2025.06.20	02:43:04.114	0.85402	0.85404			6
2025.06.20	02:43:04.437		0.85406			4
2025.06.20	02:43:07.437		0.85405			4
2025.06.20	02:43:17.069	0.85403	0.85406			6
2025.06.20	02:43:18.148	0.85404				2
2025.06.20	02:43:18.578	0.85403				2
2025.06.20	02:43:19.350	0.85405	0.85408			6
2025.06.20	02:43:19.698	0.85404				2
2025.06.20	02:43:21.054	0.85403	0.85406			6
2025.06.20	02:43:22.460	0.85404				2
2025.06.20	02:43:22.963	0.85403				2
2025.06.20	02:43:25.733	0.85405	0.85409			6
2025.06.20	02:43:26.121		0.85410			4
2025.06.20	02:43:34.939		0.85409			4
2025.06.20	02:43:37.466		0.85408			4
2025.06.20	02:44:00.576	0.85405				2
2025.06.20	02:44:00.950	0.85409	0.85412			6
2025.06.20	02:44:04.841	0.85410	0.85414			6
2025.06.20	02:44:05.216	0.85408	0.85410			6
2025.06.20	02:44:05.825		0.85411			4
2025.06.20	02:44:12.299	0.85406	0.85410			6
2025.06.20	02:44:12.645	0.85407				2
2025.06.20	02:44:19.411	0.85409	0.85414			6
2025.06.20	02:44:19.720		0.85415			4
2025.06.20	02:44:20.824	0.85410				2
2025.06.20	02:44:23.894		0.85414			4
2025.06.20	02:44:24.227	0.85411	0.85415			6
2025.06.20	02:44:27.376	0.85412				2
2025.06.20	02:44:29.991	0.85411	0.85416			6
2025.06.20	02:44:30.987	0.85410	0.85415			6
2025.06.20	02:44:31.468		0.85414			4
2025.06.20	02:44:32.692		0.85415			4
2025.06.20	02:44:37.456	0.85409	0.85413			6
2025.06.20	02:44:38.190	0.85410	0.85414			6
2025.06.20	02:44:40.813		0.85415			4
2025.06.20	02:44:41.186	0.85411				2
2025.06.20	02:44:41.503	0.85412				2
2025.06.20	02:44:42.413	0.85411	0.85416			6
2025.06.20	02:44:46.172		0.85415			4
2025.06.20	02:44:46.832	0.85410	0.85416			6
2025.06.20	02:44:47.150		0.85414			4
2025.06.20	02:44:49.059		0.85415			4
2025.06.20	02:44:49.874	0.85411				2
2025.06.20	02:44:50.194	0.85412				2
2025.06.20	02:44:52.611	0.85411	0.85416			6
2025.06.20	02:44:55.152	0.85412				2
2025.06.20	02:44:55.820	0.85411				2
2025.06.20	02:44:56.168	0.85410	0.85415			6
2025.06.20	02:44:57.512	0.85411				2
2025.06.20	02:44:57.831	0.85410	0.85416			6
2025.06.20	02:44:59.191	0.85411				2
2025.06.20	02:45:00.140	0.85411	0.85414			6
2025.06.20	02:45:00.481		0.85415			4
2025.06.20	02:45:01.450		0.85416			4
2025.06.20	02:45:01.762		0.85417			4
2025.06.20	02:45:02.833		0.85415			4
2025.06.20	02:45:03.258		0.85416			4
2025.06.20	02:45:04.262		0.85415			4
2025.06.20	02:45:05.430	0.85412	0.85416			6
2025.06.20	02:45:06.373	0.85411				2
2025.06.20	02:45:09.276		0.85417			4
2025.06.20	02:45:12.137		0.85416			4
2025.06.20	02:45:13.745	0.85413	0.85417			6
2025.06.20	02:45:14.893	0.85412				2
2025.06.20	02:45:15.354	0.85411	0.85415			6
2025.06.20	02:45:15.684		0.85417			4
2025.06.20	02:45:25.338		0.85415			4
2025.06.20	02:45:26.266		0.85416			4
2025.06.20	02:45:37.052	0.85412				2
2025.06.20	02:45:38.038	0.85411				2
2025.06.20	02:45:45.273		0.85415			4
2025.06.20	02:45:55.823	0.85409	0.85414			6
2025.06.20	02:45:56.140	0.85410				2
2025.06.20	02:45:58.056		0.85413			4
2025.06.20	02:45:59.755	0.85411	0.85415			6
2025.06.20	02:46:00.438	0.85411				2
2025.06.20	02:46:01.219	0.85415	0.85419			6
2025.06.20	02:46:01.567		0.85420			4
2025.06.20	02:46:02.347		0.85417			4
2025.06.20	02:46:02.662	0.85414				2
2025.06.20	02:46:02.965	0.85413				2
2025.06.20	02:46:11.371		0.85416			4
2025.06.20	02:46:16.677	0.85412	0.85415			6
2025.06.20	02:46:16.980	0.85415	0.85418			6
2025.06.20	02:46:18.934	0.85411	0.85414			6
2025.06.20	02:46:19.249		0.85415			4
2025.06.20	02:46:21.252		0.85416			4
2025.06.20	02:46:21.601		0.85415			4
2025.06.20	02:46:28.700		0.85416			4
2025.06.20	02:46:30.426		0.85415			4
2025.06.20	02:46:47.460	0.85410	0.85414			6
2025.06.20	02:46:54.681	0.85411				2
2025.06.20	02:47:00.456	0.85411				2
2025.06.20	02:47:01.275		0.85415			4
2025.06.20	02:47:05.253		0.85414			4
2025.06.20	02:47:05.939	0.85412	0.85413			6
2025.06.20	02:47:06.505	0.85411				2
2025.06.20	02:47:07.187	0.85408	0.85410			6
2025.06.20	02:47:08.394	0.85407				2
2025.06.20	02:47:08.706	0.85406	0.85411			6
2025.06.20	02:47:09.045	0.85405	0.85407			6
2025.06.20	02:47:15.576		0.85408			4
2025.06.20	02:47:15.986	0.85406				2
2025.06.20	02:47:17.525	0.85405				2
2025.06.20	02:47:19.121	0.85406				2
2025.06.20	02:47:25.212	0.85405				2
2025.06.20	02:47:26.230	0.85406				2
2025.06.20	02:47:26.686	0.85405				2
2025.06.20	02:47:33.100	0.85406				2
2025.06.20	02:47:43.588	0.85405				2
2025.06.20	02:47:50.100	0.85404				2
2025.06.20	02:47:53.380		0.85407			4
2025.06.20	02:48:00.354	0.85406	0.85410			6
2025.06.20	02:48:01.838		0.85409			4
2025.06.20	02:48:04.989	0.85405	0.85407			6
2025.06.20	02:48:07.198		0.85409			4
2025.06.20	02:48:07.853	0.85406				2
2025.06.20	02:48:23.729	0.85405	0.85408			6
2025.06.20	02:48:24.430		0.85407			4
2025.06.20	02:48:28.347		0.85409			4
2025.06.20	02:48:30.260	0.85406	0.85408			6
2025.06.20	02:48:30.882	0.85405	0.85406			6
2025.06.20	02:48:31.192	0.85404				2
2025.06.20	02:48:31.505	0.85405				2
2025.06.20	02:48:32.685	0.85404	0.85405			6
2025.06.20	02:48:35.788	0.85405	0.85408			6
2025.06.20	02:48:37.330	0.85404	0.85406			6
2025.06.20	02:48:38.876	0.85405	0.85409			6
2025.06.20	02:48:48.221		0.85407			4
2025.06.20	02:48:48.540		0.85408			4
2025.06.20	02:48:51.435		0.85409			4
2025.06.20	02:48:59.706		0.85407			4
2025.06.20	02:49:00.051	0.85405				2
2025.06.20	02:49:18.060	0.85406	0.85408			6
2025.06.20	02:49:21.059	0.85405				2
2025.06.20	02:49:21.756		0.85407			4
2025.06.20	02:49:24.940		0.85408			4
2025.06.20	02:49:26.345		0.85410			4
2025.06.20	02:49:26.998	0.85406	0.85409			6
2025.06.20	02:49:28.710	0.85405				2
2025.06.20	02:49:32.354	0.85406				2
2025.06.20	02:49:35.097	0.85407	0.85410			6
2025.06.20	02:49:37.639		0.85411			4
2025.06.20	02:49:38.328		0.85410			4
2025.06.20	02:49:38.635	0.85406				2
2025.06.20	02:49:48.625	0.85407				2
2025.06.20	02:49:54.773		0.85409			4
2025.06.20	02:49:57.066	0.85405	0.85408			6
2025.06.20	02:50:00.357	0.85405				2
2025.06.20	02:50:00.956	0.85407	0.85409			6
2025.06.20	02:50:06.663		0.85411			4
2025.06.20	02:50:10.185	0.85408				2
2025.06.20	02:50:11.877	0.85409				2
2025.06.20	02:50:20.529	0.85408				2
2025.06.20	02:50:21.180	0.85409				2
2025.06.20	02:50:22.742	0.85408				2
2025.06.20	02:50:24.620	0.85409				2
2025.06.20	02:50:33.385		0.85412			4
2025.06.20	02:50:34.378	0.85410	0.85413			6
2025.06.20	02:50:41.959	0.85408	0.85411			6
2025.06.20	02:50:42.272		0.85412			4
2025.06.20	02:50:43.047	0.85409				2
2025.06.20	02:50:44.650		0.85411			4
2025.06.20	02:50:44.984	0.85408				2
2025.06.20	02:50:47.338		0.85410			4
2025.06.20	02:50:54.470	0.85409				2
2025.06.20	02:50:56.319	0.85407				2
2025.06.20	02:50:57.347	0.85406	0.85407			6
2025.06.20	02:50:59.302		0.85409			4
2025.06.20	02:50:59.647		0.85410			4
2025.06.20	02:51:00.324	0.85406				2
2025.06.20	02:51:01.084		0.85411			4
2025.06.20	02:51:01.896	0.85407				2
2025.06.20	02:51:02.984		0.85409			4
2025.06.20	02:51:03.698	0.85406				2
2025.06.20	02:51:06.747	0.85407				2
2025.06.20	02:51:15.261	0.85406				2
2025.06.20	02:51:15.677	0.85407				2
2025.06.20	02:51:17.037		0.85408			4
2025.06.20	02:51:17.528	0.85406				2
2025.06.20	02:51:18.518	0.85407				2
2025.06.20	02:51:20.164	0.85406				2
2025.06.20	02:51:23.373	0.85408	0.85411			6
2025.06.20	02:51:23.679	0.85409	0.85410			6
2025.06.20	02:51:23.982	0.85408				2
2025.06.20	02:51:24.323		0.85409			4
2025.06.20	02:51:26.405	0.85409	0.85411			6
2025.06.20	02:51:26.738	0.85407	0.85409			6
2025.06.20	02:51:27.925	0.85406				2
2025.06.20	02:51:36.757	0.85408				2
2025.06.20	02:51:39.623	0.85406				2
2025.06.20	02:51:40.389	0.85410	0.85412			6
2025.06.20	02:52:00.383	0.85410				2
2025.06.20	02:52:14.675	0.85409	0.85411			6
2025.06.20	02:52:15.714	0.85410	0.85414			6
2025.06.20	02:52:17.456		0.85413			4
2025.06.20	02:52:36.624	0.85411				2
2025.06.20	02:52:38.262	0.85410				2
2025.06.20	02:52:40.212	0.85409	0.85410			6
2025.06.20	02:52:41.881	0.85410	0.85412			6
2025.06.20	02:52:47.125		0.85413			4
2025.06.20	02:52:49.768		0.85412			4
2025.06.20	02:52:51.179		0.85413			4
2025.06.20	02:52:53.414	0.85409	0.85412			6
2025.06.20	02:52:59.689		0.85410			4
2025.06.20	02:53:00.000	0.85409				2
2025.06.20	02:53:00.401	0.85410	0.85412			6
2025.06.20	02:53:01.712	0.85409				2
2025.06.20	02:53:08.791	0.85410				2
2025.06.20	02:53:10.411	0.85409				2
2025.06.20	02:53:12.556	0.85410				2
2025.06.20	02:53:13.802	0.85409	0.85410			6
2025.06.20	02:53:14.104	0.85410	0.85413			6
2025.06.20	02:53:18.991		0.85415			4
2025.06.20	02:53:27.523	0.85412	0.85416			6
2025.06.20	02:53:27.834		0.85417			4
2025.06.20	02:53:34.976	0.85411				2
2025.06.20	02:53:42.140	0.85412				2
2025.06.20	02:53:46.395		0.85418			4
2025.06.20	02:53:47.228		0.85419			4
2025.06.20	02:53:48.053		0.85417			4
2025.06.20	02:53:59.411		0.85418			4
2025.06.20	02:54:00.092	0.85412				2
2025.06.20	02:54:02.037		0.85417			4
2025.06.20	02:54:05.991		0.85416			4
2025.06.20	02:54:06.299		0.85415			4
2025.06.20	02:54:06.833	0.85410	0.85413			6
2025.06.20	02:54:07.141		0.85414			4
2025.06.20	02:54:09.059		0.85415			4
2025.06.20	02:54:12.646	0.85411				2
2025.06.20	02:54:17.073		0.85414			4
2025.06.20	02:54:31.701	0.85413	0.85415			6
2025.06.20	02:54:32.006	0.85412				2
2025.06.20	02:54:42.877	0.85413				2
2025.06.20	02:54:43.224	0.85412				2
2025.06.20	02:54:43.945	0.85413				2
2025.06.20	02:54:45.095	0.85412				2
2025.06.20	02:54:45.408	0.85413				2
2025.06.20	02:54:45.819	0.85412				2
2025.06.20	02:54:49.534	0.85413				2
2025.06.20	02:54:49.877		0.85414			4
2025.06.20	02:54:51.557		0.85415			4
2025.06.20	02:54:54.000	0.85411				2
2025.06.20	02:54:57.033	0.85412				2
