<DATE>	<TIME>	<BID>	<ASK>	<LAST>	<VOLUME>	<FLAGS>
2025.02.14	00:00:00.272	0.83188	0.83392			6
2025.02.14	00:01:00.088	0.83188				2
2025.02.14	00:01:00.390		0.83392			4
2025.02.14	00:01:48.011	0.83214	0.83407			6
2025.02.14	00:01:54.481	0.83185				2
2025.02.14	00:01:55.487	0.83188	0.83392			6
2025.02.14	00:01:56.401	0.83199	0.83407			6
2025.02.14	00:01:57.474	0.83188	0.83392			6
2025.02.14	00:02:00.240	0.83181	0.83405			6
2025.02.14	00:02:01.473	0.83199				2
2025.02.14	00:02:02.474	0.83185				2
2025.02.14	00:02:03.213	0.83181				2
2025.02.14	00:03:00.503	0.83181	0.83405			6
2025.02.14	00:03:03.735	0.83189	0.83397			6
2025.02.14	00:04:03.732	0.83189				2
2025.02.14	00:04:04.633		0.83397			4
2025.02.14	00:05:00.600	0.83189				2
2025.02.14	00:05:05.999	0.83210	0.83397			6
2025.02.14	00:05:06.358	0.83220				2
2025.02.14	00:05:10.741	0.83218				2
2025.02.14	00:05:11.149	0.83217				2
2025.02.14	00:05:12.361	0.83238				2
2025.02.14	00:05:15.599	0.83241				2
2025.02.14	00:05:20.187	0.83239				2
2025.02.14	00:05:20.724	0.83237				2
2025.02.14	00:05:24.354	0.83238				2
2025.02.14	00:05:25.245	0.83239				2
2025.02.14	00:05:30.701	0.83238				2
2025.02.14	00:05:36.090	0.83239				2
2025.02.14	00:05:40.892	0.83240				2
2025.02.14	00:05:45.820	0.83241				2
2025.02.14	00:05:52.362	0.83243				2
2025.02.14	00:05:55.538	0.83242				2
2025.02.14	00:06:00.369	0.83240				2
2025.02.14	00:06:00.947	0.83241				2
2025.02.14	00:06:05.636	0.83242				2
2025.02.14	00:06:06.962		0.83397			4
2025.02.14	00:06:16.368	0.83243				2
2025.02.14	00:06:56.331	0.83221				2
2025.02.14	00:07:00.896	0.83221				2
2025.02.14	00:07:01.444		0.83395			4
2025.02.14	00:07:17.899	0.83220				2
2025.02.14	00:07:18.355	0.83221				2
2025.02.14	00:07:26.388	0.83220				2
2025.02.14	00:07:30.370	0.83221				2
2025.02.14	00:08:01.440	0.83221				2
2025.02.14	00:08:07.942		0.83395			4
2025.02.14	00:08:36.357	0.83217				2
2025.02.14	00:08:46.353	0.83222				2
2025.02.14	00:08:47.356	0.83221				2
2025.02.14	00:08:50.317	0.83222				2
2025.02.14	00:09:12.241	0.83222	0.83395			6
2025.02.14	00:09:22.921	0.83221				2
2025.02.14	00:09:24.353	0.83217				2
2025.02.14	00:09:27.987	0.83219				2
2025.02.14	00:09:33.021	0.83218				2
2025.02.14	00:09:34.354	0.83222				2
2025.02.14	00:09:56.355	0.83216				2
2025.02.14	00:09:58.355	0.83214				2
2025.02.14	00:10:00.361	0.83189				2
2025.02.14	00:10:12.100	0.83202	0.83390			6
2025.02.14	00:10:16.233	0.83206				2
2025.02.14	00:10:18.961	0.83207				2
2025.02.14	00:10:21.386	0.83208				2
2025.02.14	00:10:21.994	0.83209				2
2025.02.14	00:10:22.600	0.83208				2
2025.02.14	00:10:24.418	0.83205	0.83386			6
2025.02.14	00:10:24.719	0.83212	0.83374			6
2025.02.14	00:10:25.627	0.83211	0.83387			6
2025.02.14	00:10:25.932	0.83213	0.83389			6
2025.02.14	00:10:26.841	0.83214				2
2025.02.14	00:10:28.051	0.83217	0.83390			6
2025.02.14	00:10:29.871	0.83218				2
2025.02.14	00:10:31.083	0.83219				2
2025.02.14	00:10:31.388	0.83220				2
2025.02.14	00:10:31.691	0.83221				2
2025.02.14	00:10:32.296		0.83389			4
2025.02.14	00:10:32.599		0.83390			4
2025.02.14	00:10:32.905	0.83223				2
2025.02.14	00:10:33.207	0.83222	0.83385			6
2025.02.14	00:10:33.508		0.83387			4
2025.02.14	00:10:33.815	0.83224	0.83389			6
2025.02.14	00:10:34.421	0.83225	0.83383			6
2025.02.14	00:10:34.722		0.83390			4
2025.02.14	00:10:35.027	0.83224	0.83389			6
2025.02.14	00:10:35.633		0.83390			4
2025.02.14	00:10:35.934	0.83225	0.83382			6
2025.02.14	00:10:36.241	0.83214	0.83380			6
2025.02.14	00:10:37.151	0.83217	0.83381			6
2025.02.14	00:10:38.664	0.83218	0.83380			6
2025.02.14	00:10:39.575	0.83217	0.83376			6
2025.02.14	00:10:42.609		0.83374			4
2025.02.14	00:10:44.729		0.83372			4
2025.02.14	00:10:46.849	0.83218	0.83371			6
2025.02.14	00:10:48.366	0.83217	0.83367			6
2025.02.14	00:10:48.668	0.83218	0.83369			6
2025.02.14	00:10:51.697		0.83367			4
2025.02.14	00:10:53.212	0.83217				2
2025.02.14	00:10:54.729		0.83364			4
2025.02.14	00:10:55.336		0.83362			4
2025.02.14	00:10:57.761		0.83360			4
2025.02.14	00:11:00.190	0.83217				2
2025.02.14	00:11:03.220	0.83218				2
2025.02.14	00:11:04.132	0.83220	0.83376			6
2025.02.14	00:11:08.095	0.83218	0.83355			6
2025.02.14	00:11:08.748	0.83217	0.83353			6
2025.02.14	00:11:09.049	0.83186	0.83394			6
2025.02.14	00:11:09.599	0.83202				2
2025.02.14	00:11:10.031	0.83209	0.83389			6
2025.02.14	00:11:10.801		0.83391			4
2025.02.14	00:11:11.899	0.83217	0.83375			6
2025.02.14	00:11:12.898	0.83218	0.83353			6
2025.02.14	00:11:13.528		0.83351			4
2025.02.14	00:11:13.832	0.83217	0.83375			6
2025.02.14	00:11:17.025	0.83233				2
2025.02.14	00:11:26.556	0.83226	0.83376			6
2025.02.14	00:11:31.051	0.83230	0.83375			6
2025.02.14	00:11:34.000		0.83368			4
2025.02.14	00:11:38.474		0.83375			4
2025.02.14	00:11:50.602		0.83373			4
2025.02.14	00:11:55.639		0.83375			4
2025.02.14	00:12:01.074	0.83230	0.83373			6
2025.02.14	00:12:06.602		0.83360			4
2025.02.14	00:12:07.683		0.83363			4
2025.02.14	00:12:12.000		0.83374			4
2025.02.14	00:12:12.359		0.83375			4
2025.02.14	00:12:12.741		0.83362			4
2025.02.14	00:12:15.732		0.83364			4
2025.02.14	00:12:18.362		0.83363			4
2025.02.14	00:12:19.477		0.83377			4
2025.02.14	00:12:19.978		0.83375			4
2025.02.14	00:12:20.360		0.83365			4
2025.02.14	00:12:24.772		0.83377			4
2025.02.14	00:12:25.647		0.83376			4
2025.02.14	00:12:30.038	0.83231	0.83377			6
2025.02.14	00:12:30.489		0.83378			4
2025.02.14	00:12:31.708	0.83230				2
2025.02.14	00:12:33.271		0.83375			4
2025.02.14	00:12:35.808		0.83372			4
2025.02.14	00:12:36.176		0.83376			4
2025.02.14	00:12:40.967		0.83377			4
2025.02.14	00:12:42.128		0.83374			4
2025.02.14	00:12:42.705		0.83373			4
2025.02.14	00:12:43.129		0.83374			4
2025.02.14	00:12:43.709		0.83372			4
2025.02.14	00:12:44.125		0.83375			4
2025.02.14	00:12:44.630		0.83372			4
2025.02.14	00:12:45.128		0.83374			4
2025.02.14	00:12:45.624		0.83385			4
2025.02.14	00:12:47.669		0.83374			4
2025.02.14	00:12:49.668		0.83380			4
2025.02.14	00:12:50.342	0.83231	0.83374			6
2025.02.14	00:12:51.324		0.83373			4
2025.02.14	00:12:52.707	0.83232				2
2025.02.14	00:13:00.297	0.83233	0.83372			6
2025.02.14	00:13:01.900		0.83381			4
2025.02.14	00:13:07.808	0.83234				2
2025.02.14	00:13:17.487		0.83379			4
2025.02.14	00:13:21.802		0.83373			4
2025.02.14	00:13:24.293		0.83371			4
2025.02.14	00:13:24.985	0.83232				2
2025.02.14	00:13:28.604		0.83373			4
2025.02.14	00:13:31.874	0.83235	0.83382			6
2025.02.14	00:13:32.435	0.83234	0.83389			6
2025.02.14	00:13:33.485	0.83235				2
2025.02.14	00:13:34.709	0.83236				2
2025.02.14	00:13:36.446		0.83380			4
2025.02.14	00:13:40.707	0.83237				2
2025.02.14	00:13:41.898		0.83375			4
2025.02.14	00:13:42.709	0.83236				2
2025.02.14	00:13:47.011		0.83374			4
2025.02.14	00:13:47.697	0.83237				2
2025.02.14	00:13:51.902		0.83372			4
2025.02.14	00:13:52.356		0.83374			4
2025.02.14	00:13:53.887		0.83386			4
2025.02.14	00:13:57.536		0.83387			4
2025.02.14	00:13:58.043		0.83388			4
2025.02.14	00:14:00.565	0.83237				2
2025.02.14	00:14:02.363		0.83386			4
2025.02.14	00:14:04.759		0.83385			4
2025.02.14	00:14:06.646		0.83386			4
2025.02.14	00:14:07.490		0.83387			4
2025.02.14	00:14:11.212		0.83366			4
2025.02.14	00:14:11.601	0.83240	0.83367			6
2025.02.14	00:14:12.360		0.83370			4
2025.02.14	00:14:13.361		0.83369			4
2025.02.14	00:14:13.680		0.83380			4
2025.02.14	00:14:14.362		0.83379			4
2025.02.14	00:14:15.519		0.83380			4
2025.02.14	00:14:16.577		0.83378			4
2025.02.14	00:14:19.644		0.83377			4
2025.02.14	00:14:22.359		0.83375			4
2025.02.14	00:14:25.083		0.83364			4
2025.02.14	00:14:26.353		0.83366			4
2025.02.14	00:14:26.660	0.83230	0.83374			6
2025.02.14	00:14:27.806	0.83232				2
2025.02.14	00:14:32.396	0.83230	0.83376			6
2025.02.14	00:14:32.953	0.83232				2
2025.02.14	00:14:36.361		0.83374			4
2025.02.14	00:14:37.151		0.83373			4
2025.02.14	00:14:37.850		0.83372			4
2025.02.14	00:14:39.891	0.83243	0.83373			6
2025.02.14	00:14:42.070		0.83375			4
2025.02.14	00:14:42.650		0.83374			4
2025.02.14	00:14:46.640		0.83373			4
2025.02.14	00:14:47.961		0.83375			4
2025.02.14	00:14:52.762		0.83386			4
2025.02.14	00:14:53.716	0.83242	0.83374			6
2025.02.14	00:14:54.024		0.83386			4
2025.02.14	00:14:57.821		0.83385			4
2025.02.14	00:15:00.926	0.83230	0.83374			6
2025.02.14	00:15:05.572		0.83370			4
2025.02.14	00:15:05.952		0.83374			4
2025.02.14	00:15:06.952		0.83379			4
2025.02.14	00:15:08.731		0.83374			4
2025.02.14	00:15:10.143		0.83370			4
2025.02.14	00:15:14.337	0.83231	0.83372			6
2025.02.14	00:15:18.416	0.83233				2
2025.02.14	00:15:24.712		0.83376			4
2025.02.14	00:15:25.731		0.83372			4
2025.02.14	00:15:28.325	0.83232				2
2025.02.14	00:15:34.748	0.83233				2
2025.02.14	00:15:36.981		0.83371			4
2025.02.14	00:15:59.533	0.83231	0.83370			6
2025.02.14	00:16:00.379	0.83231				2
2025.02.14	00:16:03.301	0.83232				2
2025.02.14	00:16:06.441	0.83230	0.83367			6
2025.02.14	00:16:33.644	0.83231				2
2025.02.14	00:16:35.653	0.83232				2
2025.02.14	00:16:39.543	0.83219	0.83341			6
2025.02.14	00:16:40.355	0.83220				2
2025.02.14	00:16:43.463	0.83232	0.83343			6
2025.02.14	00:17:00.158	0.83232				2
2025.02.14	00:17:24.741		0.83342			4
2025.02.14	00:17:34.357	0.83233				2
2025.02.14	00:17:36.066	0.83235				2
2025.02.14	00:17:46.086	0.83232				2
2025.02.14	00:17:50.633	0.83235				2
2025.02.14	00:17:54.358	0.83234				2
2025.02.14	00:18:01.001	0.83234				2
2025.02.14	00:18:14.568	0.83232				2
2025.02.14	00:18:24.365	0.83234				2
2025.02.14	00:18:28.667	0.83232	0.83341			6
2025.02.14	00:18:29.036	0.83234	0.83342			6
2025.02.14	00:18:29.521	0.83232				2
2025.02.14	00:18:34.242	0.83233				2
2025.02.14	00:18:46.200	0.83234				2
2025.02.14	00:19:01.000	0.83234				2
2025.02.14	00:19:02.399	0.83235				2
2025.02.14	00:19:17.398	0.83236				2
2025.02.14	00:19:29.396		0.83342			4
2025.02.14	00:19:31.197	0.83237	0.83347			6
2025.02.14	00:19:31.501	0.83241	0.83329			6
2025.02.14	00:19:43.606		0.83327			4
2025.02.14	00:20:00.964	0.83241				2
2025.02.14	00:20:10.642	0.83231				2
2025.02.14	00:20:13.601	0.83235				2
2025.02.14	00:20:22.972	0.83243				2
2025.02.14	00:20:38.331	0.83232				2
2025.02.14	00:20:40.800	0.83233				2
2025.02.14	00:20:49.196		0.83327			4
2025.02.14	00:21:00.963	0.83233				2
2025.02.14	00:21:04.704	0.83236				2
2025.02.14	00:21:06.036	0.83241	0.83312			6
2025.02.14	00:21:08.586	0.83245	0.83314			6
2025.02.14	00:21:11.729	0.83246				2
2025.02.14	00:21:17.031	0.83245	0.83310			6
2025.02.14	00:21:29.566	0.83238	0.83305			6
2025.02.14	00:21:34.307	0.83242				2
2025.02.14	00:21:35.800		0.83307			4
2025.02.14	00:21:46.688	0.83248				2
2025.02.14	00:22:00.963	0.83248				2
2025.02.14	00:22:01.807	0.83252				2
2025.02.14	00:22:05.931	0.83250				2
2025.02.14	00:22:08.217	0.83247	0.83305			6
2025.02.14	00:22:10.965	0.83243				2
2025.02.14	00:22:14.701	0.83244				2
2025.02.14	00:22:15.899	0.83245				2
2025.02.14	00:22:22.448	0.83244	0.83309			6
2025.02.14	00:22:24.359	0.83245				2
2025.02.14	00:22:27.597	0.83246				2
2025.02.14	00:22:30.901	0.83247				2
2025.02.14	00:22:38.698	0.83248				2
2025.02.14	00:22:41.628	0.83246	0.83305			6
2025.02.14	00:22:54.299	0.83247				2
2025.02.14	00:22:56.180	0.83246				2
2025.02.14	00:22:56.685	0.83242				2
2025.02.14	00:23:00.966	0.83242				2
2025.02.14	00:23:01.645	0.83243				2
2025.02.14	00:23:09.899	0.83244				2
2025.02.14	00:23:12.688	0.83248				2
2025.02.14	00:23:20.098	0.83249				2
2025.02.14	00:23:21.754	0.83252				2
2025.02.14	00:23:22.503	0.83253				2
2025.02.14	00:23:24.366	0.83254				2
2025.02.14	00:23:27.298	0.83255				2
2025.02.14	00:23:34.498	0.83258				2
2025.02.14	00:23:39.349	0.83260	0.83307			6
2025.02.14	00:23:59.400	0.83261				2
2025.02.14	00:24:03.409	0.83261				2
2025.02.14	00:24:12.025	0.83260				2
2025.02.14	00:24:16.497	0.83261				2
2025.02.14	00:24:31.411		0.83306			4
2025.02.14	00:24:36.160	0.83260				2
2025.02.14	00:24:40.198	0.83261				2
2025.02.14	00:24:41.661	0.83260				2
2025.02.14	00:24:49.082	0.83261	0.83314			6
2025.02.14	00:24:53.133	0.83260				2
2025.02.14	00:24:54.402	0.83264	0.83316			6
2025.02.14	00:24:56.097	0.83265				2
2025.02.14	00:24:57.536	0.83264				2
2025.02.14	00:25:00.321	0.83264				2
2025.02.14	00:25:03.902	0.83267				2
2025.02.14	00:25:07.197	0.83268				2
2025.02.14	00:25:12.424	0.83269				2
2025.02.14	00:25:15.690	0.83271	0.83318			6
2025.02.14	00:25:19.201	0.83272				2
2025.02.14	00:25:23.980	0.83273				2
2025.02.14	00:26:31.994	0.83273	0.83318			6
2025.02.14	00:26:34.201	0.83272	0.83314			6
2025.02.14	00:26:37.402	0.83268				2
2025.02.14	00:26:54.980	0.83276	0.83318			6
2025.02.14	00:27:00.232	0.83277				2
2025.02.14	00:27:56.396		0.83318			4
2025.02.14	00:28:11.206	0.83277				2
2025.02.14	00:28:45.570	0.83276				2
2025.02.14	00:28:51.259	0.83275				2
2025.02.14	00:28:51.891	0.83276				2
2025.02.14	00:28:56.398		0.83318			4
2025.02.14	00:29:00.965	0.83276				2
2025.02.14	00:29:07.494	0.83277				2
2025.02.14	00:29:23.498	0.83276				2
2025.02.14	00:30:00.299	0.83275	0.83318			6
2025.02.14	00:30:19.128	0.83274				2
2025.02.14	00:30:20.632	0.83275				2
2025.02.14	00:30:31.101	0.83276				2
2025.02.14	00:30:34.751	0.83275				2
2025.02.14	00:31:00.422	0.83275	0.83318			6
2025.02.14	00:31:02.111	0.83286	0.83329			6
2025.02.14	00:31:03.373	0.83280	0.83323			6
2025.02.14	00:31:04.353	0.83279				2
2025.02.14	00:31:06.143	0.83280				2
2025.02.14	00:31:08.625	0.83279				2
2025.02.14	00:31:24.134	0.83277				2
2025.02.14	00:31:42.296	0.83278				2
2025.02.14	00:31:43.795	0.83277				2
2025.02.14	00:31:47.699	0.83278				2
2025.02.14	00:31:58.361	0.83274	0.83319			6
2025.02.14	00:32:00.366	0.83275				2
2025.02.14	00:32:11.648	0.83276				2
2025.02.14	00:32:12.742	0.83274				2
2025.02.14	00:32:42.296	0.83278	0.83325			6
2025.02.14	00:33:01.335	0.83278				2
2025.02.14	00:33:02.034		0.83329			4
2025.02.14	00:33:03.051	0.83276				2
2025.02.14	00:33:03.910	0.83275				2
2025.02.14	00:33:15.487	0.83276	0.83321			6
2025.02.14	00:33:41.392	0.83272				2
2025.02.14	00:33:45.007	0.83273				2
2025.02.14	00:33:49.586	0.83271				2
2025.02.14	00:33:50.652	0.83265	0.83318			6
2025.02.14	00:33:51.599	0.83264	0.83311			6
2025.02.14	00:33:54.599	0.83263				2
2025.02.14	00:33:59.421	0.83264				2
2025.02.14	00:34:00.768	0.83264				2
2025.02.14	00:34:09.351		0.83312			4
2025.02.14	00:34:13.196	0.83263				2
2025.02.14	00:34:14.761	0.83264				2
2025.02.14	00:34:28.684	0.83265				2
2025.02.14	00:35:00.203	0.83265				2
2025.02.14	00:35:05.022	0.83263				2
2025.02.14	00:35:06.413	0.83264				2
2025.02.14	00:35:11.395	0.83265	0.83312			6
2025.02.14	00:35:22.717		0.83310			4
2025.02.14	00:35:26.036	0.83263				2
2025.02.14	00:35:49.194	0.83262				2
2025.02.14	00:35:50.963	0.83260	0.83307			6
2025.02.14	00:35:51.560	0.83258				2
2025.02.14	00:35:53.998	0.83259				2
2025.02.14	00:36:02.097	0.83259				2
2025.02.14	00:36:06.188	0.83258				2
2025.02.14	00:36:36.811	0.83259				2
2025.02.14	00:36:51.859		0.83307			4
2025.02.14	00:36:57.596	0.83260				2
2025.02.14	00:37:01.156	0.83260				2
2025.02.14	00:37:53.763		0.83307			4
2025.02.14	00:38:02.556	0.83260				2
2025.02.14	00:38:27.933	0.83261	0.83309			6
2025.02.14	00:38:28.247		0.83307			4
2025.02.14	00:38:30.298		0.83309			4
2025.02.14	00:38:51.587	0.83262				2
2025.02.14	00:38:55.796	0.83263				2
2025.02.14	00:39:01.316	0.83261				2
2025.02.14	00:39:01.712	0.83263				2
2025.02.14	00:39:16.197	0.83264				2
2025.02.14	00:39:28.354	0.83275	0.83318			6
2025.02.14	00:39:29.007	0.83264	0.83309			6
2025.02.14	00:40:01.793	0.83264				2
2025.02.14	00:40:29.637		0.83309			4
2025.02.14	00:40:39.896	0.83265				2
2025.02.14	00:40:46.752	0.83264				2
2025.02.14	00:40:59.553	0.83265				2
2025.02.14	00:41:00.253	0.83265				2
2025.02.14	00:41:06.598	0.83266				2
2025.02.14	00:41:17.133	0.83265				2
2025.02.14	00:41:30.593		0.83309			4
2025.02.14	00:41:31.583		0.83311			4
2025.02.14	00:41:32.992	0.83266				2
2025.02.14	00:42:00.965	0.83266				2
2025.02.14	00:42:08.699	0.83267				2
2025.02.14	00:42:12.939	0.83262	0.83307			6
2025.02.14	00:42:15.077	0.83257	0.83305			6
2025.02.14	00:42:25.499	0.83258				2
2025.02.14	00:42:27.269	0.83262				2
2025.02.14	00:42:33.228	0.83259				2
2025.02.14	00:42:43.202	0.83258				2
2025.02.14	00:42:50.296	0.83260				2
2025.02.14	00:42:58.454	0.83259				2
2025.02.14	00:43:00.798	0.83260				2
2025.02.14	00:43:10.689	0.83261				2
2025.02.14	00:43:15.077		0.83305			4
2025.02.14	00:43:24.006	0.83260				2
2025.02.14	00:43:35.151	0.83261				2
2025.02.14	00:43:40.152	0.83260				2
2025.02.14	00:44:00.925	0.83260				2
2025.02.14	00:44:11.258	0.83259				2
2025.02.14	00:44:14.972	0.83260				2
2025.02.14	00:44:15.932		0.83305			4
2025.02.14	00:44:28.711	0.83258				2
2025.02.14	00:44:29.096	0.83257				2
2025.02.14	00:44:29.699	0.83258				2
2025.02.14	00:44:44.621	0.83257				2
2025.02.14	00:44:54.154	0.83256				2
2025.02.14	00:44:58.002		0.83300			4
2025.02.14	00:44:58.673		0.83305			4
2025.02.14	00:45:02.144	0.83258	0.83318			6
2025.02.14	00:45:03.969	0.83256	0.83305			6
2025.02.14	00:45:08.497	0.83268	0.83293			6
2025.02.14	00:45:13.799	0.83269				2
2025.02.14	00:45:28.800	0.83268				2
2025.02.14	00:45:35.212	0.83270				2
2025.02.14	00:45:57.497	0.83278				2
2025.02.14	00:45:57.900	0.83277				2
2025.02.14	00:46:00.344	0.83277				2
2025.02.14	00:46:01.821	0.83276				2
2025.02.14	00:46:08.862	0.83278	0.83306			6
2025.02.14	00:46:09.897	0.83279				2
2025.02.14	00:46:24.551	0.83280				2
2025.02.14	00:46:26.997		0.83304			4
2025.02.14	00:46:29.996	0.83281				2
2025.02.14	00:46:42.619		0.83303			4
2025.02.14	00:46:56.361	0.83282				2
2025.02.14	00:46:58.597	0.83283				2
2025.02.14	00:47:00.610	0.83283				2
2025.02.14	00:47:02.115	0.83275	0.83311			6
2025.02.14	00:47:03.929	0.83284	0.83303			6
2025.02.14	00:48:01.801	0.83283				2
2025.02.14	00:48:05.518		0.83303			4
2025.02.14	00:48:10.799	0.83284				2
2025.02.14	00:48:14.586	0.83287				2
2025.02.14	00:48:14.913	0.83288				2
2025.02.14	00:48:16.209	0.83287				2
2025.02.14	00:48:18.596	0.83286				2
2025.02.14	00:48:27.832	0.83287				2
2025.02.14	00:48:32.841	0.83285				2
2025.02.14	00:48:33.983	0.83284				2
2025.02.14	00:48:36.987	0.83285				2
2025.02.14	00:48:42.895		0.83323			4
2025.02.14	00:48:46.666	0.83288				2
2025.02.14	00:48:48.856	0.83289				2
2025.02.14	00:48:49.578	0.83290				2
2025.02.14	00:48:50.939	0.83289				2
2025.02.14	00:48:53.222	0.83290				2
2025.02.14	00:49:01.207	0.83290				2
2025.02.14	00:49:03.998	0.83292				2
2025.02.14	00:49:09.242	0.83294	0.83308			6
2025.02.14	00:49:15.326	0.83295				2
2025.02.14	00:49:17.700	0.83294				2
2025.02.14	00:49:21.388	0.83293				2
2025.02.14	00:49:21.700	0.83292				2
2025.02.14	00:49:22.156	0.83291				2
2025.02.14	00:49:22.555	0.83290	0.83310			6
2025.02.14	00:49:23.829	0.83289				2
2025.02.14	00:49:29.998	0.83290				2
2025.02.14	00:49:30.303	0.83291				2
2025.02.14	00:49:30.960	0.83292				2
2025.02.14	00:49:31.805	0.83291	0.83348			6
2025.02.14	00:49:32.364	0.83290				2
2025.02.14	00:49:33.433	0.83291				2
2025.02.14	00:49:35.700	0.83290				2
2025.02.14	00:49:45.081	0.83283	0.83345			6
2025.02.14	00:49:45.382	0.83286	0.83356			6
2025.02.14	00:49:45.723		0.83310			4
2025.02.14	00:49:46.409	0.83281				2
2025.02.14	00:49:46.917	0.83284				2
2025.02.14	00:49:47.458	0.83288				2
2025.02.14	00:49:47.920	0.83286				2
2025.02.14	00:49:49.075	0.83285				2
2025.02.14	00:49:49.836		0.83314			4
2025.02.14	00:49:50.663	0.83284				2
2025.02.14	00:49:51.118	0.83283				2
2025.02.14	00:49:54.952	0.83285				2
2025.02.14	00:49:55.457	0.83286				2
2025.02.14	00:49:56.099	0.83282				2
2025.02.14	00:49:56.533	0.83281				2
2025.02.14	00:49:57.081	0.83279				2
2025.02.14	00:49:58.476	0.83278				2
2025.02.14	00:50:00.270	0.83278				2
2025.02.14	00:50:04.869	0.83265				2
2025.02.14	00:50:05.184	0.83267				2
2025.02.14	00:50:06.020	0.83270				2
2025.02.14	00:50:06.323	0.83277				2
2025.02.14	00:50:07.085	0.83280				2
2025.02.14	00:50:13.536	0.83281				2
2025.02.14	00:50:17.512	0.83280				2
2025.02.14	00:50:19.529	0.83281				2
2025.02.14	00:50:22.528	0.83282				2
2025.02.14	00:50:24.357	0.83283				2
2025.02.14	00:50:25.230	0.83284				2
2025.02.14	00:50:28.339	0.83283				2
2025.02.14	00:50:29.157	0.83285				2
2025.02.14	00:50:51.217		0.83314			4
2025.02.14	00:50:59.997	0.83286				2
2025.02.14	00:51:00.369	0.83286				2
2025.02.14	00:51:04.124	0.83287				2
2025.02.14	00:51:09.290	0.83286				2
2025.02.14	00:51:09.685	0.83287				2
2025.02.14	00:51:32.839	0.83288				2
2025.02.14	00:51:38.339	0.83287				2
2025.02.14	00:51:40.900	0.83288				2
2025.02.14	00:51:43.155	0.83289				2
2025.02.14	00:51:45.297	0.83290				2
2025.02.14	00:51:50.869		0.83341			4
2025.02.14	00:51:52.741	0.83289				2
2025.02.14	00:51:57.036	0.83290				2
2025.02.14	00:51:59.096	0.83289				2
2025.02.14	00:52:01.330	0.83289				2
2025.02.14	00:52:04.120		0.83345			4
2025.02.14	00:52:05.101	0.83290				2
2025.02.14	00:52:05.626		0.83346			4
2025.02.14	00:52:09.922	0.83289	0.83344			6
2025.02.14	00:52:11.697	0.83290				2
2025.02.14	00:52:13.727	0.83289	0.83334			6
2025.02.14	00:52:17.111		0.83342			4
2025.02.14	00:52:27.703	0.83291	0.83343			6
2025.02.14	00:52:37.824	0.83290				2
2025.02.14	00:52:38.233		0.83333			4
2025.02.14	00:52:39.162		0.83330			4
2025.02.14	00:52:40.800	0.83289	0.83331			6
2025.02.14	00:52:45.057	0.83288	0.83328			6
2025.02.14	00:52:45.364	0.83287	0.83329			6
2025.02.14	00:52:45.665	0.83286				2
2025.02.14	00:52:54.000	0.83287	0.83330			6
2025.02.14	00:52:57.042	0.83286				2
2025.02.14	00:53:00.299	0.83286				2
2025.02.14	00:53:10.963	0.83287	0.83320			6
2025.02.14	00:53:11.711	0.83288				2
2025.02.14	00:53:21.598	0.83289				2
2025.02.14	00:53:26.883	0.83288				2
2025.02.14	00:53:32.199	0.83290				2
2025.02.14	00:53:33.844	0.83291				2
2025.02.14	00:53:49.821	0.83292				2
2025.02.14	00:54:00.376	0.83292				2
2025.02.14	00:54:04.077	0.83296				2
2025.02.14	00:54:04.777	0.83294	0.83325			6
2025.02.14	00:54:05.403	0.83297				2
2025.02.14	00:54:06.356	0.83301				2
2025.02.14	00:54:11.261	0.83296				2
2025.02.14	00:54:11.637	0.83295				2
2025.02.14	00:54:12.557	0.83287				2
2025.02.14	00:54:12.902	0.83284				2
2025.02.14	00:54:13.202	0.83288				2
2025.02.14	00:54:14.100	0.83289				2
2025.02.14	00:54:15.087	0.83290				2
2025.02.14	00:54:16.197	0.83291				2
2025.02.14	00:54:17.366	0.83288				2
2025.02.14	00:54:24.034		0.83321			4
2025.02.14	00:54:25.105	0.83289				2
2025.02.14	00:54:28.666	0.83288				2
2025.02.14	00:54:29.871	0.83289				2
2025.02.14	00:54:33.337	0.83287	0.83316			6
2025.02.14	00:54:35.277	0.83291	0.83364			6
2025.02.14	00:54:35.592	0.83289				2
2025.02.14	00:54:35.922	0.83288				2
2025.02.14	00:54:36.314	0.83287				2
2025.02.14	00:54:36.701	0.83284				2
2025.02.14	00:54:37.399	0.83283				2
2025.02.14	00:54:38.552	0.83282				2
2025.02.14	00:54:38.887	0.83287				2
2025.02.14	00:54:39.948	0.83290				2
2025.02.14	00:54:40.433	0.83291				2
2025.02.14	00:54:41.998	0.83300				2
2025.02.14	00:54:42.701	0.83301				2
2025.02.14	00:54:43.187	0.83302				2
2025.02.14	00:54:43.855	0.83301				2
2025.02.14	00:54:44.701	0.83300				2
2025.02.14	00:54:45.431	0.83289				2
2025.02.14	00:54:46.722	0.83287				2
2025.02.14	00:54:47.356	0.83286				2
2025.02.14	00:54:48.647	0.83287				2
2025.02.14	00:54:50.434	0.83288				2
2025.02.14	00:54:55.209	0.83289				2
2025.02.14	00:54:59.411	0.83293				2
2025.02.14	00:54:59.948	0.83291				2
2025.02.14	00:55:00.380	0.83294	0.83347			6
2025.02.14	00:55:02.700	0.83293				2
2025.02.14	00:55:05.676	0.83307				2
2025.02.14	00:55:06.302	0.83308				2
2025.02.14	00:55:07.440	0.83307				2
2025.02.14	00:55:07.788	0.83308				2
2025.02.14	00:55:08.801	0.83297				2
2025.02.14	00:55:10.121	0.83295				2
2025.02.14	00:55:12.098	0.83298				2
2025.02.14	00:55:13.157	0.83278				2
2025.02.14	00:55:14.999	0.83279				2
2025.02.14	00:55:15.300	0.83280				2
2025.02.14	00:55:16.803	0.83281				2
2025.02.14	00:55:18.599	0.83283				2
2025.02.14	00:55:21.897	0.83284				2
2025.02.14	00:55:24.297	0.83285				2
2025.02.14	00:55:27.862	0.83286				2
2025.02.14	00:55:28.537	0.83289				2
2025.02.14	00:55:29.397	0.83299				2
2025.02.14	00:55:29.753	0.83298				2
2025.02.14	00:55:31.857	0.83299				2
2025.02.14	00:55:39.300	0.83300				2
2025.02.14	00:55:40.497	0.83301				2
2025.02.14	00:55:41.299	0.83302				2
2025.02.14	00:55:41.918		0.83369			4
2025.02.14	00:55:42.298	0.83305				2
2025.02.14	00:55:42.860	0.83304				2
2025.02.14	00:55:43.505	0.83305				2
2025.02.14	00:55:47.077	0.83307				2
2025.02.14	00:55:47.391	0.83306				2
2025.02.14	00:55:48.380	0.83312				2
2025.02.14	00:55:53.860	0.83313				2
2025.02.14	00:55:54.592	0.83306	0.83357			6
2025.02.14	00:55:57.556	0.83295				2
2025.02.14	00:55:57.929	0.83294				2
2025.02.14	00:55:59.059	0.83293				2
2025.02.14	00:56:00.362	0.83293				2
2025.02.14	00:56:02.600	0.83291				2
2025.02.14	00:56:05.543	0.83290				2
2025.02.14	00:56:06.162	0.83293				2
2025.02.14	00:56:10.441	0.83297				2
2025.02.14	00:56:10.890	0.83305				2
2025.02.14	00:56:11.373	0.83309				2
2025.02.14	00:56:11.683	0.83308				2
2025.02.14	00:56:12.360	0.83307				2
2025.02.14	00:56:13.445	0.83309				2
2025.02.14	00:56:15.037	0.83308				2
2025.02.14	00:56:16.817	0.83303				2
2025.02.14	00:56:17.347	0.83302				2
2025.02.14	00:56:20.490	0.83301				2
2025.02.14	00:56:22.402	0.83300				2
2025.02.14	00:56:23.328	0.83299				2
2025.02.14	00:56:27.400	0.83300				2
2025.02.14	00:56:28.789	0.83301				2
2025.02.14	00:56:36.756	0.83302				2
2025.02.14	00:56:40.511	0.83301				2
2025.02.14	00:56:42.943	0.83302				2
2025.02.14	00:56:44.054	0.83303				2
2025.02.14	00:56:45.300	0.83302				2
2025.02.14	00:56:48.852	0.83303				2
2025.02.14	00:56:49.656	0.83302				2
2025.02.14	00:56:54.599		0.83357			4
2025.02.14	00:56:58.422	0.83301	0.83320			6
2025.02.14	00:56:58.926	0.83302				2
2025.02.14	00:56:59.428	0.83301				2
2025.02.14	00:57:00.396	0.83300				2
2025.02.14	00:57:00.908	0.83301				2
2025.02.14	00:57:02.399	0.83300				2
2025.02.14	00:57:03.300	0.83301				2
2025.02.14	00:57:05.523	0.83300				2
2025.02.14	00:57:08.424	0.83298				2
2025.02.14	00:57:08.855	0.83299				2
2025.02.14	00:57:09.266	0.83298				2
2025.02.14	00:57:10.196		0.83324			4
2025.02.14	00:57:10.799		0.83320			4
2025.02.14	00:57:27.481		0.83324			4
2025.02.14	00:57:28.201	0.83299				2
2025.02.14	00:57:34.511	0.83297				2
2025.02.14	00:57:35.466	0.83298				2
2025.02.14	00:57:37.406	0.83297				2
2025.02.14	00:57:43.197	0.83298				2
2025.02.14	00:57:47.400	0.83297				2
2025.02.14	00:57:52.372	0.83298				2
2025.02.14	00:57:52.797	0.83297	0.83320			6
2025.02.14	00:57:58.760		0.83324			4
2025.02.14	00:58:00.963	0.83297				2
2025.02.14	00:58:01.497	0.83298				2
2025.02.14	00:58:03.099	0.83296				2
2025.02.14	00:58:04.256	0.83295	0.83318			6
2025.02.14	00:58:04.580		0.83322			4
2025.02.14	00:58:04.921	0.83297	0.83321			6
2025.02.14	00:58:08.998	0.83298				2
2025.02.14	00:58:10.416	0.83297				2
2025.02.14	00:58:11.439	0.83298	0.83326			6
2025.02.14	00:58:21.644	0.83301				2
2025.02.14	00:58:21.978	0.83305	0.83331			6
2025.02.14	00:58:22.899	0.83302	0.83326			6
2025.02.14	00:58:23.258	0.83303				2
2025.02.14	00:58:23.582	0.83305	0.83330			6
2025.02.14	00:58:25.281	0.83306	0.83335			6
2025.02.14	00:58:25.647	0.83305				2
2025.02.14	00:58:32.340	0.83302	0.83326			6
2025.02.14	00:58:32.711	0.83301	0.83322			6
2025.02.14	00:58:33.720	0.83300				2
2025.02.14	00:58:34.320	0.83301				2
2025.02.14	00:58:37.003	0.83302				2
2025.02.14	00:58:38.619		0.83328			4
2025.02.14	00:58:42.372	0.83303				2
2025.02.14	00:58:44.967	0.83302				2
2025.02.14	00:58:45.590	0.83299	0.83327			6
2025.02.14	00:58:46.292	0.83298	0.83328			6
2025.02.14	00:58:46.616		0.83326			4
2025.02.14	00:58:48.199		0.83327			4
2025.02.14	00:58:49.499		0.83328			4
2025.02.14	00:58:50.919		0.83326			4
2025.02.14	00:58:53.319	0.83297				2
2025.02.14	00:58:53.647	0.83298	0.83328			6
2025.02.14	00:58:54.799		0.83324			4
2025.02.14	00:58:56.697		0.83322			4
2025.02.14	00:58:57.002		0.83324			4
2025.02.14	00:59:00.363	0.83298				2
2025.02.14	00:59:00.725	0.83297				2
2025.02.14	00:59:01.046	0.83299	0.83321			6
2025.02.14	00:59:02.420	0.83298	0.83322			6
2025.02.14	00:59:07.499		0.83321			4
2025.02.14	00:59:08.716	0.83297				2
2025.02.14	00:59:16.336	0.83298	0.83323			6
2025.02.14	00:59:16.700	0.83299	0.83322			6
2025.02.14	00:59:18.387	0.83298				2
2025.02.14	00:59:24.511	0.83302				2
2025.02.14	00:59:25.507	0.83303	0.83324			6
2025.02.14	00:59:29.402		0.83323			4
2025.02.14	00:59:30.896		0.83324			4
2025.02.14	00:59:32.348		0.83323			4
2025.02.14	00:59:33.053	0.83304	0.83326			6
2025.02.14	00:59:33.589		0.83327			4
2025.02.14	00:59:35.457	0.83294	0.83318			6
2025.02.14	00:59:35.823		0.83314			4
2025.02.14	00:59:39.299		0.83315			4
2025.02.14	00:59:40.306	0.83292	0.83317			6
2025.02.14	00:59:41.347	0.83296	0.83321			6
2025.02.14	00:59:43.537	0.83297	0.83322			6
2025.02.14	00:59:47.401		0.83321			4
2025.02.14	00:59:49.321	0.83295	0.83315			6
2025.02.14	00:59:50.059	0.83296	0.83322			6
2025.02.14	00:59:53.690	0.83295	0.83315			6
2025.02.14	00:59:54.131	0.83292	0.83318			6
2025.02.14	00:59:55.268	0.83294	0.83316			6
2025.02.14	00:59:56.400		0.83314			4
2025.02.14	00:59:57.875	0.83293	0.83313			6
2025.02.14	01:00:00.315	0.83292	0.83315			6
2025.02.14	01:00:00.624	0.83288	0.83317			6
2025.02.14	01:00:00.984	0.83286	0.83327			6
2025.02.14	01:00:01.603	0.83285				2
2025.02.14	01:00:01.958		0.83320			4
2025.02.14	01:00:02.294	0.83283	0.83308			6
2025.02.14	01:00:02.628		0.83309			4
2025.02.14	01:00:02.941	0.83294	0.83304			6
2025.02.14	01:00:04.467	0.83287	0.83314			6
2025.02.14	01:00:04.788		0.83311			4
2025.02.14	01:00:05.099	0.83288	0.83310			6
2025.02.14	01:00:05.402	0.83294	0.83321			6
2025.02.14	01:00:05.734	0.83293	0.83320			6
2025.02.14	01:00:06.058		0.83323			4
2025.02.14	01:00:06.368	0.83292				2
2025.02.14	01:00:06.683	0.83294				2
2025.02.14	01:00:06.991	0.83291	0.83320			6
2025.02.14	01:00:07.330	0.83294	0.83322			6
2025.02.14	01:00:07.735	0.83291	0.83321			6
2025.02.14	01:00:08.043		0.83317			4
2025.02.14	01:00:08.389	0.83290	0.83318			6
2025.02.14	01:00:08.980	0.83286	0.83319			6
2025.02.14	01:00:09.886	0.83291	0.83323			6
2025.02.14	01:00:10.421	0.83292				2
2025.02.14	01:00:11.076	0.83291				2
2025.02.14	01:00:11.383	0.83288				2
2025.02.14	01:00:12.144	0.83287	0.83322			6
2025.02.14	01:00:12.519	0.83286	0.83323			6
2025.02.14	01:00:13.497	0.83285				2
2025.02.14	01:00:16.197	0.83283	0.83321			6
2025.02.14	01:00:16.999	0.83284	0.83318			6
2025.02.14	01:00:17.346		0.83315			4
2025.02.14	01:00:18.600	0.83285	0.83316			6
2025.02.14	01:00:18.908	0.83288	0.83314			6
2025.02.14	01:00:19.251	0.83287	0.83315			6
2025.02.14	01:00:19.580	0.83286	0.83306			6
2025.02.14	01:00:20.220	0.83287	0.83305			6
2025.02.14	01:00:21.319		0.83312			4
2025.02.14	01:00:21.944		0.83311			4
2025.02.14	01:00:23.998		0.83310			4
2025.02.14	01:00:24.902		0.83309			4
2025.02.14	01:00:25.729		0.83310			4
2025.02.14	01:00:26.044	0.83286	0.83311			6
2025.02.14	01:00:26.699		0.83313			4
2025.02.14	01:00:30.188		0.83312			4
2025.02.14	01:00:31.272	0.83278	0.83290			6
2025.02.14	01:00:33.053	0.83277				2
2025.02.14	01:00:33.483	0.83273				2
2025.02.14	01:00:33.964	0.83271				2
2025.02.14	01:00:35.079		0.83292			4
2025.02.14	01:00:39.387	0.83273				2
2025.02.14	01:00:40.762	0.83274	0.83294			6
2025.02.14	01:00:41.550	0.83277				2
2025.02.14	01:00:42.045	0.83276				2
2025.02.14	01:00:42.449	0.83275	0.83291			6
2025.02.14	01:00:43.143	0.83271				2
2025.02.14	01:00:46.018	0.83272				2
2025.02.14	01:00:48.646		0.83292			4
2025.02.14	01:00:50.098	0.83273				2
2025.02.14	01:00:51.436		0.83291			4
2025.02.14	01:00:51.866		0.83292			4
2025.02.14	01:00:52.953	0.83272				2
2025.02.14	01:00:53.359	0.83275				2
2025.02.14	01:00:55.289	0.83276	0.83291			6
2025.02.14	01:00:57.503		0.83290			4
2025.02.14	01:00:58.262	0.83277				2
2025.02.14	01:01:00.316	0.83277				2
2025.02.14	01:01:02.800	0.83279				2
2025.02.14	01:01:08.397	0.83278				2
2025.02.14	01:01:17.388	0.83275				2
2025.02.14	01:01:17.826	0.83278				2
2025.02.14	01:01:18.392	0.83274				2
2025.02.14	01:01:18.732	0.83275	0.83289			6
2025.02.14	01:01:19.613	0.83273				2
2025.02.14	01:01:20.337	0.83274				2
2025.02.14	01:01:21.621	0.83272				2
2025.02.14	01:01:23.173	0.83271				2
2025.02.14	01:01:25.187	0.83274	0.83293			6
2025.02.14	01:01:25.584	0.83275				2
2025.02.14	01:01:26.258		0.83292			4
2025.02.14	01:01:28.350	0.83274				2
2025.02.14	01:01:32.266	0.83277				2
2025.02.14	01:01:34.893	0.83275				2
2025.02.14	01:01:36.971	0.83276				2
2025.02.14	01:01:37.772		0.83293			4
2025.02.14	01:01:39.055	0.83278				2
2025.02.14	01:01:39.626	0.83279				2
2025.02.14	01:01:40.119	0.83277				2
2025.02.14	01:01:42.589	0.83280				2
2025.02.14	01:01:43.376	0.83281				2
2025.02.14	01:01:44.374	0.83280				2
2025.02.14	01:01:47.907	0.83276	0.83294			6
2025.02.14	01:01:48.215	0.83277				2
2025.02.14	01:01:50.903	0.83276				2
2025.02.14	01:01:51.512	0.83275				2
2025.02.14	01:01:52.435	0.83274				2
2025.02.14	01:01:54.454	0.83276				2
2025.02.14	01:01:55.376	0.83275				2
2025.02.14	01:01:55.799	0.83276				2
2025.02.14	01:01:58.151	0.83288	0.83321			6
2025.02.14	01:01:58.841	0.83276	0.83294			6
2025.02.14	01:02:00.403	0.83276				2
2025.02.14	01:02:01.435	0.83277				2
2025.02.14	01:02:04.540	0.83278				2
2025.02.14	01:02:06.014	0.83277				2
2025.02.14	01:02:09.597	0.83278				2
2025.02.14	01:02:10.422		0.83313			4
2025.02.14	01:02:20.611	0.83279				2
2025.02.14	01:02:24.295	0.83282				2
2025.02.14	01:02:25.378	0.83283				2
2025.02.14	01:02:25.784	0.83284				2
2025.02.14	01:02:26.469	0.83283				2
2025.02.14	01:02:27.454	0.83282				2
2025.02.14	01:02:27.898	0.83281				2
2025.02.14	01:02:28.452	0.83283	0.83312			6
2025.02.14	01:02:28.797		0.83313			4
2025.02.14	01:02:29.375	0.83282				2
2025.02.14	01:02:31.111	0.83281				2
2025.02.14	01:02:32.011	0.83280				2
2025.02.14	01:02:32.907	0.83287	0.83311			6
2025.02.14	01:02:33.211		0.83316			4
2025.02.14	01:02:33.596	0.83286				2
2025.02.14	01:02:35.211		0.83309			4
2025.02.14	01:02:35.516	0.83285	0.83319			6
2025.02.14	01:02:36.132		0.83309			4
2025.02.14	01:02:36.611	0.83287				2
2025.02.14	01:02:36.917	0.83286				2
2025.02.14	01:02:37.769	0.83285	0.83306			6
2025.02.14	01:02:38.766	0.83286				2
2025.02.14	01:02:39.742	0.83285				2
2025.02.14	01:02:40.064	0.83284				2
2025.02.14	01:02:42.227	0.83285				2
2025.02.14	01:02:43.241	0.83284				2
2025.02.14	01:02:44.463	0.83283				2
2025.02.14	01:02:44.998	0.83285				2
2025.02.14	01:02:46.891	0.83288	0.83293			6
2025.02.14	01:02:47.906		0.83295			4
2025.02.14	01:02:53.397	0.83292	0.83312			6
2025.02.14	01:02:53.721	0.83289	0.83314			6
2025.02.14	01:02:59.378		0.83297			4
2025.02.14	01:03:00.276	0.83290				2
2025.02.14	01:03:00.581		0.83296			4
2025.02.14	01:03:02.550	0.83289				2
2025.02.14	01:03:03.568	0.83291				2
2025.02.14	01:03:03.898	0.83293				2
2025.02.14	01:03:05.232	0.83292				2
2025.02.14	01:03:05.549	0.83291				2
2025.02.14	01:03:05.997	0.83292				2
2025.02.14	01:03:06.453	0.83289				2
2025.02.14	01:03:08.332	0.83290	0.83298			6
2025.02.14	01:03:09.008	0.83289				2
2025.02.14	01:03:09.642	0.83290				2
2025.02.14	01:03:11.611	0.83289				2
2025.02.14	01:03:16.226	0.83290				2
2025.02.14	01:03:17.708	0.83291				2
2025.02.14	01:03:19.805	0.83292	0.83299			6
2025.02.14	01:03:24.768	0.83289				2
2025.02.14	01:03:26.103	0.83288				2
2025.02.14	01:03:26.863		0.83298			4
2025.02.14	01:03:30.379	0.83289				2
2025.02.14	01:03:30.763	0.83281	0.83295			6
2025.02.14	01:03:31.393	0.83285	0.83296			6
2025.02.14	01:03:33.929	0.83286				2
2025.02.14	01:03:34.376	0.83287				2
2025.02.14	01:03:36.389	0.83288				2
2025.02.14	01:03:40.400	0.83289				2
2025.02.14	01:03:41.184		0.83298			4
2025.02.14	01:03:42.533		0.83296			4
2025.02.14	01:03:42.887		0.83298			4
2025.02.14	01:03:47.554		0.83296			4
2025.02.14	01:03:49.457	0.83288				2
2025.02.14	01:03:50.834	0.83287				2
2025.02.14	01:03:51.721		0.83295			4
2025.02.14	01:03:52.381	0.83288				2
2025.02.14	01:03:53.261	0.83287	0.83294			6
2025.02.14	01:03:53.581	0.83288	0.83295			6
2025.02.14	01:03:54.412		0.83296			4
2025.02.14	01:03:55.161		0.83295			4
2025.02.14	01:03:56.063		0.83296			4
2025.02.14	01:03:56.406		0.83298			4
2025.02.14	01:03:56.756		0.83296			4
2025.02.14	01:03:59.136	0.83289				2
2025.02.14	01:04:00.429	0.83289				2
2025.02.14	01:04:06.899	0.83288				2
2025.02.14	01:04:10.387		0.83298			4
2025.02.14	01:04:10.964	0.83289				2
2025.02.14	01:04:12.340	0.83286	0.83300			6
2025.02.14	01:04:12.654	0.83287				2
2025.02.14	01:04:13.460	0.83288				2
2025.02.14	01:04:15.827	0.83289				2
2025.02.14	01:04:16.316		0.83302			4
2025.02.14	01:04:17.726	0.83290				2
2025.02.14	01:04:19.197	0.83289				2
2025.02.14	01:04:22.199	0.83288				2
2025.02.14	01:04:22.557	0.83287	0.83300			6
2025.02.14	01:04:22.916	0.83288				2
2025.02.14	01:04:24.364	0.83287				2
2025.02.14	01:04:24.738	0.83288				2
2025.02.14	01:04:25.439	0.83289				2
2025.02.14	01:04:26.189	0.83288				2
2025.02.14	01:04:26.997	0.83289				2
2025.02.14	01:04:29.492	0.83288				2
2025.02.14	01:04:30.091	0.83287				2
2025.02.14	01:04:35.102	0.83288				2
2025.02.14	01:04:36.198	0.83289	0.83327			6
2025.02.14	01:04:36.506		0.83319			4
2025.02.14	01:04:36.807	0.83288	0.83323			6
2025.02.14	01:04:39.447	0.83286				2
2025.02.14	01:04:40.275	0.83285				2
2025.02.14	01:04:41.122	0.83286				2
2025.02.14	01:04:44.098		0.83328			4
2025.02.14	01:04:44.573	0.83285	0.83325			6
2025.02.14	01:04:46.460	0.83284				2
2025.02.14	01:04:48.485	0.83285				2
2025.02.14	01:04:49.439	0.83291	0.83293			6
2025.02.14	01:04:50.362	0.83290	0.83292			6
2025.02.14	01:04:51.270	0.83284	0.83318			6
2025.02.14	01:04:53.099	0.83285				2
2025.02.14	01:04:57.298		0.83317			4
2025.02.14	01:05:00.088	0.83285				2
2025.02.14	01:05:00.405	0.83283				2
2025.02.14	01:05:02.026	0.83286	0.83305			6
2025.02.14	01:05:03.090	0.83283	0.83308			6
2025.02.14	01:05:03.597	0.83282				2
2025.02.14	01:05:04.225	0.83284	0.83318			6
2025.02.14	01:05:04.532	0.83283				2
2025.02.14	01:05:05.103	0.83284	0.83316			6
2025.02.14	01:05:05.406	0.83285	0.83322			6
2025.02.14	01:05:06.528	0.83284	0.83323			6
2025.02.14	01:05:08.997		0.83322			4
2025.02.14	01:05:10.458		0.83320			4
2025.02.14	01:05:12.548	0.83281	0.83323			6
2025.02.14	01:05:12.948	0.83287	0.83289			6
2025.02.14	01:05:14.775	0.83280	0.83323			6
2025.02.14	01:05:15.514	0.83286	0.83322			6
2025.02.14	01:05:29.011		0.83321			4
2025.02.14	01:05:33.093		0.83320			4
2025.02.14	01:05:42.304		0.83321			4
2025.02.14	01:05:45.598		0.83320			4
2025.02.14	01:05:51.063	0.83281				2
2025.02.14	01:05:53.381		0.83321			4
2025.02.14	01:05:58.900	0.83285	0.83320			6
2025.02.14	01:06:00.090	0.83285				2
2025.02.14	01:06:00.598		0.83321			4
2025.02.14	01:06:02.963		0.83320			4
2025.02.14	01:06:04.403		0.83319			4
2025.02.14	01:06:05.512		0.83290			4
2025.02.14	01:06:05.897		0.83293			4
2025.02.14	01:06:06.197	0.83286	0.83297			6
2025.02.14	01:06:06.830		0.83296			4
2025.02.14	01:06:09.614	0.83285				2
2025.02.14	01:06:12.344		0.83291			4
2025.02.14	01:06:13.463		0.83289			4
2025.02.14	01:06:13.862		0.83309			4
2025.02.14	01:06:14.725		0.83311			4
2025.02.14	01:06:16.157		0.83312			4
2025.02.14	01:06:18.724		0.83295			4
2025.02.14	01:06:20.196		0.83291			4
2025.02.14	01:06:20.503		0.83292			4
2025.02.14	01:06:22.126		0.83291			4
2025.02.14	01:06:24.399		0.83293			4
2025.02.14	01:06:25.387		0.83292			4
2025.02.14	01:06:25.725		0.83293			4
2025.02.14	01:06:27.424		0.83294			4
2025.02.14	01:06:28.272		0.83292			4
2025.02.14	01:06:28.656	0.83284	0.83290			6
2025.02.14	01:06:29.370	0.83285				2
2025.02.14	01:06:35.387		0.83292			4
2025.02.14	01:06:36.148		0.83291			4
2025.02.14	01:06:36.928		0.83292			4
2025.02.14	01:06:42.182		0.83293			4
2025.02.14	01:06:45.824		0.83292			4
2025.02.14	01:06:46.472		0.83294			4
2025.02.14	01:06:48.297		0.83291			4
2025.02.14	01:06:49.800		0.83292			4
2025.02.14	01:06:53.318		0.83291			4
2025.02.14	01:06:54.384		0.83290			4
2025.02.14	01:06:55.933		0.83292			4
2025.02.14	01:06:57.035		0.83291			4
2025.02.14	01:06:58.325		0.83290			4
2025.02.14	01:06:59.037		0.83291			4
2025.02.14	01:06:59.441		0.83290			4
2025.02.14	01:06:59.970		0.83291			4
2025.02.14	01:07:00.482	0.83285				2
2025.02.14	01:07:04.197		0.83293			4
2025.02.14	01:07:06.391		0.83295			4
2025.02.14	01:07:07.471		0.83292			4
2025.02.14	01:07:07.780		0.83291			4
2025.02.14	01:07:08.415		0.83290			4
2025.02.14	01:07:10.769		0.83289			4
2025.02.14	01:07:11.454		0.83302			4
2025.02.14	01:07:11.801	0.83287	0.83307			6
2025.02.14	01:07:12.644		0.83308			4
2025.02.14	01:07:15.804	0.83288				2
2025.02.14	01:07:16.122	0.83287	0.83303			6
2025.02.14	01:07:16.797	0.83286				2
2025.02.14	01:07:17.131		0.83304			4
2025.02.14	01:07:17.552		0.83303			4
2025.02.14	01:07:18.157		0.83300			4
2025.02.14	01:07:18.553	0.83287	0.83302			6
2025.02.14	01:07:19.334	0.83286				2
2025.02.14	01:07:21.251		0.83301			4
2025.02.14	01:07:21.599		0.83302			4
2025.02.14	01:07:22.348		0.83301			4
2025.02.14	01:07:23.701		0.83300			4
2025.02.14	01:07:24.354		0.83302			4
2025.02.14	01:07:24.693	0.83287	0.83299			6
2025.02.14	01:07:25.004	0.83284				2
2025.02.14	01:07:25.338		0.83297			4
2025.02.14	01:07:25.641		0.83303			4
2025.02.14	01:07:26.107	0.83285	0.83302			6
2025.02.14	01:07:27.767	0.83284	0.83300			6
2025.02.14	01:07:28.084		0.83298			4
2025.02.14	01:07:28.725	0.83283				2
2025.02.14	01:07:29.508	0.83286	0.83296			6
2025.02.14	01:07:29.915	0.83283				2
2025.02.14	01:07:31.222		0.83301			4
2025.02.14	01:07:31.657	0.83284				2
2025.02.14	01:07:35.481	0.83286	0.83306			6
2025.02.14	01:07:36.102	0.83283				2
2025.02.14	01:07:36.456	0.83286				2
2025.02.14	01:07:36.861	0.83283				2
2025.02.14	01:07:38.180	0.83284	0.83305			6
2025.02.14	01:07:39.367	0.83283	0.83306			6
2025.02.14	01:07:42.599		0.83305			4
2025.02.14	01:07:43.922		0.83306			4
2025.02.14	01:07:45.863	0.83282	0.83307			6
2025.02.14	01:07:48.877	0.83283				2
2025.02.14	01:07:50.543	0.83282				2
2025.02.14	01:07:52.935	0.83281	0.83308			6
2025.02.14	01:07:53.866	0.83282	0.83307			6
2025.02.14	01:07:59.296		0.83308			4
2025.02.14	01:08:00.379	0.83286	0.83302			6
2025.02.14	01:08:02.351	0.83287	0.83303			6
2025.02.14	01:08:05.936	0.83288	0.83306			6
2025.02.14	01:08:07.497	0.83287				2
2025.02.14	01:08:10.852		0.83307			4
2025.02.14	01:08:11.997	0.83286	0.83306			6
2025.02.14	01:08:13.324	0.83288	0.83307			6
2025.02.14	01:08:13.642	0.83289	0.83306			6
2025.02.14	01:08:14.997	0.83284	0.83310			6
2025.02.14	01:08:17.470	0.83285	0.83309			6
2025.02.14	01:08:18.549	0.83286	0.83307			6
2025.02.14	01:08:20.697	0.83285				2
2025.02.14	01:08:22.904		0.83308			4
2025.02.14	01:08:26.573	0.83282	0.83297			6
2025.02.14	01:08:26.877	0.83281				2
2025.02.14	01:08:27.199		0.83296			4
2025.02.14	01:08:27.885		0.83297			4
2025.02.14	01:08:28.199	0.83280				2
2025.02.14	01:08:29.908	0.83279	0.83296			6
2025.02.14	01:08:30.352	0.83280	0.83295			6
2025.02.14	01:08:32.383	0.83279	0.83296			6
2025.02.14	01:08:33.139	0.83278	0.83297			6
2025.02.14	01:08:34.268		0.83294			4
2025.02.14	01:08:34.595	0.83279	0.83293			6
2025.02.14	01:08:34.919		0.83294			4
2025.02.14	01:08:36.431		0.83295			4
2025.02.14	01:08:37.739	0.83280				2
2025.02.14	01:08:40.765	0.83278	0.83294			6
2025.02.14	01:08:41.187		0.83295			4
2025.02.14	01:08:41.522		0.83293			4
2025.02.14	01:08:42.395		0.83294			4
2025.02.14	01:08:42.914	0.83279				2
2025.02.14	01:08:45.467		0.83293			4
2025.02.14	01:08:45.782		0.83294			4
2025.02.14	01:08:46.557		0.83293			4
2025.02.14	01:08:46.870		0.83294			4
2025.02.14	01:08:49.913	0.83278				2
2025.02.14	01:08:50.628	0.83279	0.83295			6
2025.02.14	01:08:52.661		0.83294			4
2025.02.14	01:08:55.603		0.83293			4
2025.02.14	01:08:57.000	0.83278				2
2025.02.14	01:08:57.891	0.83279				2
2025.02.14	01:08:58.455		0.83294			4
2025.02.14	01:08:59.403		0.83293			4
2025.02.14	01:09:00.485	0.83277	0.83294			6
2025.02.14	01:09:01.379	0.83278				2
2025.02.14	01:09:02.580		0.83295			4
2025.02.14	01:09:02.976	0.83277				2
2025.02.14	01:09:03.298	0.83278				2
2025.02.14	01:09:05.228	0.83279				2
2025.02.14	01:09:05.761		0.83296			4
2025.02.14	01:09:06.380	0.83273	0.83291			6
2025.02.14	01:09:07.387	0.83274				2
2025.02.14	01:09:07.888		0.83292			4
2025.02.14	01:09:15.396		0.83291			4
2025.02.14	01:09:16.182		0.83292			4
2025.02.14	01:09:16.724	0.83275	0.83290			6
2025.02.14	01:09:17.988		0.83289			4
2025.02.14	01:09:18.336		0.83291			4
2025.02.14	01:09:20.063		0.83292			4
2025.02.14	01:09:20.964		0.83291			4
2025.02.14	01:09:21.849		0.83290			4
2025.02.14	01:09:22.197		0.83291			4
2025.02.14	01:09:23.383	0.83274	0.83292			6
2025.02.14	01:09:23.866		0.83291			4
2025.02.14	01:09:29.474	0.83275	0.83292			6
2025.02.14	01:09:30.663	0.83276				2
2025.02.14	01:09:32.648		0.83293			4
2025.02.14	01:09:33.722	0.83275				2
2025.02.14	01:09:34.860	0.83274	0.83292			6
2025.02.14	01:09:36.544	0.83275	0.83293			6
2025.02.14	01:09:36.935	0.83276				2
2025.02.14	01:09:39.072	0.83274				2
2025.02.14	01:09:39.391	0.83275				2
2025.02.14	01:09:40.965	0.83277	0.83291			6
2025.02.14	01:09:42.210		0.83290			4
2025.02.14	01:09:42.546	0.83276	0.83292			6
2025.02.14	01:09:42.849	0.83278	0.83291			6
2025.02.14	01:09:50.398	0.83277				2
2025.02.14	01:09:52.314	0.83278				2
2025.02.14	01:09:59.026	0.83277	0.83290			6
2025.02.14	01:10:00.345	0.83275	0.83288			6
2025.02.14	01:10:01.402	0.83274				2
2025.02.14	01:10:02.007		0.83286			4
2025.02.14	01:10:02.428	0.83272	0.83285			6
2025.02.14	01:10:04.654	0.83271				2
2025.02.14	01:10:04.981	0.83270	0.83284			6
2025.02.14	01:10:05.407	0.83269				2
2025.02.14	01:10:06.899		0.83283			4
2025.02.14	01:10:07.664		0.83281			4
2025.02.14	01:10:10.386	0.83270	0.83282			6
2025.02.14	01:10:12.753		0.83283			4
2025.02.14	01:10:22.461		0.83282			4
2025.02.14	01:10:25.383	0.83269				2
2025.02.14	01:10:28.497		0.83281			4
2025.02.14	01:10:31.202	0.83268				2
2025.02.14	01:10:31.994	0.83276	0.83290			6
2025.02.14	01:10:32.304	0.83275	0.83292			6
2025.02.14	01:10:32.631		0.83287			4
2025.02.14	01:10:33.563	0.83270	0.83285			6
2025.02.14	01:10:33.898	0.83273				2
2025.02.14	01:10:36.471	0.83272	0.83284			6
2025.02.14	01:10:42.569	0.83273				2
2025.02.14	01:10:45.604	0.83272				2
2025.02.14	01:10:54.002	0.83273				2
2025.02.14	01:11:00.473	0.83273				2
2025.02.14	01:11:03.768	0.83272				2
2025.02.14	01:11:04.753	0.83271	0.83285			6
2025.02.14	01:11:05.655	0.83270	0.83286			6
2025.02.14	01:11:06.484	0.83271				2
2025.02.14	01:11:07.404		0.83285			4
2025.02.14	01:11:08.763	0.83272				2
2025.02.14	01:11:10.768	0.83273	0.83284			6
2025.02.14	01:11:13.736	0.83272				2
2025.02.14	01:11:14.053	0.83275				2
2025.02.14	01:11:17.097		0.83285			4
2025.02.14	01:11:19.403	0.83273				2
2025.02.14	01:11:21.441		0.83284			4
2025.02.14	01:11:31.547	0.83275	0.83285			6
2025.02.14	01:11:34.913		0.83286			4
2025.02.14	01:11:35.586	0.83282	0.83301			6
2025.02.14	01:11:35.907	0.83278	0.83300			6
2025.02.14	01:11:36.210		0.83299			4
2025.02.14	01:11:36.541	0.83280				2
2025.02.14	01:11:36.863	0.83279	0.83298			6
2025.02.14	01:11:37.210		0.83296			4
2025.02.14	01:11:37.546		0.83300			4
2025.02.14	01:11:37.862		0.83296			4
2025.02.14	01:11:40.233		0.83297			4
2025.02.14	01:11:40.558		0.83296			4
2025.02.14	01:11:40.863		0.83297			4
2025.02.14	01:11:41.484		0.83296			4
2025.02.14	01:11:41.802	0.83280	0.83297			6
2025.02.14	01:11:42.446	0.83279	0.83296			6
2025.02.14	01:11:43.065		0.83297			4
2025.02.14	01:11:43.721	0.83280	0.83300			6
2025.02.14	01:11:44.024	0.83279	0.83298			6
2025.02.14	01:11:44.326		0.83297			4
2025.02.14	01:11:44.661		0.83298			4
2025.02.14	01:11:45.266		0.83297			4
2025.02.14	01:11:45.601		0.83298			4
2025.02.14	01:11:46.223		0.83297			4
2025.02.14	01:11:46.541		0.83299			4
2025.02.14	01:11:46.844	0.83282				2
2025.02.14	01:11:47.146		0.83296			4
2025.02.14	01:11:47.449		0.83299			4
2025.02.14	01:11:47.752		0.83297			4
2025.02.14	01:11:48.422		0.83299			4
2025.02.14	01:11:48.755	0.83283	0.83301			6
2025.02.14	01:11:49.091	0.83282	0.83298			6
2025.02.14	01:11:49.425	0.83283	0.83301			6
2025.02.14	01:11:49.744	0.83282	0.83302			6
2025.02.14	01:11:50.403		0.83299			4
2025.02.14	01:11:51.099		0.83301			4
2025.02.14	01:11:51.404		0.83303			4
2025.02.14	01:11:51.774		0.83302			4
2025.02.14	01:11:52.098		0.83300			4
2025.02.14	01:11:52.403		0.83301			4
2025.02.14	01:11:52.725		0.83299			4
2025.02.14	01:11:53.117	0.83283				2
2025.02.14	01:11:53.427	0.83282	0.83298			6
2025.02.14	01:11:53.743		0.83303			4
2025.02.14	01:11:54.101		0.83302			4
2025.02.14	01:11:54.458		0.83298			4
2025.02.14	01:11:54.794	0.83281	0.83296			6
2025.02.14	01:11:55.103	0.83282	0.83297			6
2025.02.14	01:11:55.406		0.83300			4
2025.02.14	01:11:55.715	0.83284	0.83298			6
2025.02.14	01:11:56.023	0.83285	0.83301			6
2025.02.14	01:11:56.338	0.83284	0.83303			6
2025.02.14	01:11:56.643		0.83300			4
2025.02.14	01:11:56.963		0.83299			4
2025.02.14	01:11:57.585		0.83302			4
2025.02.14	01:11:57.904		0.83301			4
2025.02.14	01:11:58.218		0.83302			4
2025.02.14	01:11:58.559		0.83299			4
2025.02.14	01:11:58.862		0.83302			4
2025.02.14	01:11:59.185		0.83304			4
2025.02.14	01:11:59.495		0.83299			4
2025.02.14	01:11:59.828		0.83301			4
2025.02.14	01:12:00.132	0.83284	0.83303			6
2025.02.14	01:12:00.445	0.83283	0.83300			6
2025.02.14	01:12:00.767		0.83302			4
2025.02.14	01:12:01.841		0.83299			4
2025.02.14	01:12:02.175		0.83303			4
2025.02.14	01:12:02.520		0.83302			4
2025.02.14	01:12:03.252		0.83299			4
2025.02.14	01:12:03.563	0.83284				2
2025.02.14	01:12:03.883	0.83285	0.83302			6
2025.02.14	01:12:04.190	0.83284	0.83298			6
2025.02.14	01:12:04.502	0.83283	0.83297			6
2025.02.14	01:12:04.823		0.83299			4
2025.02.14	01:12:05.133		0.83295			4
2025.02.14	01:12:05.449	0.83284	0.83298			6
2025.02.14	01:12:05.762	0.83283	0.83296			6
2025.02.14	01:12:06.382	0.83282	0.83299			6
2025.02.14	01:12:06.704	0.83283	0.83298			6
2025.02.14	01:12:07.010		0.83296			4
2025.02.14	01:12:07.323		0.83300			4
2025.02.14	01:12:07.624		0.83297			4
2025.02.14	01:12:09.298	0.83282	0.83295			6
2025.02.14	01:12:12.298	0.83283	0.83296			6
2025.02.14	01:12:13.216		0.83297			4
2025.02.14	01:12:16.197		0.83298			4
2025.02.14	01:12:19.200	0.83284				2
2025.02.14	01:12:20.696	0.83283	0.83297			6
2025.02.14	01:12:22.891		0.83296			4
2025.02.14	01:12:23.228	0.83282	0.83295			6
2025.02.14	01:12:24.645	0.83281	0.83296			6
2025.02.14	01:12:24.966	0.83282	0.83297			6
2025.02.14	01:12:26.691	0.83281	0.83299			6
2025.02.14	01:12:28.404		0.83298			4
2025.02.14	01:12:28.798		0.83299			4
2025.02.14	01:12:29.113	0.83284				2
2025.02.14	01:12:29.769		0.83300			4
2025.02.14	01:12:30.276		0.83299			4
2025.02.14	01:12:30.608	0.83285	0.83298			6
2025.02.14	01:12:31.161		0.83296			4
2025.02.14	01:12:31.885		0.83295			4
2025.02.14	01:12:32.221	0.83284				2
2025.02.14	01:12:32.698		0.83296			4
2025.02.14	01:12:33.133	0.83287	0.83300			6
2025.02.14	01:12:33.846		0.83302			4
2025.02.14	01:12:35.202	0.83288				2
2025.02.14	01:12:35.964	0.83285				2
2025.02.14	01:12:36.285		0.83301			4
2025.02.14	01:12:36.603		0.83302			4
2025.02.14	01:12:36.994	0.83284	0.83301			6
2025.02.14	01:12:37.304		0.83300			4
2025.02.14	01:12:38.140		0.83301			4
2025.02.14	01:12:40.965		0.83297			4
2025.02.14	01:12:42.347	0.83287	0.83306			6
2025.02.14	01:12:42.662	0.83283				2
2025.02.14	01:12:42.965		0.83303			4
2025.02.14	01:12:44.998		0.83302			4
2025.02.14	01:12:45.590	0.83285	0.83300			6
2025.02.14	01:12:45.901		0.83299			4
2025.02.14	01:12:46.252	0.83286				2
2025.02.14	01:12:46.564		0.83301			4
2025.02.14	01:12:46.978	0.83287	0.83302			6
2025.02.14	01:12:49.499		0.83303			4
2025.02.14	01:12:52.265		0.83304			4
2025.02.14	01:12:54.553		0.83305			4
2025.02.14	01:13:00.458	0.83287				2
2025.02.14	01:13:01.543		0.83306			4
2025.02.14	01:13:02.495		0.83304			4
2025.02.14	01:13:04.732		0.83305			4
2025.02.14	01:13:05.099		0.83306			4
2025.02.14	01:13:05.998		0.83308			4
2025.02.14	01:13:08.464		0.83307			4
2025.02.14	01:13:13.837	0.83288				2
2025.02.14	01:13:14.399		0.83306			4
2025.02.14	01:13:15.453		0.83309			4
2025.02.14	01:13:16.175	0.83289	0.83307			6
2025.02.14	01:13:16.485	0.83290	0.83304			6
2025.02.14	01:13:16.794	0.83289				2
2025.02.14	01:13:18.211		0.83307			4
2025.02.14	01:13:22.459		0.83306			4
2025.02.14	01:13:24.073		0.83305			4
2025.02.14	01:13:31.196		0.83306			4
2025.02.14	01:13:33.300		0.83309			4
2025.02.14	01:13:36.598		0.83310			4
2025.02.14	01:13:42.298		0.83311			4
2025.02.14	01:13:54.409	0.83290	0.83313			6
2025.02.14	01:13:54.743	0.83291	0.83310			6
2025.02.14	01:13:55.665		0.83312			4
2025.02.14	01:13:55.970	0.83292	0.83311			6
2025.02.14	01:13:56.999	0.83291				2
2025.02.14	01:13:57.682	0.83290	0.83312			6
2025.02.14	01:13:58.083	0.83292	0.83311			6
2025.02.14	01:14:00.375	0.83293	0.83315			6
2025.02.14	01:14:00.861	0.83292	0.83316			6
2025.02.14	01:14:01.292	0.83291	0.83315			6
2025.02.14	01:14:01.711	0.83292				2
2025.02.14	01:14:04.756	0.83293	0.83314			6
2025.02.14	01:14:05.175	0.83294				2
2025.02.14	01:14:06.460	0.83295	0.83313			6
2025.02.14	01:14:07.224	0.83297	0.83314			6
2025.02.14	01:14:10.047		0.83311			4
2025.02.14	01:14:10.696		0.83316			4
2025.02.14	01:14:11.961		0.83306			4
2025.02.14	01:14:20.721		0.83315			4
2025.02.14	01:14:21.780		0.83314			4
2025.02.14	01:14:23.221		0.83313			4
2025.02.14	01:14:23.525		0.83314			4
2025.02.14	01:14:26.997		0.83315			4
2025.02.14	01:14:32.508		0.83316			4
2025.02.14	01:14:32.849		0.83318			4
2025.02.14	01:14:33.611		0.83314			4
2025.02.14	01:14:34.010		0.83318			4
2025.02.14	01:14:34.858		0.83317			4
2025.02.14	01:14:35.400		0.83320			4
2025.02.14	01:14:36.628		0.83315			4
2025.02.14	01:14:37.027		0.83311			4
2025.02.14	01:14:37.336		0.83315			4
2025.02.14	01:14:39.086	0.83294	0.83304			6
2025.02.14	01:14:40.734	0.83292	0.83307			6
2025.02.14	01:14:41.205		0.83302			4
2025.02.14	01:14:46.206		0.83304			4
2025.02.14	01:14:46.524	0.83295	0.83308			6
2025.02.14	01:14:47.675		0.83309			4
2025.02.14	01:14:48.115		0.83314			4
2025.02.14	01:14:48.925	0.83292	0.83302			6
2025.02.14	01:14:49.728		0.83298			4
2025.02.14	01:14:54.831		0.83303			4
2025.02.14	01:14:55.204	0.83290	0.83300			6
2025.02.14	01:14:57.036	0.83287	0.83301			6
2025.02.14	01:14:59.804	0.83291	0.83310			6
2025.02.14	01:15:00.106	0.83292	0.83308			6
2025.02.14	01:15:00.412	0.83289	0.83302			6
2025.02.14	01:15:00.905	0.83288	0.83301			6
2025.02.14	01:15:02.751	0.83287	0.83299			6
2025.02.14	01:15:03.064	0.83285	0.83298			6
2025.02.14	01:15:03.383	0.83286	0.83299			6
2025.02.14	01:15:03.789		0.83297			4
2025.02.14	01:15:04.105	0.83299	0.83302			6
2025.02.14	01:15:04.407	0.83293	0.83301			6
2025.02.14	01:15:04.814	0.83294				2
2025.02.14	01:15:05.123	0.83292	0.83300			6
2025.02.14	01:15:05.433	0.83289	0.83296			6
2025.02.14	01:15:05.743	0.83288				2
2025.02.14	01:15:12.947	0.83289				2
2025.02.14	01:15:14.800	0.83288				2
2025.02.14	01:15:15.150	0.83289				2
2025.02.14	01:15:15.978	0.83290				2
2025.02.14	01:15:16.349	0.83287	0.83298			6
2025.02.14	01:15:17.396		0.83297			4
2025.02.14	01:15:17.702	0.83286				2
2025.02.14	01:15:18.554	0.83287				2
2025.02.14	01:15:18.861	0.83286	0.83298			6
2025.02.14	01:15:20.513	0.83289	0.83301			6
2025.02.14	01:15:21.193	0.83290				2
2025.02.14	01:15:23.113	0.83289	0.83300			6
2025.02.14	01:15:29.153	0.83291	0.83301			6
2025.02.14	01:15:29.454	0.83293	0.83302			6
2025.02.14	01:15:31.064	0.83292				2
2025.02.14	01:15:31.427	0.83293	0.83301			6
2025.02.14	01:15:32.753		0.83299			4
2025.02.14	01:15:36.941	0.83292	0.83298			6
2025.02.14	01:15:45.977	0.83291				2
2025.02.14	01:15:46.377	0.83290	0.83297			6
2025.02.14	01:16:00.239	0.83290				2
2025.02.14	01:16:01.315	0.83288	0.83295			6
2025.02.14	01:16:01.623	0.83289				2
2025.02.14	01:16:03.268	0.83290				2
2025.02.14	01:16:05.346		0.83294			4
2025.02.14	01:16:05.648		0.83293			4
2025.02.14	01:16:06.310	0.83291	0.83296			6
2025.02.14	01:16:06.619	0.83290				2
2025.02.14	01:16:06.924		0.83297			4
2025.02.14	01:16:07.253	0.83291				2
2025.02.14	01:16:09.708	0.83290	0.83296			6
2025.02.14	01:16:10.009	0.83291	0.83297			6
2025.02.14	01:16:10.355	0.83289	0.83295			6
2025.02.14	01:16:10.822		0.83294			4
2025.02.14	01:16:15.129		0.83296			4
2025.02.14	01:16:16.412	0.83285	0.83295			6
2025.02.14	01:16:16.720		0.83296			4
2025.02.14	01:16:18.254		0.83295			4
2025.02.14	01:16:19.487	0.83284	0.83294			6
2025.02.14	01:16:26.972	0.83283	0.83295			6
2025.02.14	01:16:28.134		0.83294			4
2025.02.14	01:16:31.304	0.83288	0.83296			6
2025.02.14	01:16:31.633		0.83294			4
2025.02.14	01:16:31.956		0.83293			4
2025.02.14	01:16:33.058	0.83287				2
2025.02.14	01:16:33.362		0.83294			4
2025.02.14	01:16:34.043		0.83293			4
2025.02.14	01:16:34.452		0.83294			4
2025.02.14	01:16:35.352		0.83293			4
2025.02.14	01:16:35.677		0.83294			4
2025.02.14	01:16:39.813	0.83288				2
2025.02.14	01:16:40.130	0.83287	0.83293			6
2025.02.14	01:16:40.643		0.83292			4
2025.02.14	01:16:41.031	0.83288	0.83293			6
2025.02.14	01:16:41.350		0.83294			4
2025.02.14	01:16:41.695		0.83293			4
2025.02.14	01:16:42.077		0.83294			4
2025.02.14	01:16:44.848	0.83289				2
2025.02.14	01:16:46.312	0.83287				2
2025.02.14	01:16:49.001	0.83289	0.83295			6
2025.02.14	01:16:53.136		0.83294			4
2025.02.14	01:16:53.458		0.83295			4
2025.02.14	01:16:53.782		0.83294			4
2025.02.14	01:16:54.346		0.83295			4
2025.02.14	01:16:57.026		0.83294			4
2025.02.14	01:16:57.402		0.83295			4
2025.02.14	01:16:57.922		0.83293			4
2025.02.14	01:16:58.340	0.83287				2
2025.02.14	01:16:58.643		0.83292			4
2025.02.14	01:16:59.092	0.83286				2
2025.02.14	01:17:00.210	0.83285	0.83291			6
2025.02.14	01:17:01.283	0.83286				2
2025.02.14	01:17:01.676	0.83287	0.83292			6
2025.02.14	01:17:02.057	0.83286				2
2025.02.14	01:17:02.374		0.83291			4
2025.02.14	01:17:04.709	0.83284	0.83289			6
2025.02.14	01:17:05.024	0.83283	0.83288			6
2025.02.14	01:17:07.334	0.83284				2
2025.02.14	01:17:08.061		0.83289			4
2025.02.14	01:17:09.946	0.83285				2
2025.02.14	01:17:10.294	0.83286				2
2025.02.14	01:17:12.189	0.83285				2
2025.02.14	01:17:13.042	0.83286				2
2025.02.14	01:17:16.206	0.83284	0.83290			6
2025.02.14	01:17:16.690	0.83286	0.83292			6
2025.02.14	01:17:16.993	0.83288	0.83294			6
2025.02.14	01:17:17.740	0.83287	0.83293			6
2025.02.14	01:17:20.001	0.83285	0.83291			6
2025.02.14	01:17:20.308	0.83284	0.83290			6
2025.02.14	01:17:21.559		0.83286			4
2025.02.14	01:17:22.086	0.83283	0.83285			6
2025.02.14	01:17:22.792	0.83280	0.83286			6
2025.02.14	01:17:31.456	0.83282	0.83283			6
2025.02.14	01:17:46.378	0.83280	0.83282			6
2025.02.14	01:17:48.562	0.83281				2
2025.02.14	01:17:48.864	0.83282	0.83283			6
2025.02.14	01:17:54.038	0.83283	0.83284			6
2025.02.14	01:17:55.612	0.83282	0.83283			6
2025.02.14	01:17:56.055	0.83283	0.83284			6
2025.02.14	01:17:57.791	0.83284	0.83285			6
2025.02.14	01:17:58.683	0.83283	0.83284			6
2025.02.14	01:17:59.161	0.83284	0.83285			6
2025.02.14	01:18:00.556	0.83284				2
2025.02.14	01:18:01.772	0.83283	0.83284			6
2025.02.14	01:18:05.468	0.83284	0.83288			6
2025.02.14	01:18:14.372	0.83283				2
2025.02.14	01:18:18.698	0.83284				2
2025.02.14	01:18:24.065	0.83285				2
2025.02.14	01:18:31.819	0.83284				2
2025.02.14	01:18:33.478	0.83282	0.83286			6
2025.02.14	01:18:38.764	0.83281				2
2025.02.14	01:18:40.964	0.83282	0.83285			6
2025.02.14	01:18:44.748	0.83281				2
2025.02.14	01:18:47.170	0.83282				2
2025.02.14	01:18:47.732	0.83281				2
2025.02.14	01:18:48.813	0.83282				2
2025.02.14	01:18:49.219	0.83281				2
2025.02.14	01:18:53.204	0.83282				2
2025.02.14	01:18:58.735	0.83283				2
2025.02.14	01:18:59.387	0.83282				2
2025.02.14	01:19:01.294	0.83282				2
2025.02.14	01:19:05.413	0.83281				2
2025.02.14	01:19:14.944		0.83284			4
2025.02.14	01:19:15.743		0.83285			4
2025.02.14	01:19:16.797	0.83282				2
2025.02.14	01:19:17.377	0.83281				2
2025.02.14	01:19:23.608		0.83284			4
2025.02.14	01:19:28.653	0.83282	0.83286			6
2025.02.14	01:19:35.713	0.83281	0.83285			6
2025.02.14	01:19:40.959	0.83282				2
2025.02.14	01:19:48.061	0.83279	0.83282			6
2025.02.14	01:19:48.617		0.83283			4
2025.02.14	01:19:52.405		0.83282			4
2025.02.14	01:20:00.937	0.83276	0.83280			6
2025.02.14	01:20:05.088	0.83277				2
2025.02.14	01:20:05.458	0.83276				2
2025.02.14	01:20:14.322	0.83277				2
2025.02.14	01:20:14.968	0.83276				2
2025.02.14	01:20:15.370	0.83278	0.83281			6
2025.02.14	01:20:15.894	0.83279				2
2025.02.14	01:20:16.883	0.83278				2
2025.02.14	01:20:18.358	0.83279	0.83282			6
2025.02.14	01:20:18.703	0.83278				2
2025.02.14	01:20:19.372	0.83279				2
2025.02.14	01:20:20.078		0.83281			4
2025.02.14	01:20:22.379	0.83278				2
2025.02.14	01:20:22.684	0.83279				2
2025.02.14	01:20:22.990	0.83278				2
2025.02.14	01:20:23.318	0.83279				2
2025.02.14	01:20:30.268	0.83278				2
2025.02.14	01:20:30.643		0.83279			4
2025.02.14	01:20:32.434	0.83277	0.83278			6
2025.02.14	01:20:38.347	0.83275	0.83276			6
2025.02.14	01:20:38.662	0.83272	0.83273			6
2025.02.14	01:21:00.369	0.83272				2
2025.02.14	01:21:03.022		0.83274			4
2025.02.14	01:21:21.827		0.83275			4
2025.02.14	01:21:22.598		0.83274			4
2025.02.14	01:21:28.895		0.83273			4
2025.02.14	01:21:29.451		0.83274			4
2025.02.14	01:21:35.105	0.83271	0.83273			6
2025.02.14	01:21:37.159		0.83274			4
2025.02.14	01:21:37.846		0.83273			4
2025.02.14	01:21:47.230	0.83270	0.83272			6
2025.02.14	01:21:48.209		0.83273			4
2025.02.14	01:21:50.313	0.83271				2
2025.02.14	01:21:50.637		0.83274			4
2025.02.14	01:21:51.891		0.83273			4
2025.02.14	01:21:52.340		0.83274			4
2025.02.14	01:22:00.503	0.83271				2
2025.02.14	01:22:01.027		0.83273			4
2025.02.14	01:22:02.743	0.83270				2
2025.02.14	01:22:06.555	0.83271				2
2025.02.14	01:22:06.863	0.83270				2
2025.02.14	01:22:08.849	0.83271				2
2025.02.14	01:22:09.224		0.83274			4
2025.02.14	01:22:09.747		0.83273			4
2025.02.14	01:22:10.556		0.83274			4
2025.02.14	01:22:32.963	0.83272	0.83275			6
2025.02.14	01:22:33.284	0.83274	0.83277			6
2025.02.14	01:22:33.656		0.83276			4
2025.02.14	01:22:37.197	0.83276	0.83279			6
2025.02.14	01:22:37.504	0.83277	0.83280			6
2025.02.14	01:22:38.023	0.83276	0.83279			6
2025.02.14	01:22:38.332	0.83275	0.83277			6
2025.02.14	01:22:38.702		0.83278			4
2025.02.14	01:22:39.543		0.83277			4
2025.02.14	01:22:41.800	0.83273	0.83275			6
2025.02.14	01:22:44.665	0.83272	0.83274			6
2025.02.14	01:22:45.073	0.83271	0.83273			6
2025.02.14	01:22:45.545	0.83272	0.83274			6
2025.02.14	01:23:00.108	0.83272				2
2025.02.14	01:23:00.425	0.83267	0.83268			6
2025.02.14	01:23:00.744		0.83269			4
2025.02.14	01:23:01.881		0.83268			4
2025.02.14	01:23:14.403	0.83266				2
2025.02.14	01:23:34.161	0.83265	0.83267			6
2025.02.14	01:23:34.478	0.83266	0.83268			6
2025.02.14	01:23:34.911	0.83263	0.83265			6
2025.02.14	01:23:38.421		0.83264			4
2025.02.14	01:23:41.902		0.83265			4
2025.02.14	01:23:54.519	0.83262	0.83264			6
2025.02.14	01:24:00.461	0.83262				2
2025.02.14	01:24:24.182	0.83264	0.83265			6
2025.02.14	01:24:25.371	0.83266	0.83268			6
2025.02.14	01:24:27.877	0.83268	0.83269			6
2025.02.14	01:24:28.806	0.83266	0.83268			6
2025.02.14	01:24:46.466	0.83267	0.83269			6
2025.02.14	01:24:47.573	0.83269	0.83271			6
2025.02.14	01:24:47.883	0.83270	0.83272			6
2025.02.14	01:25:00.519	0.83271				2
2025.02.14	01:25:00.843		0.83273			4
2025.02.14	01:25:01.217	0.83270	0.83271			6
2025.02.14	01:25:04.118	0.83269	0.83270			6
2025.02.14	01:25:05.011	0.83268				2
2025.02.14	01:25:14.098		0.83271			4
2025.02.14	01:25:14.446		0.83270			4
2025.02.14	01:25:18.285		0.83271			4
2025.02.14	01:25:18.653		0.83270			4
2025.02.14	01:25:26.146		0.83271			4
2025.02.14	01:25:26.446		0.83270			4
2025.02.14	01:25:26.773		0.83271			4
2025.02.14	01:25:27.137		0.83270			4
2025.02.14	01:25:51.063		0.83269			4
2025.02.14	01:25:58.627	0.83267				2
2025.02.14	01:25:58.955		0.83268			4
2025.02.14	01:26:00.357	0.83267				2
2025.02.14	01:26:03.921		0.83269			4
2025.02.14	01:26:06.070		0.83268			4
2025.02.14	01:26:36.907	0.83266	0.83269			6
2025.02.14	01:26:37.224		0.83268			4
2025.02.14	01:26:44.843	0.83267	0.83271			6
2025.02.14	01:26:45.145		0.83269			4
2025.02.14	01:26:45.476		0.83270			4
2025.02.14	01:26:55.810		0.83269			4
2025.02.14	01:26:58.941		0.83270			4
2025.02.14	01:27:00.103	0.83267				2
2025.02.14	01:27:00.458		0.83268			4
2025.02.14	01:27:00.814		0.83269			4
2025.02.14	01:27:11.743		0.83268			4
2025.02.14	01:27:21.373		0.83269			4
2025.02.14	01:27:23.654		0.83268			4
2025.02.14	01:27:28.173		0.83269			4
2025.02.14	01:27:39.680		0.83268			4
2025.02.14	01:27:48.471		0.83269			4
2025.02.14	01:27:52.130	0.83265	0.83266			6
2025.02.14	01:27:52.938		0.83267			4
2025.02.14	01:27:53.295		0.83268			4
2025.02.14	01:27:53.663	0.83266	0.83267			6
2025.02.14	01:27:55.082	0.83263	0.83265			6
2025.02.14	01:27:55.393	0.83264				2
2025.02.14	01:27:55.729		0.83266			4
2025.02.14	01:27:56.032		0.83265			4
2025.02.14	01:27:56.361		0.83268			4
2025.02.14	01:27:59.323	0.83266				2
2025.02.14	01:28:00.073	0.83267				2
2025.02.14	01:28:08.514	0.83266	0.83267			6
2025.02.14	01:28:14.518	0.83265				2
2025.02.14	01:28:14.822	0.83263	0.83266			6
2025.02.14	01:28:15.273		0.83267			4
2025.02.14	01:28:18.081	0.83262				2
2025.02.14	01:28:20.922	0.83263	0.83264			6
2025.02.14	01:28:21.499		0.83265			4
2025.02.14	01:28:23.329	0.83264				2
2025.02.14	01:28:27.789	0.83265	0.83267			6
2025.02.14	01:28:28.338	0.83266				2
2025.02.14	01:28:29.171	0.83264	0.83265			6
2025.02.14	01:28:29.501		0.83266			4
2025.02.14	01:28:29.870	0.83265				2
2025.02.14	01:28:31.162	0.83264	0.83265			6
2025.02.14	01:28:33.466	0.83266	0.83269			6
2025.02.14	01:28:34.766	0.83267	0.83268			6
2025.02.14	01:28:35.540	0.83265	0.83267			6
2025.02.14	01:28:36.199	0.83266	0.83268			6
2025.02.14	01:28:38.512	0.83267				2
2025.02.14	01:28:46.056	0.83266	0.83270			6
2025.02.14	01:28:48.500	0.83268				2
2025.02.14	01:28:49.844	0.83260	0.83262			6
2025.02.14	01:28:50.149		0.83263			4
2025.02.14	01:28:50.458	0.83257	0.83259			6
2025.02.14	01:28:50.816	0.83258				2
2025.02.14	01:28:52.982	0.83256				2
2025.02.14	01:28:53.732	0.83257				2
2025.02.14	01:28:55.980		0.83258			4
2025.02.14	01:28:57.635	0.83255	0.83260			6
2025.02.14	01:28:58.437	0.83256	0.83259			6
2025.02.14	01:28:58.743		0.83260			4
2025.02.14	01:28:59.506	0.83255				2
2025.02.14	01:29:00.596	0.83255				2
2025.02.14	01:29:02.971	0.83254	0.83258			6
2025.02.14	01:29:03.302	0.83253				2
2025.02.14	01:29:04.241	0.83254				2
2025.02.14	01:29:10.088		0.83255			4
2025.02.14	01:29:10.435		0.83256			4
2025.02.14	01:29:16.238	0.83255				2
2025.02.14	01:29:23.316	0.83256	0.83258			6
2025.02.14	01:29:24.076	0.83257				2
2025.02.14	01:29:32.976	0.83256	0.83257			6
2025.02.14	01:29:42.091		0.83258			4
2025.02.14	01:29:48.999	0.83257				2
2025.02.14	01:29:55.154	0.83258	0.83261			6
2025.02.14	01:29:57.959	0.83256	0.83259			6
2025.02.14	01:29:58.655	0.83258	0.83261			6
2025.02.14	01:30:00.168	0.83258				2
2025.02.14	01:30:00.483	0.83261	0.83262			6
2025.02.14	01:30:00.802		0.83263			4
2025.02.14	01:30:01.157	0.83262				2
2025.02.14	01:30:01.478	0.83261				2
2025.02.14	01:30:02.172	0.83262	0.83264			6
2025.02.14	01:30:04.026	0.83261	0.83263			6
2025.02.14	01:30:06.387	0.83262				2
2025.02.14	01:30:07.771		0.83264			4
2025.02.14	01:30:08.951	0.83261	0.83263			6
2025.02.14	01:30:09.566	0.83266	0.83269			6
2025.02.14	01:30:21.477	0.83264	0.83265			6
2025.02.14	01:30:35.175	0.83262				2
2025.02.14	01:30:39.870		0.83264			4
2025.02.14	01:30:44.809	0.83260	0.83261			6
2025.02.14	01:30:45.250		0.83264			4
2025.02.14	01:30:45.554		0.83262			4
2025.02.14	01:30:51.036		0.83261			4
2025.02.14	01:30:51.357	0.83259				2
2025.02.14	01:31:00.013	0.83259				2
2025.02.14	01:31:02.457	0.83260	0.83262			6
2025.02.14	01:31:42.332	0.83258	0.83261			6
2025.02.14	01:31:42.645	0.83257	0.83259			6
2025.02.14	01:31:43.263		0.83260			4
2025.02.14	01:31:43.572	0.83258	0.83259			6
2025.02.14	01:31:49.876	0.83257				2
2025.02.14	01:31:55.164		0.83258			4
2025.02.14	01:31:59.237		0.83259			4
2025.02.14	01:32:00.031	0.83257				2
2025.02.14	01:32:12.645		0.83258			4
2025.02.14	01:32:15.319		0.83259			4
2025.02.14	01:32:19.431	0.83258				2
2025.02.14	01:32:19.991	0.83257				2
2025.02.14	01:32:30.698		0.83258			4
2025.02.14	01:32:31.975	0.83258	0.83260			6
2025.02.14	01:32:32.364	0.83259				2
2025.02.14	01:32:33.030	0.83260	0.83262			6
2025.02.14	01:32:33.794	0.83261				2
2025.02.14	01:32:34.699	0.83262	0.83263			6
2025.02.14	01:32:35.982	0.83261				2
2025.02.14	01:32:44.469	0.83262				2
2025.02.14	01:32:51.783		0.83264			4
2025.02.14	01:32:52.496		0.83263			4
2025.02.14	01:32:58.191	0.83261	0.83262			6
2025.02.14	01:32:58.596	0.83262	0.83263			6
2025.02.14	01:32:58.982	0.83261				2
2025.02.14	01:33:00.556	0.83260	0.83264			6
2025.02.14	01:33:07.414	0.83262				2
2025.02.14	01:33:32.080		0.83265			4
2025.02.14	01:33:32.382	0.83263	0.83264			6
2025.02.14	01:33:45.639	0.83262	0.83266			6
2025.02.14	01:33:48.091		0.83267			4
2025.02.14	01:33:49.040		0.83266			4
2025.02.14	01:33:53.174	0.83263	0.83265			6
2025.02.14	01:33:53.596	0.83262	0.83264			6
2025.02.14	01:34:00.499	0.83262				2
2025.02.14	01:34:02.670	0.83261	0.83266			6
2025.02.14	01:34:04.083	0.83260	0.83263			6
2025.02.14	01:34:04.404	0.83262				2
2025.02.14	01:34:16.567		0.83264			4
2025.02.14	01:34:19.454		0.83266			4
2025.02.14	01:34:19.827		0.83264			4
2025.02.14	01:34:38.798	0.83261	0.83265			6
2025.02.14	01:34:40.400	0.83262	0.83264			6
2025.02.14	01:34:41.206	0.83261	0.83265			6
2025.02.14	01:34:41.724	0.83262	0.83264			6
2025.02.14	01:34:42.225	0.83261	0.83265			6
2025.02.14	01:34:43.413	0.83260	0.83264			6
2025.02.14	01:34:45.633		0.83263			4
2025.02.14	01:34:47.132		0.83264			4
2025.02.14	01:34:47.499	0.83259	0.83260			6
2025.02.14	01:34:48.242	0.83258				2
2025.02.14	01:34:54.350	0.83257	0.83259			6
2025.02.14	01:34:57.402	0.83258				2
2025.02.14	01:35:02.427	0.83258				2
2025.02.14	01:35:05.443	0.83257				2
2025.02.14	01:35:08.701		0.83258			4
2025.02.14	01:35:23.057	0.83255	0.83257			6
2025.02.14	01:35:30.117		0.83256			4
2025.02.14	01:35:30.653	0.83254				2
2025.02.14	01:35:34.500		0.83255			4
2025.02.14	01:35:37.792	0.83255	0.83256			6
2025.02.14	01:35:38.165		0.83257			4
2025.02.14	01:35:39.040		0.83256			4
2025.02.14	01:35:39.372	0.83254				2
2025.02.14	01:35:40.356		0.83255			4
2025.02.14	01:35:41.521	0.83257	0.83258			6
2025.02.14	01:35:43.540	0.83256				2
2025.02.14	01:35:54.173		0.83257			4
2025.02.14	01:35:56.981	0.83255				2
2025.02.14	01:36:00.196	0.83255	0.83256			6
2025.02.14	01:36:02.774	0.83254	0.83255			6
2025.02.14	01:36:14.652	0.83256	0.83257			6
2025.02.14	01:36:35.398	0.83257	0.83258			6
2025.02.14	01:36:42.841		0.83259			4
2025.02.14	01:36:43.152	0.83256	0.83258			6
2025.02.14	01:36:47.571		0.83257			4
2025.02.14	01:36:52.229	0.83255				2
2025.02.14	01:37:00.403	0.83256				2
2025.02.14	01:37:01.066	0.83255				2
2025.02.14	01:37:01.406		0.83256			4
2025.02.14	01:37:05.034		0.83257			4
2025.02.14	01:37:05.569		0.83256			4
2025.02.14	01:37:07.773	0.83254				2
2025.02.14	01:37:08.364	0.83255				2
2025.02.14	01:37:12.831	0.83254	0.83255			6
2025.02.14	01:37:14.156		0.83256			4
2025.02.14	01:37:14.974		0.83255			4
2025.02.14	01:37:15.400	0.83253				2
2025.02.14	01:37:27.968	0.83254				2
2025.02.14	01:37:32.610	0.83253	0.83254			6
2025.02.14	01:37:37.797	0.83252				2
2025.02.14	01:37:40.428	0.83253				2
2025.02.14	01:37:41.133	0.83252				2
2025.02.14	01:37:46.017	0.83253				2
2025.02.14	01:37:47.439	0.83252	0.83253			6
2025.02.14	01:37:50.432		0.83254			4
2025.02.14	01:37:51.126		0.83253			4
2025.02.14	01:37:52.604	0.83251				2
2025.02.14	01:37:52.965	0.83252				2
2025.02.14	01:37:57.034	0.83259	0.83260			6
2025.02.14	01:37:57.341	0.83260	0.83261			6
2025.02.14	01:37:57.644	0.83259	0.83260			6
2025.02.14	01:37:59.313	0.83260	0.83262			6
2025.02.14	01:37:59.630	0.83261	0.83263			6
2025.02.14	01:38:00.018	0.83261				2
2025.02.14	01:38:02.698	0.83262				2
2025.02.14	01:38:03.057	0.83258	0.83260			6
2025.02.14	01:38:09.801	0.83261	0.83262			6
2025.02.14	01:38:10.103	0.83263	0.83264			6
2025.02.14	01:38:10.454	0.83262				2
2025.02.14	01:38:12.555	0.83263	0.83265			6
2025.02.14	01:38:34.774	0.83267	0.83268			6
2025.02.14	01:38:35.105		0.83269			4
2025.02.14	01:38:35.458	0.83269	0.83271			6
2025.02.14	01:38:35.774	0.83270				2
2025.02.14	01:38:40.653	0.83265	0.83266			6
2025.02.14	01:38:40.963	0.83268	0.83269			6
2025.02.14	01:38:41.334	0.83266	0.83267			6
2025.02.14	01:38:44.758	0.83265	0.83266			6
2025.02.14	01:38:54.782	0.83264	0.83265			6
2025.02.14	01:38:56.491	0.83267	0.83268			6
2025.02.14	01:38:58.442	0.83268	0.83269			6
2025.02.14	01:39:00.037	0.83267				2
2025.02.14	01:39:00.480	0.83266	0.83268			6
2025.02.14	01:39:03.157		0.83267			4
2025.02.14	01:39:04.926	0.83265				2
2025.02.14	01:39:06.356	0.83266				2
2025.02.14	01:39:07.629	0.83265				2
2025.02.14	01:39:08.208	0.83264	0.83265			6
2025.02.14	01:39:08.622		0.83267			4
2025.02.14	01:39:08.991	0.83265	0.83266			6
2025.02.14	01:39:10.288	0.83264	0.83265			6
2025.02.14	01:39:13.201		0.83266			4
2025.02.14	01:39:14.397		0.83265			4
2025.02.14	01:39:15.362	0.83263	0.83264			6
2025.02.14	01:39:17.995		0.83265			4
2025.02.14	01:39:18.993		0.83264			4
2025.02.14	01:39:21.047	0.83270	0.83271			6
2025.02.14	01:39:22.476	0.83272	0.83273			6
2025.02.14	01:39:22.798	0.83271	0.83272			6
2025.02.14	01:39:24.366	0.83270	0.83271			6
2025.02.14	01:39:24.983	0.83269	0.83270			6
2025.02.14	01:39:28.668	0.83264	0.83265			6
2025.02.14	01:39:29.038	0.83263	0.83264			6
2025.02.14	01:39:48.663	0.83264	0.83266			6
2025.02.14	01:39:49.312		0.83265			4
2025.02.14	01:39:50.356		0.83266			4
2025.02.14	01:39:50.717		0.83265			4
2025.02.14	01:39:52.504		0.83266			4
2025.02.14	01:39:53.281	0.83265				2
2025.02.14	01:39:54.846	0.83266	0.83268			6
2025.02.14	01:39:56.248	0.83267	0.83270			6
2025.02.14	01:39:56.908		0.83269			4
2025.02.14	01:39:58.935	0.83268	0.83270			6
2025.02.14	01:40:00.307	0.83267				2
2025.02.14	01:40:02.109	0.83268				2
2025.02.14	01:40:03.313		0.83269			4
2025.02.14	01:40:04.349		0.83270			4
2025.02.14	01:40:07.258		0.83269			4
2025.02.14	01:40:07.564	0.83267				2
2025.02.14	01:40:07.880	0.83266				2
2025.02.14	01:40:08.240	0.83267				2
2025.02.14	01:40:13.284	0.83268				2
2025.02.14	01:40:13.978	0.83267	0.83271			6
2025.02.14	01:40:14.309	0.83268	0.83269			6
2025.02.14	01:40:18.758	0.83267				2
2025.02.14	01:40:26.380	0.83268				2
2025.02.14	01:40:36.260	0.83266	0.83267			6
2025.02.14	01:40:37.447	0.83267	0.83268			6
2025.02.14	01:40:38.343	0.83266	0.83267			6
2025.02.14	01:40:42.459	0.83264	0.83265			6
2025.02.14	01:40:42.764	0.83263	0.83264			6
2025.02.14	01:40:47.776	0.83262	0.83263			6
2025.02.14	01:41:00.175	0.83262				2
2025.02.14	01:41:04.530	0.83261	0.83262			6
2025.02.14	01:41:05.441		0.83263			4
2025.02.14	01:41:08.151	0.83262				2
2025.02.14	01:41:16.874	0.83263	0.83265			6
2025.02.14	01:41:19.021	0.83265	0.83266			6
2025.02.14	01:41:19.326		0.83267			4
2025.02.14	01:41:19.644	0.83266				2
2025.02.14	01:41:20.729	0.83267	0.83268			6
2025.02.14	01:41:23.880	0.83269	0.83270			6
2025.02.14	01:41:26.649	0.83267	0.83268			6
2025.02.14	01:41:27.023	0.83268	0.83269			6
2025.02.14	01:41:30.807	0.83267	0.83268			6
2025.02.14	01:41:38.966	0.83266	0.83267			6
2025.02.14	01:41:39.578	0.83267	0.83268			6
2025.02.14	01:41:39.881		0.83269			4
2025.02.14	01:41:40.770		0.83268			4
2025.02.14	01:41:45.924	0.83268	0.83269			6
2025.02.14	01:41:46.236	0.83267				2
2025.02.14	01:41:46.961	0.83268				2
2025.02.14	01:41:47.265	0.83267				2
2025.02.14	01:41:50.285	0.83272	0.83273			6
2025.02.14	01:41:50.604	0.83273	0.83274			6
2025.02.14	01:41:50.986	0.83275	0.83276			6
2025.02.14	01:41:51.631	0.83277	0.83278			6
2025.02.14	01:41:51.943	0.83276	0.83277			6
2025.02.14	01:41:56.092	0.83274	0.83275			6
2025.02.14	01:41:56.454	0.83273				2
2025.02.14	01:41:58.274	0.83274				2
2025.02.14	01:42:00.486	0.83273	0.83274			6
2025.02.14	01:42:01.051	0.83272				2
2025.02.14	01:42:03.496	0.83271	0.83272			6
2025.02.14	01:42:03.803	0.83269	0.83270			6
2025.02.14	01:42:05.132	0.83270	0.83271			6
2025.02.14	01:42:06.898	0.83269	0.83270			6
2025.02.14	01:42:08.003	0.83268				2
2025.02.14	01:42:11.092	0.83269				2
2025.02.14	01:42:12.347	0.83268				2
2025.02.14	01:42:12.659		0.83269			4
2025.02.14	01:42:14.979		0.83270			4
2025.02.14	01:42:16.639		0.83269			4
2025.02.14	01:42:27.121		0.83270			4
2025.02.14	01:42:46.725	0.83269				2
2025.02.14	01:42:47.098	0.83270	0.83271			6
2025.02.14	01:42:49.663	0.83271	0.83273			6
2025.02.14	01:42:50.354	0.83269	0.83270			6
2025.02.14	01:42:50.940	0.83268				2
2025.02.14	01:42:51.731	0.83269				2
2025.02.14	01:42:56.862	0.83270	0.83271			6
2025.02.14	01:42:58.306	0.83269				2
2025.02.14	01:43:01.114	0.83269	0.83270			6
2025.02.14	01:43:01.532	0.83268				2
2025.02.14	01:43:06.364	0.83269				2
2025.02.14	01:43:17.915	0.83273	0.83275			6
2025.02.14	01:43:18.231	0.83274				2
2025.02.14	01:43:21.056		0.83276			4
2025.02.14	01:43:21.364		0.83275			4
2025.02.14	01:43:22.204		0.83276			4
2025.02.14	01:43:22.734		0.83275			4
2025.02.14	01:43:25.296	0.83275	0.83276			6
2025.02.14	01:43:28.408	0.83274	0.83275			6
2025.02.14	01:43:29.885		0.83276			4
2025.02.14	01:43:30.395		0.83275			4
2025.02.14	01:43:31.103	0.83273				2
2025.02.14	01:43:40.361	0.83269	0.83270			6
2025.02.14	01:43:40.663	0.83268	0.83269			6
2025.02.14	01:43:41.853	0.83265	0.83267			6
2025.02.14	01:43:42.164		0.83266			4
2025.02.14	01:43:44.128	0.83266	0.83267			6
2025.02.14	01:43:44.502	0.83267	0.83268			6
2025.02.14	01:43:44.811	0.83266	0.83267			6
2025.02.14	01:43:45.259	0.83265	0.83266			6
2025.02.14	01:43:45.941		0.83267			4
2025.02.14	01:43:48.076	0.83266				2
2025.02.14	01:44:00.083	0.83266				2
2025.02.14	01:44:05.455	0.83268	0.83269			6
2025.02.14	01:44:09.969	0.83269	0.83270			6
2025.02.14	01:44:24.352		0.83271			4
2025.02.14	01:44:40.552		0.83270			4
2025.02.14	01:44:42.730		0.83271			4
2025.02.14	01:44:45.741	0.83271	0.83272			6
2025.02.14	01:44:46.084	0.83272	0.83273			6
2025.02.14	01:44:50.771	0.83273	0.83275			6
2025.02.14	01:44:51.125	0.83274				2
2025.02.14	01:45:00.757	0.83273				2
2025.02.14	01:45:02.682	0.83271	0.83272			6
2025.02.14	01:45:03.009	0.83270				2
2025.02.14	01:45:03.409		0.83271			4
2025.02.14	01:45:03.756	0.83269	0.83270			6
2025.02.14	01:45:06.572		0.83271			4
2025.02.14	01:45:09.571	0.83271	0.83272			6
2025.02.14	01:45:10.882	0.83273	0.83275			6
2025.02.14	01:45:19.110		0.83274			4
2025.02.14	01:45:22.128	0.83270	0.83272			6
2025.02.14	01:45:22.914	0.83271				2
2025.02.14	01:45:23.488	0.83272	0.83273			6
2025.02.14	01:45:23.822	0.83273	0.83274			6
2025.02.14	01:45:24.783	0.83272				2
2025.02.14	01:45:26.162	0.83273				2
2025.02.14	01:45:26.492	0.83275	0.83276			6
2025.02.14	01:45:29.955	0.83274	0.83275			6
2025.02.14	01:45:30.487	0.83275	0.83276			6
2025.02.14	01:45:32.158	0.83276	0.83278			6
2025.02.14	01:45:32.746	0.83277				2
2025.02.14	01:45:33.302	0.83276	0.83277			6
2025.02.14	01:45:34.079	0.83277	0.83278			6
2025.02.14	01:45:36.905	0.83275	0.83276			6
2025.02.14	01:45:39.778	0.83277	0.83278			6
2025.02.14	01:45:40.082	0.83275	0.83276			6
2025.02.14	01:45:40.385	0.83277	0.83278			6
2025.02.14	01:45:42.238	0.83275	0.83276			6
2025.02.14	01:45:48.046	0.83276	0.83277			6
2025.02.14	01:45:48.428	0.83275	0.83276			6
2025.02.14	01:45:48.953	0.83276	0.83277			6
2025.02.14	01:45:54.233	0.83274	0.83276			6
2025.02.14	01:45:57.303		0.83275			4
2025.02.14	01:46:01.206	0.83274				2
2025.02.14	01:46:02.595	0.83275	0.83276			6
2025.02.14	01:46:03.214	0.83274				2
2025.02.14	01:46:05.773		0.83275			4
2025.02.14	01:46:18.184		0.83276			4
2025.02.14	01:46:18.983	0.83275				2
2025.02.14	01:46:19.465	0.83274				2
2025.02.14	01:46:24.452	0.83275				2
2025.02.14	01:46:24.766	0.83274				2
2025.02.14	01:46:36.526		0.83275			4
2025.02.14	01:46:43.736	0.83273	0.83274			6
2025.02.14	01:46:47.735	0.83272	0.83273			6
2025.02.14	01:46:49.627	0.83271				2
2025.02.14	01:46:53.507		0.83272			4
2025.02.14	01:46:53.946	0.83270	0.83271			6
2025.02.14	01:46:56.002		0.83272			4
2025.02.14	01:46:59.454	0.83269	0.83270			6
2025.02.14	01:47:00.302	0.83269				2
2025.02.14	01:47:05.869		0.83271			4
2025.02.14	01:47:06.893		0.83270			4
2025.02.14	01:47:07.739		0.83271			4
2025.02.14	01:47:09.528	0.83273	0.83274			6
2025.02.14	01:47:09.865		0.83275			4
2025.02.14	01:47:10.233	0.83272	0.83273			6
2025.02.14	01:47:14.690	0.83271				2
2025.02.14	01:47:30.692	0.83274	0.83275			6
2025.02.14	01:47:31.435	0.83271	0.83273			6
2025.02.14	01:47:34.346		0.83272			4
2025.02.14	01:47:34.696		0.83273			4
2025.02.14	01:47:36.354	0.83272				2
2025.02.14	01:47:51.491	0.83271				2
2025.02.14	01:47:53.747		0.83272			4
2025.02.14	01:47:59.606		0.83273			4
2025.02.14	01:48:00.235	0.83271				2
2025.02.14	01:48:01.643	0.83272				2
2025.02.14	01:48:01.970	0.83271				2
2025.02.14	01:48:07.737	0.83269	0.83271			6
2025.02.14	01:48:09.241	0.83271	0.83272			6
2025.02.14	01:48:14.062	0.83270				2
2025.02.14	01:48:14.401	0.83269	0.83271			6
2025.02.14	01:48:21.334	0.83270				2
2025.02.14	01:48:21.682	0.83271	0.83272			6
2025.02.14	01:48:21.991		0.83273			4
2025.02.14	01:48:24.597	0.83272				2
2025.02.14	01:48:25.835	0.83271				2
2025.02.14	01:48:26.486		0.83272			4
2025.02.14	01:48:27.308	0.83270	0.83271			6
2025.02.14	01:48:38.819	0.83273	0.83274			6
2025.02.14	01:48:39.124		0.83275			4
2025.02.14	01:48:45.052	0.83272	0.83273			6
2025.02.14	01:48:53.905	0.83271				2
2025.02.14	01:49:01.107	0.83271				2
2025.02.14	01:49:12.906		0.83272			4
2025.02.14	01:49:18.101	0.83270	0.83271			6
2025.02.14	01:49:21.032		0.83272			4
2025.02.14	01:49:22.266		0.83271			4
2025.02.14	01:49:23.397	0.83269				2
2025.02.14	01:49:27.403	0.83270				2
2025.02.14	01:49:27.938	0.83269				2
2025.02.14	01:49:28.590		0.83270			4
2025.02.14	01:49:29.002		0.83271			4
2025.02.14	01:49:30.392		0.83270			4
2025.02.14	01:49:31.261	0.83270	0.83271			6
2025.02.14	01:49:32.578	0.83269				2
2025.02.14	01:49:47.879		0.83270			4
2025.02.14	01:50:00.732	0.83269				2
2025.02.14	01:50:17.864	0.83270	0.83271			6
2025.02.14	01:50:18.489	0.83271	0.83272			6
2025.02.14	01:50:19.318	0.83270				2
2025.02.14	01:50:19.964		0.83271			4
2025.02.14	01:50:25.380	0.83269				2
2025.02.14	01:50:25.713	0.83270				2
2025.02.14	01:50:33.175	0.83269	0.83270			6
2025.02.14	01:51:00.327	0.83269				2
2025.02.14	01:51:01.212	0.83266	0.83269			6
2025.02.14	01:51:01.523	0.83267	0.83268			6
2025.02.14	01:51:04.019	0.83268	0.83269			6
2025.02.14	01:51:18.577	0.83269	0.83271			6
2025.02.14	01:51:18.907	0.83270				2
2025.02.14	01:51:33.190		0.83272			4
2025.02.14	01:51:33.539		0.83271			4
2025.02.14	01:51:33.960		0.83272			4
2025.02.14	01:51:34.561	0.83271				2
2025.02.14	01:51:35.371	0.83270				2
2025.02.14	01:51:37.189		0.83271			4
2025.02.14	01:51:37.532	0.83271	0.83272			6
2025.02.14	01:51:39.275	0.83272	0.83273			6
2025.02.14	01:51:42.344	0.83270	0.83271			6
2025.02.14	01:51:49.590		0.83272			4
2025.02.14	01:52:00.371	0.83272	0.83273			6
2025.02.14	01:52:00.843	0.83271	0.83272			6
2025.02.14	01:52:03.324		0.83273			4
2025.02.14	01:52:30.396		0.83272			4
2025.02.14	01:52:30.896		0.83273			4
2025.02.14	01:52:31.205	0.83270	0.83271			6
2025.02.14	01:52:35.519	0.83269				2
2025.02.14	01:52:36.029	0.83270				2
2025.02.14	01:52:37.183		0.83272			4
2025.02.14	01:52:38.982	0.83269	0.83271			6
2025.02.14	01:52:46.240	0.83270	0.83272			6
2025.02.14	01:52:50.204		0.83271			4
2025.02.14	01:52:54.277		0.83272			4
2025.02.14	01:52:54.907		0.83271			4
2025.02.14	01:52:59.334		0.83272			4
2025.02.14	01:53:00.450	0.83271				2
2025.02.14	01:53:01.681		0.83273			4
2025.02.14	01:53:20.684		0.83272			4
2025.02.14	01:53:20.992	0.83270				2
2025.02.14	01:53:21.306	0.83272	0.83273			6
2025.02.14	01:53:22.034	0.83271				2
2025.02.14	01:53:22.356	0.83272				2
2025.02.14	01:53:23.110	0.83271				2
2025.02.14	01:53:23.914	0.83272				2
2025.02.14	01:53:24.288	0.83271				2
2025.02.14	01:53:34.691	0.83272				2
2025.02.14	01:53:53.053	0.83271				2
2025.02.14	01:53:55.216	0.83272	0.83274			6
2025.02.14	01:53:55.840	0.83273	0.83275			6
2025.02.14	01:53:57.509	0.83274				2
2025.02.14	01:53:59.187	0.83275	0.83276			6
2025.02.14	01:54:00.108	0.83275				2
2025.02.14	01:54:01.051	0.83274				2
2025.02.14	01:54:10.471		0.83275			4
2025.02.14	01:54:10.783		0.83276			4
2025.02.14	01:54:20.324	0.83275				2
2025.02.14	01:55:00.102	0.83275				2
2025.02.14	01:55:03.103	0.83274				2
2025.02.14	01:55:11.998		0.83276			4
2025.02.14	01:55:12.600	0.83275				2
2025.02.14	01:55:28.144	0.83276	0.83277			6
2025.02.14	01:55:28.456	0.83277	0.83278			6
2025.02.14	01:55:29.050	0.83279	0.83280			6
2025.02.14	01:55:29.351	0.83278				2
2025.02.14	01:55:30.101		0.83279			4
2025.02.14	01:55:33.489	0.83277				2
2025.02.14	01:55:40.106		0.83278			4
2025.02.14	01:55:40.417	0.83275	0.83277			6
2025.02.14	01:55:43.348	0.83274	0.83275			6
2025.02.14	01:55:48.185	0.83275	0.83276			6
2025.02.14	01:55:49.826	0.83274	0.83275			6
2025.02.14	01:56:00.502	0.83274				2
2025.02.14	01:56:08.680	0.83272	0.83273			6
2025.02.14	01:56:22.907	0.83270	0.83271			6
2025.02.14	01:56:23.558		0.83272			4
2025.02.14	01:56:28.811	0.83271	0.83273			6
2025.02.14	01:56:30.715	0.83270	0.83272			6
2025.02.14	01:56:31.082		0.83271			4
2025.02.14	01:56:33.977	0.83271	0.83272			6
2025.02.14	01:56:36.000	0.83269	0.83271			6
2025.02.14	01:56:37.041	0.83270				2
2025.02.14	01:56:39.311	0.83268	0.83269			6
2025.02.14	01:56:47.314	0.83267	0.83268			6
2025.02.14	01:56:53.247		0.83269			4
2025.02.14	01:57:00.133	0.83267				2
2025.02.14	01:57:01.421	0.83268				2
2025.02.14	01:57:12.944	0.83267				2
2025.02.14	01:57:13.918	0.83268				2
2025.02.14	01:57:15.806	0.83269	0.83270			6
2025.02.14	01:57:16.202	0.83268				2
2025.02.14	01:57:20.002		0.83269			4
2025.02.14	01:57:21.071		0.83270			4
2025.02.14	01:57:22.050	0.83269				2
2025.02.14	01:57:23.496	0.83268				2
2025.02.14	01:57:26.619		0.83269			4
2025.02.14	01:57:30.425	0.83269	0.83270			6
2025.02.14	01:57:58.640	0.83268	0.83269			6
2025.02.14	01:57:59.136	0.83269	0.83270			6
2025.02.14	01:58:00.212	0.83268				2
2025.02.14	01:58:00.985	0.83269				2
2025.02.14	01:58:07.755	0.83268				2
2025.02.14	01:58:12.532		0.83269			4
2025.02.14	01:58:20.993	0.83267	0.83268			6
2025.02.14	01:58:23.868	0.83268	0.83269			6
2025.02.14	01:58:26.835	0.83269	0.83270			6
2025.02.14	01:58:45.302	0.83268				2
2025.02.14	01:59:00.317	0.83268				2
2025.02.14	01:59:01.621	0.83269	0.83271			6
2025.02.14	01:59:02.177	0.83267	0.83269			6
2025.02.14	01:59:02.697	0.83268				2
2025.02.14	01:59:06.649	0.83267	0.83268			6
2025.02.14	01:59:09.615	0.83268	0.83269			6
2025.02.14	01:59:18.694	0.83269	0.83270			6
2025.02.14	01:59:36.650	0.83270	0.83271			6
2025.02.14	01:59:39.994	0.83267	0.83269			6
2025.02.14	01:59:40.304	0.83264	0.83266			6
2025.02.14	01:59:44.356	0.83265	0.83267			6
2025.02.14	01:59:44.971	0.83264	0.83266			6
2025.02.14	01:59:45.468		0.83265			4
2025.02.14	01:59:55.191	0.83263	0.83264			6
2025.02.14	01:59:55.508	0.83264	0.83265			6
2025.02.14	01:59:57.857	0.83262	0.83264			6
2025.02.14	01:59:59.881	0.83263				2
2025.02.14	02:00:00.339	0.83263				2
2025.02.14	02:00:00.662	0.83262				2
2025.02.14	02:00:01.925	0.83263	0.83265			6
2025.02.14	02:00:02.488		0.83264			4
2025.02.14	02:00:02.829	0.83262	0.83263			6
2025.02.14	02:00:03.212		0.83264			4
2025.02.14	02:00:03.853	0.83263	0.83265			6
2025.02.14	02:00:04.508		0.83264			4
2025.02.14	02:00:04.949	0.83262				2
2025.02.14	02:00:05.263	0.83263				2
2025.02.14	02:00:05.580	0.83262	0.83263			6
2025.02.14	02:00:05.901		0.83264			4
2025.02.14	02:00:06.908	0.83263				2
2025.02.14	02:00:07.749	0.83264	0.83265			6
2025.02.14	02:00:08.307	0.83263				2
2025.02.14	02:00:08.610	0.83266	0.83267			6
2025.02.14	02:00:09.039		0.83268			4
2025.02.14	02:00:10.361	0.83265	0.83266			6
2025.02.14	02:00:17.277	0.83264	0.83265			6
2025.02.14	02:00:23.611	0.83263				2
2025.02.14	02:00:26.300	0.83262	0.83264			6
2025.02.14	02:00:26.907	0.83263				2
2025.02.14	02:00:30.900		0.83265			4
2025.02.14	02:00:38.680	0.83264				2
2025.02.14	02:00:38.982		0.83266			4
2025.02.14	02:00:39.372	0.83265				2
2025.02.14	02:00:39.704	0.83264	0.83265			6
2025.02.14	02:00:40.694		0.83266			4
2025.02.14	02:00:41.100		0.83265			4
2025.02.14	02:00:42.601	0.83263	0.83264			6
2025.02.14	02:00:43.347		0.83265			4
2025.02.14	02:00:44.609	0.83262	0.83263			6
2025.02.14	02:00:48.768	0.83261	0.83262			6
2025.02.14	02:00:49.137	0.83262	0.83264			6
2025.02.14	02:00:49.487	0.83263				2
2025.02.14	02:00:58.377	0.83259	0.83261			6
2025.02.14	02:00:59.919	0.83258	0.83260			6
2025.02.14	02:01:00.495	0.83255	0.83256			6
2025.02.14	02:01:02.393	0.83258	0.83259			6
2025.02.14	02:01:06.124	0.83259	0.83261			6
2025.02.14	02:01:06.891	0.83260	0.83262			6
2025.02.14	02:01:07.212	0.83261				2
2025.02.14	02:01:09.752		0.83263			4
2025.02.14	02:01:11.405	0.83260	0.83262			6
2025.02.14	02:01:12.005		0.83261			4
2025.02.14	02:01:12.369		0.83262			4
2025.02.14	02:01:12.915		0.83261			4
2025.02.14	02:01:13.222	0.83259	0.83260			6
2025.02.14	02:01:22.825	0.83258				2
2025.02.14	02:01:26.076		0.83259			4
2025.02.14	02:01:28.857		0.83260			4
2025.02.14	02:01:29.980	0.83259				2
2025.02.14	02:01:30.956	0.83258	0.83259			6
2025.02.14	02:01:31.321	0.83259	0.83260			6
2025.02.14	02:01:31.670		0.83261			4
2025.02.14	02:01:38.152		0.83260			4
2025.02.14	02:01:39.943	0.83256	0.83257			6
2025.02.14	02:01:40.243		0.83258			4
2025.02.14	02:01:41.564	0.83257	0.83259			6
2025.02.14	02:01:46.349		0.83258			4
2025.02.14	02:01:52.218	0.83258	0.83259			6
2025.02.14	02:01:52.524	0.83257	0.83258			6
2025.02.14	02:02:00.052	0.83257				2
2025.02.14	02:02:00.381		0.83259			4
2025.02.14	02:02:01.064		0.83258			4
2025.02.14	02:02:03.072	0.83252	0.83254			6
2025.02.14	02:02:03.385	0.83254	0.83256			6
2025.02.14	02:02:03.688	0.83257	0.83258			6
2025.02.14	02:02:04.004		0.83259			4
2025.02.14	02:02:05.677	0.83258	0.83260			6
2025.02.14	02:02:06.048	0.83256				2
2025.02.14	02:02:06.368	0.83258	0.83259			6
2025.02.14	02:02:14.143	0.83259	0.83260			6
2025.02.14	02:02:18.375	0.83258	0.83259			6
2025.02.14	02:02:18.685	0.83257	0.83258			6
2025.02.14	02:02:20.355		0.83259			4
2025.02.14	02:02:21.881		0.83258			4
2025.02.14	02:02:27.808	0.83256				2
2025.02.14	02:02:29.908	0.83257				2
2025.02.14	02:02:35.392	0.83258	0.83259			6
2025.02.14	02:02:36.899	0.83259	0.83260			6
2025.02.14	02:02:49.439	0.83261	0.83262			6
2025.02.14	02:02:50.118		0.83263			4
2025.02.14	02:02:53.322	0.83262				2
2025.02.14	02:02:58.124		0.83264			4
2025.02.14	02:02:58.443		0.83263			4
2025.02.14	02:02:58.876	0.83263	0.83264			6
2025.02.14	02:02:59.573		0.83265			4
2025.02.14	02:02:59.952		0.83264			4
2025.02.14	02:03:00.469	0.83263				2
2025.02.14	02:03:01.237	0.83262	0.83263			6
2025.02.14	02:03:01.545	0.83261				2
2025.02.14	02:03:03.249	0.83262				2
2025.02.14	02:03:11.616	0.83261	0.83262			6
2025.02.14	02:03:20.218	0.83262	0.83263			6
2025.02.14	02:03:20.530		0.83264			4
2025.02.14	02:03:27.236	0.83264	0.83265			6
2025.02.14	02:03:34.817	0.83263	0.83264			6
2025.02.14	02:03:38.144		0.83265			4
2025.02.14	02:03:38.622	0.83262	0.83263			6
2025.02.14	02:03:39.088	0.83263	0.83264			6
2025.02.14	02:03:40.325	0.83262				2
2025.02.14	02:03:40.678		0.83263			4
2025.02.14	02:03:45.973	0.83261				2
2025.02.14	02:03:47.832	0.83263	0.83264			6
2025.02.14	02:03:51.086	0.83264	0.83265			6
2025.02.14	02:03:51.404	0.83263	0.83264			6
2025.02.14	02:03:52.203		0.83265			4
2025.02.14	02:03:53.871		0.83264			4
2025.02.14	02:03:54.380		0.83265			4
2025.02.14	02:03:54.764		0.83264			4
2025.02.14	02:03:58.443	0.83264	0.83265			6
2025.02.14	02:03:58.750		0.83266			4
2025.02.14	02:03:59.418		0.83265			4
2025.02.14	02:03:59.857		0.83266			4
2025.02.14	02:04:00.466	0.83264	0.83265			6
2025.02.14	02:04:07.039	0.83263	0.83264			6
2025.02.14	02:04:07.621	0.83264	0.83265			6
2025.02.14	02:04:11.901	0.83263				2
2025.02.14	02:04:12.472		0.83264			4
2025.02.14	02:04:15.402	0.83264	0.83265			6
2025.02.14	02:04:18.803		0.83266			4
2025.02.14	02:04:21.347	0.83268	0.83269			6
2025.02.14	02:04:22.349	0.83267				2
2025.02.14	02:04:23.062	0.83268				2
2025.02.14	02:04:23.363		0.83270			4
2025.02.14	02:04:24.417		0.83269			4
2025.02.14	02:04:25.016	0.83266				2
2025.02.14	02:04:26.872	0.83267	0.83268			6
2025.02.14	02:04:28.753	0.83266	0.83267			6
2025.02.14	02:04:30.956		0.83268			4
2025.02.14	02:04:38.953		0.83267			4
2025.02.14	02:04:48.185	0.83265	0.83266			6
2025.02.14	02:04:48.492	0.83264				2
2025.02.14	02:04:51.405		0.83265			4
2025.02.14	02:04:51.903		0.83266			4
2025.02.14	02:04:53.392	0.83265				2
2025.02.14	02:04:54.564		0.83267			4
2025.02.14	02:04:55.095		0.83266			4
2025.02.14	02:04:58.662	0.83268	0.83269			6
2025.02.14	02:04:58.965	0.83267	0.83268			6
2025.02.14	02:04:59.357	0.83268	0.83269			6
2025.02.14	02:05:00.322	0.83267	0.83268			6
2025.02.14	02:05:03.672	0.83265	0.83267			6
2025.02.14	02:05:06.153		0.83266			4
2025.02.14	02:05:07.681		0.83267			4
2025.02.14	02:05:14.312	0.83266				2
2025.02.14	02:05:14.643		0.83268			4
2025.02.14	02:05:15.346	0.83267				2
2025.02.14	02:05:24.537	0.83266	0.83267			6
2025.02.14	02:05:25.311		0.83268			4
2025.02.14	02:05:25.621		0.83267			4
2025.02.14	02:05:25.924	0.83267	0.83268			6
2025.02.14	02:05:30.704		0.83269			4
2025.02.14	02:05:31.083		0.83268			4
2025.02.14	02:05:44.789	0.83268	0.83270			6
2025.02.14	02:05:45.106	0.83269				2
2025.02.14	02:05:45.426	0.83268				2
2025.02.14	02:05:45.727	0.83269	0.83272			6
2025.02.14	02:05:46.137		0.83271			4
2025.02.14	02:05:47.441		0.83270			4
2025.02.14	02:05:50.794	0.83268				2
2025.02.14	02:05:51.328	0.83269	0.83271			6
2025.02.14	02:05:51.700	0.83270				2
2025.02.14	02:05:59.013	0.83271	0.83272			6
2025.02.14	02:05:59.676	0.83270	0.83271			6
2025.02.14	02:06:00.177	0.83270				2
2025.02.14	02:06:00.797	0.83271	0.83272			6
2025.02.14	02:06:01.563		0.83273			4
2025.02.14	02:06:02.132		0.83272			4
2025.02.14	02:06:02.735	0.83270	0.83271			6
2025.02.14	02:06:06.369	0.83269				2
2025.02.14	02:06:07.114	0.83270				2
2025.02.14	02:06:09.499		0.83272			4
2025.02.14	02:06:10.126		0.83271			4
2025.02.14	02:06:16.772	0.83269				2
2025.02.14	02:06:18.527	0.83270				2
2025.02.14	02:06:30.326	0.83269				2
2025.02.14	02:06:30.646	0.83270				2
2025.02.14	02:06:35.483	0.83269	0.83270			6
2025.02.14	02:06:37.790		0.83271			4
2025.02.14	02:06:38.152		0.83270			4
2025.02.14	02:06:46.497	0.83270	0.83271			6
2025.02.14	02:06:48.112	0.83269				2
2025.02.14	02:06:50.696		0.83270			4
2025.02.14	02:07:00.953	0.83269	0.83271			6
2025.02.14	02:07:01.309		0.83270			4
2025.02.14	02:07:09.789	0.83270	0.83271			6
2025.02.14	02:07:13.633	0.83268	0.83269			6
2025.02.14	02:07:14.515	0.83267	0.83268			6
2025.02.14	02:07:21.699	0.83268	0.83269			6
2025.02.14	02:07:39.412	0.83269	0.83270			6
2025.02.14	02:07:49.657	0.83270	0.83271			6
2025.02.14	02:07:49.963	0.83272	0.83273			6
2025.02.14	02:07:50.286		0.83274			4
2025.02.14	02:07:50.825	0.83271	0.83273			6
2025.02.14	02:07:51.299		0.83272			4
2025.02.14	02:07:53.373		0.83273			4
2025.02.14	02:07:53.763	0.83272	0.83274			6
2025.02.14	02:07:54.503		0.83273			4
2025.02.14	02:07:57.891	0.83270	0.83271			6
2025.02.14	02:07:58.244	0.83269	0.83270			6
2025.02.14	02:08:00.078	0.83269				2
2025.02.14	02:08:00.468	0.83270	0.83271			6
2025.02.14	02:08:01.535	0.83269	0.83270			6
2025.02.14	02:08:35.703	0.83270	0.83271			6
2025.02.14	02:08:37.587	0.83269				2
2025.02.14	02:08:42.162		0.83270			4
2025.02.14	02:08:55.073	0.83270	0.83271			6
2025.02.14	02:08:58.187	0.83271	0.83272			6
2025.02.14	02:08:58.702		0.83273			4
2025.02.14	02:09:00.461	0.83271				2
2025.02.14	02:09:01.698	0.83270	0.83272			6
2025.02.14	02:09:02.250	0.83271				2
2025.02.14	02:09:02.866	0.83269	0.83270			6
2025.02.14	02:09:05.826	0.83271	0.83272			6
2025.02.14	02:09:06.201	0.83272	0.83273			6
2025.02.14	02:09:18.854	0.83271	0.83272			6
2025.02.14	02:09:27.818	0.83272	0.83273			6
2025.02.14	02:09:29.165	0.83271	0.83272			6
2025.02.14	02:09:32.432	0.83272	0.83273			6
2025.02.14	02:09:33.252	0.83271	0.83272			6
2025.02.14	02:09:34.001	0.83269	0.83270			6
2025.02.14	02:09:34.785	0.83272	0.83273			6
2025.02.14	02:09:36.314	0.83271				2
2025.02.14	02:09:38.857	0.83272				2
2025.02.14	02:09:40.284		0.83274			4
2025.02.14	02:09:40.590		0.83273			4
2025.02.14	02:09:40.976	0.83271				2
2025.02.14	02:09:41.787		0.83272			4
2025.02.14	02:09:43.669	0.83270				2
2025.02.14	02:09:46.170		0.83271			4
2025.02.14	02:09:55.241	0.83272	0.83273			6
2025.02.14	02:09:55.781	0.83271	0.83272			6
2025.02.14	02:09:56.192	0.83272	0.83273			6
2025.02.14	02:09:56.825	0.83271	0.83272			6
2025.02.14	02:09:59.148	0.83273	0.83274			6
2025.02.14	02:09:59.449	0.83274	0.83275			6
2025.02.14	02:10:00.261	0.83274				2
2025.02.14	02:10:26.159	0.83271	0.83272			6
2025.02.14	02:10:26.637	0.83270				2
2025.02.14	02:10:26.943	0.83271				2
2025.02.14	02:10:29.688	0.83269	0.83271			6
2025.02.14	02:10:30.092	0.83270				2
2025.02.14	02:10:32.810	0.83271	0.83272			6
2025.02.14	02:10:33.441	0.83270	0.83271			6
2025.02.14	02:10:33.772	0.83269				2
2025.02.14	02:10:37.081		0.83270			4
2025.02.14	02:10:38.447		0.83271			4
2025.02.14	02:10:44.771	0.83270				2
2025.02.14	02:10:55.950	0.83269				2
2025.02.14	02:11:00.221	0.83269				2
2025.02.14	02:11:06.718		0.83270			4
2025.02.14	02:11:07.352	0.83268				2
2025.02.14	02:11:08.356	0.83269				2
2025.02.14	02:11:13.127	0.83268				2
2025.02.14	02:11:21.854	0.83269				2
2025.02.14	02:11:24.689	0.83268				2
2025.02.14	02:11:26.111	0.83269				2
2025.02.14	02:11:27.858	0.83268				2
2025.02.14	02:11:28.670	0.83269				2
2025.02.14	02:11:29.085	0.83268				2
2025.02.14	02:11:29.585	0.83269				2
2025.02.14	02:11:30.147	0.83268				2
2025.02.14	02:11:30.571	0.83269				2
2025.02.14	02:11:30.899	0.83268				2
2025.02.14	02:11:31.349	0.83269				2
2025.02.14	02:11:32.228	0.83268				2
2025.02.14	02:11:33.377	0.83269				2
2025.02.14	02:11:34.594	0.83268				2
2025.02.14	02:11:39.322	0.83269				2
2025.02.14	02:11:43.091	0.83268	0.83269			6
2025.02.14	02:11:53.476		0.83270			4
2025.02.14	02:11:55.735		0.83269			4
2025.02.14	02:11:57.406	0.83269	0.83270			6
