<DATE>	<TIME>	<BID>	<ASK>	<LAST>	<VOLUME>	<FLAGS>
2025.09.30	00:03:30.906	0.87237	0.87394			6
2025.09.30	00:04:02.215	0.87237				2
2025.09.30	00:04:20.442	0.87238				2
2025.09.30	00:04:31.129		0.87394			4
2025.09.30	00:05:05.768	0.87238				2
2025.09.30	00:05:31.284		0.87394			4
2025.09.30	00:06:00.354	0.87238				2
2025.09.30	00:06:36.356		0.87394			4
2025.09.30	00:07:03.342	0.87238				2
2025.09.30	00:07:45.988		0.87394			4
2025.09.30	00:08:00.446	0.87238				2
2025.09.30	00:08:55.448		0.87394			4
2025.09.30	00:09:00.362	0.87238				2
2025.09.30	00:09:57.475		0.87394			4
2025.09.30	00:10:00.324	0.87256	0.87375			6
2025.09.30	00:10:01.563	0.87289	0.87376			6
2025.09.30	00:10:12.234	0.87280	0.87372			6
2025.09.30	00:11:00.157	0.87280				2
2025.09.30	00:11:12.441	0.87276	0.87389			6
2025.09.30	00:11:18.157	0.87280	0.87372			6
2025.09.30	00:11:19.116	0.87288	0.87377			6
2025.09.30	00:11:22.980	0.87290	0.87375			6
2025.09.30	00:11:24.345	0.87289	0.87376			6
2025.09.30	00:11:25.011	0.87280	0.87372			6
2025.09.30	00:11:25.641	0.87289	0.87376			6
2025.09.30	00:11:31.710	0.87280	0.87372			6
2025.09.30	00:11:32.624	0.87288	0.87377			6
2025.09.30	00:11:36.622	0.87289	0.87376			6
2025.09.30	00:11:39.203		0.87375			4
2025.09.30	00:11:41.398	0.87291	0.87374			6
2025.09.30	00:11:46.475		0.87373			4
2025.09.30	00:12:00.883	0.87289	0.87374			6
2025.09.30	00:12:04.828	0.87290				2
2025.09.30	00:12:05.378	0.87289				2
2025.09.30	00:12:05.888	0.87291	0.87373			6
2025.09.30	00:12:06.294		0.87372			4
2025.09.30	00:12:07.522	0.87290	0.87373			6
2025.09.30	00:12:07.974	0.87289	0.87374			6
2025.09.30	00:12:14.668		0.87375			4
2025.09.30	00:12:37.120	0.87287	0.87376			6
2025.09.30	00:12:42.122	0.87289	0.87374			6
2025.09.30	00:12:42.514	0.87261	0.87368			6
2025.09.30	00:12:46.479	0.87262	0.87367			6
2025.09.30	00:12:48.028	0.87261				2
2025.09.30	00:12:49.715	0.87262	0.87366			6
2025.09.30	00:13:04.228	0.87262				2
2025.09.30	00:13:10.225	0.87263				2
2025.09.30	00:13:13.361	0.87264	0.87365			6
2025.09.30	00:13:18.362	0.87263	0.87366			6
2025.09.30	00:13:43.328	0.87264	0.87365			6
2025.09.30	00:13:49.587	0.87265	0.87364			6
2025.09.30	00:13:52.223		0.87363			4
2025.09.30	00:13:54.597	0.87264	0.87365			6
2025.09.30	00:14:09.024	0.87264				2
2025.09.30	00:14:25.845	0.87265	0.87363			6
2025.09.30	00:14:27.624	0.87266				2
2025.09.30	00:14:30.847	0.87264	0.87364			6
2025.09.30	00:14:32.724		0.87365			4
2025.09.30	00:14:42.024		0.87364			4
2025.09.30	00:14:48.625	0.87265				2
2025.09.30	00:15:00.569	0.87262	0.87366			6
2025.09.30	00:15:00.894	0.87263				2
2025.09.30	00:15:06.769	0.87264	0.87365			6
2025.09.30	00:15:09.521	0.87263				2
2025.09.30	00:15:10.228		0.87366			4
2025.09.30	00:15:16.228	0.87264	0.87364			6
2025.09.30	00:15:16.968	0.87266	0.87363			6
2025.09.30	00:15:30.594	0.87267	0.87362			6
2025.09.30	00:15:40.599	0.87266	0.87363			6
2025.09.30	00:15:43.750	0.87265	0.87364			6
2025.09.30	00:15:47.768	0.87266	0.87363			6
2025.09.30	00:15:48.769	0.87265	0.87364			6
2025.09.30	00:15:54.570	0.87266	0.87363			6
2025.09.30	00:15:58.778	0.87287	0.87376			6
2025.09.30	00:16:00.352	0.87287				2
2025.09.30	00:16:04.147		0.87377			4
2025.09.30	00:16:04.726	0.87285	0.87378			6
2025.09.30	00:16:05.040	0.87288	0.87375			6
2025.09.30	00:16:05.962	0.87289				2
2025.09.30	00:16:10.352	0.87288	0.87376			6
2025.09.30	00:16:31.753	0.87286	0.87378			6
2025.09.30	00:16:32.218	0.87289	0.87375			6
2025.09.30	00:16:42.875	0.87287	0.87377			6
2025.09.30	00:16:43.376	0.87285	0.87379			6
2025.09.30	00:16:45.307	0.87287	0.87377			6
2025.09.30	00:16:48.024	0.87286				2
2025.09.30	00:16:50.851	0.87288	0.87376			6
2025.09.30	00:16:55.981	0.87285	0.87377			6
2025.09.30	00:16:57.097	0.87287				2
2025.09.30	00:17:01.522	0.87287				2
2025.09.30	00:17:02.907	0.87288	0.87376			6
2025.09.30	00:17:05.722		0.87375			4
2025.09.30	00:17:10.457		0.87376			4
2025.09.30	00:17:11.013	0.87270	0.87363			6
2025.09.30	00:17:12.348		0.87362			4
2025.09.30	00:17:13.525		0.87361			4
2025.09.30	00:17:19.223		0.87362			4
2025.09.30	00:17:21.628		0.87361			4
2025.09.30	00:17:32.236		0.87360			4
2025.09.30	00:17:34.225		0.87361			4
2025.09.30	00:17:43.248		0.87362			4
2025.09.30	00:18:03.509	0.87270				2
2025.09.30	00:18:08.170	0.87268				2
2025.09.30	00:18:19.991	0.87269	0.87361			6
2025.09.30	00:19:00.464	0.87269				2
2025.09.30	00:19:21.130		0.87361			4
2025.09.30	00:19:24.510		0.87363			4
2025.09.30	00:19:27.323	0.87268	0.87364			6
2025.09.30	00:19:30.474	0.87269				2
2025.09.30	00:19:34.734	0.87270	0.87365			6
2025.09.30	00:19:39.472	0.87293	0.87377			6
2025.09.30	00:20:00.023	0.87293				2
2025.09.30	00:20:08.423		0.87376			4
2025.09.30	00:20:17.422		0.87377			4
2025.09.30	00:20:21.622		0.87376			4
2025.09.30	00:20:36.202	0.87294	0.87375			6
2025.09.30	00:20:36.733	0.87296	0.87373			6
2025.09.30	00:20:37.240	0.87295	0.87375			6
2025.09.30	00:20:39.125	0.87296	0.87373			6
2025.09.30	00:20:41.426		0.87374			4
2025.09.30	00:20:49.133	0.87295	0.87375			6
2025.09.30	00:20:49.962	0.87297	0.87373			6
2025.09.30	00:20:50.976	0.87296	0.87374			6
2025.09.30	00:20:54.322	0.87295				2
2025.09.30	00:20:58.162	0.87296				2
2025.09.30	00:21:05.035	0.87296				2
2025.09.30	00:21:06.022	0.87295				2
2025.09.30	00:21:06.954	0.87294	0.87375			6
2025.09.30	00:21:07.846	0.87293	0.87376			6
2025.09.30	00:21:08.343	0.87295	0.87374			6
2025.09.30	00:21:09.989	0.87294	0.87375			6
2025.09.30	00:21:11.722	0.87295				2
2025.09.30	00:21:18.269	0.87297	0.87373			6
2025.09.30	00:21:19.273	0.87295	0.87375			6
2025.09.30	00:21:35.274	0.87272	0.87364			6
2025.09.30	00:21:45.324		0.87363			4
2025.09.30	00:21:49.533		0.87364			4
2025.09.30	00:21:50.521		0.87365			4
2025.09.30	00:21:52.337		0.87364			4
2025.09.30	00:21:55.253		0.87366			4
2025.09.30	00:21:55.659	0.87274	0.87365			6
2025.09.30	00:21:56.116	0.87273	0.87366			6
2025.09.30	00:22:01.717	0.87273				2
2025.09.30	00:22:14.013	0.87268	0.87365			6
2025.09.30	00:22:30.649		0.87367			4
2025.09.30	00:22:34.648	0.87267	0.87365			6
2025.09.30	00:22:36.023	0.87268				2
2025.09.30	00:22:42.115	0.87298	0.87369			6
2025.09.30	00:23:09.226	0.87298				2
2025.09.30	00:23:17.543	0.87297	0.87370			6
2025.09.30	00:23:18.045	0.87298	0.87369			6
2025.09.30	00:23:22.442	0.87297	0.87370			6
2025.09.30	00:23:24.498	0.87296	0.87372			6
2025.09.30	00:23:24.994		0.87371			4
2025.09.30	00:23:25.495	0.87297	0.87370			6
2025.09.30	00:23:31.824	0.87298	0.87369			6
2025.09.30	00:23:37.849		0.87370			4
2025.09.30	00:23:38.870	0.87297				2
2025.09.30	00:23:42.356	0.87296	0.87371			6
2025.09.30	00:23:43.353	0.87297				2
2025.09.30	00:24:01.128	0.87297				2
2025.09.30	00:24:09.627	0.87296				2
2025.09.30	00:24:10.855	0.87297	0.87370			6
2025.09.30	00:24:11.814	0.87299	0.87369			6
2025.09.30	00:24:16.490	0.87298	0.87370			6
2025.09.30	00:24:17.440	0.87297				2
2025.09.30	00:24:17.832	0.87298				2
2025.09.30	00:24:34.823	0.87297				2
2025.09.30	00:25:00.229	0.87296	0.87371			6
2025.09.30	00:25:03.426		0.87372			4
2025.09.30	00:25:16.999	0.87295				2
2025.09.30	00:25:21.821	0.87296				2
2025.09.30	00:25:24.622	0.87295				2
2025.09.30	00:25:47.424		0.87373			4
2025.09.30	00:25:55.013	0.87291	0.87376			6
2025.09.30	00:25:56.557	0.87292	0.87375			6
2025.09.30	00:26:00.323	0.87292				2
2025.09.30	00:26:02.333	0.87296	0.87372			6
2025.09.30	00:26:09.030		0.87371			4
2025.09.30	00:26:09.596		0.87372			4
2025.09.30	00:26:22.644	0.87292	0.87376			6
2025.09.30	00:26:23.321	0.87295	0.87372			6
2025.09.30	00:26:43.476	0.87291	0.87376			6
2025.09.30	00:26:44.722	0.87292				2
2025.09.30	00:26:48.925	0.87291				2
2025.09.30	00:26:51.778	0.87296	0.87372			6
2025.09.30	00:27:01.419	0.87296				2
2025.09.30	00:27:11.913	0.87292	0.87375			6
2025.09.30	00:27:13.322	0.87295	0.87372			6
2025.09.30	00:27:13.647		0.87373			4
2025.09.30	00:27:33.538	0.87291	0.87377			6
2025.09.30	00:27:36.023		0.87376			4
2025.09.30	00:27:38.421		0.87377			4
2025.09.30	00:27:39.136	0.87294	0.87380			6
2025.09.30	00:27:40.522	0.87295				2
2025.09.30	00:27:41.140		0.87381			4
2025.09.30	00:27:42.101		0.87383			4
2025.09.30	00:27:44.226		0.87385			4
2025.09.30	00:27:46.477		0.87386			4
2025.09.30	00:27:49.455	0.87296	0.87387			6
2025.09.30	00:27:51.315		0.87385			4
2025.09.30	00:27:52.356	0.87297	0.87384			6
2025.09.30	00:27:53.422		0.87385			4
2025.09.30	00:27:55.230	0.87296	0.87387			6
2025.09.30	00:27:58.225	0.87295	0.87386			6
2025.09.30	00:28:00.023	0.87296				2
2025.09.30	00:28:11.243		0.87383			4
2025.09.30	00:28:19.323		0.87385			4
2025.09.30	00:28:29.140		0.87383			4
2025.09.30	00:28:30.988		0.87379			4
2025.09.30	00:28:31.647	0.87299	0.87376			6
2025.09.30	00:28:32.154	0.87298	0.87377			6
2025.09.30	00:28:32.797	0.87296	0.87379			6
2025.09.30	00:28:50.368		0.87378			4
2025.09.30	00:28:55.784		0.87379			4
2025.09.30	00:29:00.567	0.87296				2
2025.09.30	00:29:14.381	0.87298	0.87377			6
2025.09.30	00:29:19.323	0.87302	0.87376			6
2025.09.30	00:29:29.316	0.87299				2
2025.09.30	00:29:32.843	0.87298	0.87377			6
2025.09.30	00:29:33.195	0.87300	0.87375			6
2025.09.30	00:29:33.701	0.87298	0.87376			6
2025.09.30	00:29:39.200		0.87379			4
2025.09.30	00:29:41.779	0.87302	0.87376			6
2025.09.30	00:29:49.224	0.87299				2
2025.09.30	00:30:00.373	0.87297	0.87372			6
2025.09.30	00:30:00.976	0.87282	0.87369			6
2025.09.30	00:30:10.782		0.87370			4
2025.09.30	00:30:12.359		0.87369			4
2025.09.30	00:30:15.377	0.87279	0.87368			6
2025.09.30	00:30:15.876		0.87369			4
2025.09.30	00:30:16.473	0.87282				2
2025.09.30	00:30:16.832		0.87370			4
2025.09.30	00:30:25.598	0.87279				2
2025.09.30	00:30:30.376	0.87278				2
2025.09.30	00:30:34.767		0.87371			4
2025.09.30	00:30:35.199	0.87298	0.87373			6
2025.09.30	00:30:43.756	0.87278	0.87368			6
2025.09.30	00:30:52.236	0.87298				2
2025.09.30	00:31:00.354	0.87298				2
2025.09.30	00:31:02.070	0.87299				2
2025.09.30	00:31:05.893		0.87367			4
2025.09.30	00:31:06.907	0.87285				2
2025.09.30	00:31:09.721	0.87280	0.87366			6
2025.09.30	00:31:15.818		0.87367			4
2025.09.30	00:31:19.332		0.87366			4
2025.09.30	00:31:21.316	0.87278				2
2025.09.30	00:31:23.239		0.87365			4
2025.09.30	00:31:26.238	0.87280				2
2025.09.30	00:31:35.202	0.87282				2
2025.09.30	00:31:45.771	0.87283				2
2025.09.30	00:31:55.802	0.87284	0.87364			6
2025.09.30	00:32:00.323	0.87284				2
2025.09.30	00:32:06.324	0.87283	0.87365			6
2025.09.30	00:32:08.125	0.87284	0.87364			6
2025.09.30	00:32:15.324	0.87283				2
2025.09.30	00:32:21.300	0.87284	0.87363			6
2025.09.30	00:32:21.803		0.87364			4
2025.09.30	00:32:38.124		0.87363			4
2025.09.30	00:32:41.926	0.87285				2
2025.09.30	00:32:42.244	0.87284				2
2025.09.30	00:33:00.025	0.87284				2
2025.09.30	00:33:02.352	0.87283	0.87362			6
2025.09.30	00:33:09.244	0.87277	0.87363			6
2025.09.30	00:33:10.115	0.87269	0.87367			6
2025.09.30	00:33:10.792	0.87271	0.87366			6
2025.09.30	00:33:11.178		0.87367			4
2025.09.30	00:33:11.807		0.87366			4
2025.09.30	00:33:12.307		0.87367			4
2025.09.30	00:33:12.808		0.87365			4
2025.09.30	00:33:13.302		0.87367			4
2025.09.30	00:33:13.799		0.87366			4
2025.09.30	00:33:14.294		0.87367			4
2025.09.30	00:33:14.687	0.87272	0.87365			6
2025.09.30	00:33:15.310	0.87271	0.87367			6
2025.09.30	00:33:15.794	0.87272	0.87366			6
2025.09.30	00:33:16.295	0.87271	0.87367			6
2025.09.30	00:33:16.795	0.87272	0.87366			6
2025.09.30	00:33:17.300	0.87271	0.87367			6
2025.09.30	00:33:17.803	0.87272	0.87366			6
2025.09.30	00:33:18.293	0.87271	0.87367			6
2025.09.30	00:33:18.797	0.87272	0.87365			6
2025.09.30	00:33:19.294	0.87271	0.87367			6
2025.09.30	00:33:19.790	0.87272	0.87366			6
2025.09.30	00:33:20.304	0.87271	0.87367			6
2025.09.30	00:33:20.626	0.87275	0.87362			6
2025.09.30	00:33:21.255	0.87274	0.87364			6
2025.09.30	00:33:22.568	0.87272				2
2025.09.30	00:33:23.330	0.87273	0.87363			6
2025.09.30	00:33:25.198	0.87272	0.87364			6
2025.09.30	00:33:25.782	0.87271	0.87365			6
2025.09.30	00:33:26.139	0.87272	0.87364			6
2025.09.30	00:33:26.956	0.87281	0.87363			6
2025.09.30	00:33:27.863	0.87273				2
2025.09.30	00:33:31.727	0.87270				2
2025.09.30	00:33:35.371		0.87362			4
2025.09.30	00:33:36.982		0.87363			4
2025.09.30	00:33:39.956	0.87269	0.87364			6
2025.09.30	00:33:41.109	0.87272				2
2025.09.30	00:33:45.116		0.87363			4
2025.09.30	00:33:50.580	0.87273				2
2025.09.30	00:33:51.384	0.87277	0.87360			6
2025.09.30	00:33:52.081	0.87276	0.87361			6
2025.09.30	00:33:56.105	0.87274	0.87360			6
2025.09.30	00:33:56.960	0.87273				2
2025.09.30	00:34:00.803	0.87273				2
2025.09.30	00:34:01.479		0.87361			4
2025.09.30	00:34:02.191	0.87274				2
2025.09.30	00:34:06.196	0.87276				2
2025.09.30	00:34:17.067	0.87300	0.87363			6
2025.09.30	00:34:18.065	0.87298	0.87364			6
2025.09.30	00:34:18.378	0.87300	0.87360			6
2025.09.30	00:34:20.864	0.87291	0.87361			6
2025.09.30	00:34:22.071	0.87292				2
2025.09.30	00:34:25.063	0.87299	0.87360			6
2025.09.30	00:34:25.367	0.87300				2
2025.09.30	00:34:42.073	0.87299				2
2025.09.30	00:34:42.723		0.87366			4
2025.09.30	00:34:44.004		0.87372			4
2025.09.30	00:34:45.408	0.87300	0.87361			6
2025.09.30	00:34:49.941	0.87277				2
2025.09.30	00:34:50.256	0.87269	0.87363			6
2025.09.30	00:34:51.054	0.87278	0.87362			6
2025.09.30	00:34:56.086		0.87361			4
2025.09.30	00:35:00.215	0.87278				2
2025.09.30	00:35:02.217	0.87275				2
2025.09.30	00:35:19.867	0.87278	0.87360			6
2025.09.30	00:35:21.056	0.87274				2
2025.09.30	00:35:22.055	0.87278				2
2025.09.30	00:35:23.057	0.87275				2
2025.09.30	00:35:24.056	0.87278				2
2025.09.30	00:35:24.804	0.87275				2
2025.09.30	00:35:35.084	0.87274	0.87361			6
2025.09.30	00:35:36.057	0.87278				2
2025.09.30	00:35:37.080		0.87362			4
2025.09.30	00:35:38.082		0.87361			4
2025.09.30	00:35:39.389		0.87359			4
2025.09.30	00:35:40.606		0.87360			4
2025.09.30	00:35:40.911	0.87294	0.87365			6
2025.09.30	00:35:41.219	0.87300				2
2025.09.30	00:35:43.613	0.87301	0.87364			6
2025.09.30	00:35:44.399	0.87305	0.87365			6
2025.09.30	00:35:45.304	0.87303	0.87362			6
2025.09.30	00:35:45.614	0.87302	0.87363			6
2025.09.30	00:35:46.746	0.87303	0.87367			6
2025.09.30	00:35:51.008		0.87362			4
2025.09.30	00:35:54.633	0.87290	0.87364			6
2025.09.30	00:35:54.938	0.87303	0.87362			6
2025.09.30	00:35:55.799	0.87277	0.87363			6
2025.09.30	00:35:56.156	0.87279	0.87366			6
2025.09.30	00:35:56.648	0.87303	0.87367			6
2025.09.30	00:35:57.208	0.87306	0.87365			6
2025.09.30	00:35:58.802	0.87303	0.87367			6
2025.09.30	00:35:59.878	0.87302				2
2025.09.30	00:36:00.387	0.87282	0.87360			6
2025.09.30	00:36:01.060	0.87302	0.87363			6
2025.09.30	00:36:01.378	0.87303				2
2025.09.30	00:36:03.060	0.87302	0.87367			6
2025.09.30	00:36:03.381	0.87301				2
2025.09.30	00:36:04.849	0.87303				2
2025.09.30	00:36:05.936	0.87304				2
2025.09.30	00:36:08.123	0.87303				2
2025.09.30	00:36:09.911		0.87364			4
2025.09.30	00:36:13.519	0.87301	0.87363			6
2025.09.30	00:36:13.869		0.87369			4
2025.09.30	00:36:15.924	0.87302				2
2025.09.30	00:36:18.238	0.87301				2
2025.09.30	00:36:20.722	0.87302				2
2025.09.30	00:36:22.505	0.87283	0.87359			6
2025.09.30	00:36:23.693	0.87281				2
2025.09.30	00:36:23.996	0.87279	0.87358			6
2025.09.30	00:36:24.919	0.87296	0.87365			6
2025.09.30	00:36:25.238	0.87302				2
2025.09.30	00:36:25.542	0.87279	0.87357			6
2025.09.30	00:36:27.791	0.87282				2
2025.09.30	00:36:28.596	0.87283				2
2025.09.30	00:36:30.141		0.87358			4
2025.09.30	00:36:30.976	0.87302	0.87366			6
2025.09.30	00:36:31.416		0.87365			4
2025.09.30	00:36:38.738	0.87301				2
2025.09.30	00:36:48.502		0.87366			4
2025.09.30	00:36:48.923	0.87302				2
2025.09.30	00:36:58.871	0.87280	0.87357			6
2025.09.30	00:36:59.203	0.87298				2
2025.09.30	00:37:01.126	0.87298				2
2025.09.30	00:37:09.957	0.87299				2
2025.09.30	00:37:11.724	0.87298				2
2025.09.30	00:37:13.768	0.87297				2
2025.09.30	00:37:16.771		0.87358			4
2025.09.30	00:37:18.330	0.87296				2
2025.09.30	00:37:19.447	0.87295				2
2025.09.30	00:37:24.196	0.87282				2
2025.09.30	00:37:24.497	0.87280				2
2025.09.30	00:37:24.917	0.87279				2
2025.09.30	00:37:25.282	0.87305	0.87359			6
2025.09.30	00:37:26.399	0.87304	0.87361			6
2025.09.30	00:37:28.443		0.87358			4
2025.09.30	00:37:28.762	0.87302	0.87363			6
2025.09.30	00:37:29.445	0.87301				2
2025.09.30	00:37:29.951	0.87279	0.87356			6
2025.09.30	00:37:33.561		0.87357			4
2025.09.30	00:37:34.361	0.87283				2
2025.09.30	00:37:35.606	0.87299	0.87369			6
2025.09.30	00:37:35.920	0.87283	0.87358			6
2025.09.30	00:37:37.288	0.87282	0.87356			6
2025.09.30	00:37:38.727		0.87355			4
2025.09.30	00:37:39.796		0.87356			4
2025.09.30	00:37:42.023		0.87357			4
2025.09.30	00:37:43.703	0.87279				2
2025.09.30	00:37:46.399	0.87278				2
2025.09.30	00:37:50.344		0.87356			4
2025.09.30	00:37:54.726	0.87280	0.87355			6
2025.09.30	00:38:00.903	0.87281	0.87357			6
2025.09.30	00:38:01.694	0.87280				2
2025.09.30	00:38:02.027		0.87358			4
2025.09.30	00:38:05.675	0.87279	0.87357			6
2025.09.30	00:38:06.024	0.87280				2
2025.09.30	00:38:13.877	0.87304	0.87372			6
2025.09.30	00:38:15.323	0.87305	0.87371			6
2025.09.30	00:38:31.225	0.87306				2
2025.09.30	00:38:32.347		0.87370			4
2025.09.30	00:38:37.226	0.87305	0.87371			6
2025.09.30	00:38:39.318	0.87306	0.87370			6
2025.09.30	00:38:41.862	0.87305	0.87371			6
2025.09.30	00:38:43.514		0.87370			4
2025.09.30	00:38:46.224	0.87306				2
2025.09.30	00:38:47.366		0.87369			4
2025.09.30	00:38:56.007		0.87368			4
2025.09.30	00:39:00.838	0.87306				2
2025.09.30	00:39:07.272	0.87305	0.87369			6
2025.09.30	00:39:09.396	0.87306				2
2025.09.30	00:39:09.821		0.87368			4
2025.09.30	00:39:13.176	0.87307	0.87367			6
2025.09.30	00:39:17.170	0.87305	0.87368			6
2025.09.30	00:39:17.481	0.87303	0.87371			6
2025.09.30	00:39:19.724	0.87306	0.87368			6
2025.09.30	00:39:21.023		0.87369			4
2025.09.30	00:39:23.722	0.87305				2
2025.09.30	00:39:25.807	0.87304	0.87371			6
2025.09.30	00:39:28.442	0.87305				2
2025.09.30	00:39:28.761	0.87304				2
2025.09.30	00:39:31.694		0.87370			4
2025.09.30	00:39:34.527	0.87305	0.87369			6
2025.09.30	00:39:34.834	0.87304	0.87370			6
2025.09.30	00:39:35.856		0.87371			4
2025.09.30	00:39:38.931	0.87305	0.87369			6
2025.09.30	00:39:40.418	0.87307	0.87367			6
2025.09.30	00:39:42.036		0.87368			4
2025.09.30	00:39:43.012	0.87306	0.87369			6
2025.09.30	00:39:44.126	0.87305				2
2025.09.30	00:39:44.569		0.87370			4
2025.09.30	00:39:46.823	0.87304				2
2025.09.30	00:39:52.222	0.87305	0.87369			6
2025.09.30	00:39:54.322		0.87370			4
2025.09.30	00:40:01.126	0.87305				2
2025.09.30	00:40:02.767		0.87369			4
2025.09.30	00:40:05.723		0.87370			4
2025.09.30	00:40:09.326	0.87304	0.87371			6
2025.09.30	00:40:09.654	0.87305				2
2025.09.30	00:40:15.651		0.87370			4
2025.09.30	00:40:19.947		0.87372			4
2025.09.30	00:40:21.638		0.87370			4
2025.09.30	00:40:21.940		0.87372			4
2025.09.30	00:40:23.932	0.87306	0.87369			6
2025.09.30	00:40:25.824	0.87305				2
2025.09.30	00:40:36.245		0.87370			4
2025.09.30	00:40:45.613		0.87372			4
2025.09.30	00:40:50.530		0.87362			4
2025.09.30	00:40:53.645	0.87306				2
2025.09.30	00:41:00.358	0.87306				2
2025.09.30	00:41:12.433	0.87305				2
2025.09.30	00:41:15.381	0.87306				2
2025.09.30	00:41:17.373	0.87307				2
2025.09.30	00:41:22.826	0.87306				2
2025.09.30	00:41:27.095	0.87304				2
2025.09.30	00:41:31.132	0.87302				2
2025.09.30	00:41:32.561	0.87303				2
2025.09.30	00:41:33.209	0.87304				2
2025.09.30	00:41:36.007	0.87305				2
2025.09.30	00:41:40.626	0.87304				2
2025.09.30	00:41:41.121	0.87305				2
2025.09.30	00:41:46.576	0.87304				2
2025.09.30	00:41:46.922	0.87305				2
2025.09.30	00:41:48.031	0.87304				2
2025.09.30	00:41:50.958		0.87362			4
2025.09.30	00:41:52.223	0.87305				2
2025.09.30	00:41:52.630	0.87304				2
2025.09.30	00:41:53.642	0.87303				2
2025.09.30	00:41:55.475	0.87302				2
2025.09.30	00:41:55.881	0.87303				2
2025.09.30	00:41:57.623	0.87302				2
2025.09.30	00:42:00.327	0.87302				2
2025.09.30	00:42:07.645	0.87303				2
2025.09.30	00:42:10.823	0.87302				2
2025.09.30	00:42:15.215	0.87303				2
2025.09.30	00:42:18.859	0.87304				2
2025.09.30	00:42:35.863	0.87305				2
2025.09.30	00:42:37.749	0.87306				2
2025.09.30	00:42:38.307	0.87305				2
2025.09.30	00:42:40.204	0.87306				2
2025.09.30	00:42:42.308	0.87305				2
2025.09.30	00:42:44.126	0.87304				2
2025.09.30	00:42:46.224	0.87303				2
2025.09.30	00:42:51.329		0.87362			4
2025.09.30	00:42:54.716	0.87302				2
2025.09.30	00:42:55.884	0.87303				2
2025.09.30	00:43:03.327	0.87303				2
2025.09.30	00:43:10.828	0.87304				2
2025.09.30	00:43:12.623	0.87303				2
2025.09.30	00:43:13.737	0.87304				2
2025.09.30	00:43:22.587	0.87303				2
2025.09.30	00:43:42.364	0.87304				2
2025.09.30	00:43:44.815	0.87303				2
2025.09.30	00:43:52.341		0.87362			4
2025.09.30	00:43:55.886	0.87304				2
2025.09.30	00:43:58.811	0.87303				2
2025.09.30	00:44:01.527	0.87303				2
2025.09.30	00:44:05.959	0.87304				2
2025.09.30	00:44:32.104	0.87303				2
2025.09.30	00:44:32.614	0.87304				2
2025.09.30	00:44:33.404	0.87305				2
2025.09.30	00:44:34.355	0.87306				2
2025.09.30	00:44:37.185	0.87307				2
2025.09.30	00:44:38.857	0.87306				2
2025.09.30	00:44:41.803	0.87305				2
2025.09.30	00:44:42.915	0.87304				2
2025.09.30	00:44:43.218	0.87303				2
2025.09.30	00:44:43.739	0.87305				2
2025.09.30	00:44:44.044	0.87304				2
2025.09.30	00:44:46.517	0.87305				2
2025.09.30	00:44:49.801	0.87304				2
2025.09.30	00:44:50.111	0.87303				2
2025.09.30	00:44:52.580		0.87362			4
2025.09.30	00:44:53.838	0.87305				2
2025.09.30	00:45:00.394	0.87305				2
2025.09.30	00:45:03.148	0.87302	0.87359			6
2025.09.30	00:45:04.443	0.87304	0.87361			6
2025.09.30	00:45:06.673	0.87306	0.87362			6
2025.09.30	00:45:08.820	0.87305				2
2025.09.30	00:45:10.662	0.87317	0.87350			6
2025.09.30	00:45:20.858	0.87318				2
2025.09.30	00:45:29.554	0.87317				2
2025.09.30	00:45:34.438	0.87318				2
2025.09.30	00:45:42.024	0.87317				2
2025.09.30	00:45:51.693	0.87318				2
2025.09.30	00:45:57.023	0.87317				2
2025.09.30	00:46:00.693	0.87317				2
2025.09.30	00:46:10.898		0.87350			4
2025.09.30	00:46:20.039	0.87318				2
2025.09.30	00:46:24.023	0.87319				2
2025.09.30	00:46:25.908	0.87318				2
2025.09.30	00:46:29.388	0.87317				2
2025.09.30	00:46:42.225	0.87316				2
2025.09.30	00:46:45.923	0.87315				2
2025.09.30	00:46:48.904	0.87316				2
2025.09.30	00:46:54.118	0.87317				2
2025.09.30	00:46:55.504	0.87315				2
2025.09.30	00:46:57.042	0.87316				2
2025.09.30	00:46:58.739	0.87318				2
2025.09.30	00:46:59.042	0.87316				2
2025.09.30	00:47:00.985	0.87315				2
2025.09.30	00:47:01.298	0.87317				2
2025.09.30	00:47:02.955	0.87314	0.87347			6
2025.09.30	00:47:06.474	0.87317	0.87356			6
2025.09.30	00:47:19.738		0.87370			4
2025.09.30	00:47:20.045		0.87355			4
2025.09.30	00:47:30.033		0.87369			4
2025.09.30	00:47:36.022	0.87316				2
2025.09.30	00:47:36.324	0.87317				2
2025.09.30	00:47:39.371		0.87357			4
2025.09.30	00:47:41.130	0.87316				2
2025.09.30	00:47:43.743	0.87317				2
2025.09.30	00:47:45.917	0.87316				2
2025.09.30	00:47:48.326	0.87319				2
2025.09.30	00:47:49.491	0.87317	0.87363			6
2025.09.30	00:47:49.817	0.87320	0.87367			6
2025.09.30	00:47:53.641	0.87318	0.87369			6
2025.09.30	00:47:54.371		0.87356			4
2025.09.30	00:47:57.325	0.87319				2
2025.09.30	00:47:59.312	0.87318				2
2025.09.30	00:48:00.553	0.87318				2
2025.09.30	00:48:02.582	0.87317				2
2025.09.30	00:48:03.741	0.87318				2
2025.09.30	00:48:07.524	0.87317				2
2025.09.30	00:48:10.981	0.87316				2
2025.09.30	00:48:20.370	0.87317				2
2025.09.30	00:48:23.724	0.87316	0.87363			6
2025.09.30	00:48:24.371		0.87357			4
2025.09.30	00:48:34.567		0.87362			4
2025.09.30	00:48:35.570		0.87371			4
2025.09.30	00:48:35.915		0.87372			4
2025.09.30	00:48:38.773		0.87365			4
2025.09.30	00:48:39.078		0.87356			4
2025.09.30	00:48:44.915	0.87315				2
2025.09.30	00:49:00.030	0.87315				2
2025.09.30	00:49:04.236		0.87363			4
2025.09.30	00:49:09.072		0.87358			4
2025.09.30	00:49:11.429	0.87316				2
2025.09.30	00:49:18.455	0.87315				2
2025.09.30	00:49:18.879	0.87317				2
2025.09.30	00:49:19.303		0.87362			4
2025.09.30	00:49:20.903	0.87318				2
2025.09.30	00:49:23.794		0.87357			4
2025.09.30	00:49:31.881	0.87317				2
2025.09.30	00:49:33.234	0.87318				2
2025.09.30	00:49:38.334	0.87317				2
2025.09.30	00:49:48.793		0.87363			4
2025.09.30	00:49:54.071		0.87357			4
2025.09.30	00:50:00.261	0.87317				2
2025.09.30	00:50:04.291		0.87362			4
2025.09.30	00:50:05.842	0.87318	0.87370			6
2025.09.30	00:50:07.802	0.87317				2
2025.09.30	00:50:09.069		0.87356			4
2025.09.30	00:50:18.980	0.87316				2
2025.09.30	00:50:22.122	0.87318				2
2025.09.30	00:50:24.025	0.87317				2
2025.09.30	00:50:30.007	0.87318				2
2025.09.30	00:50:31.730	0.87319				2
2025.09.30	00:50:34.318		0.87364			4
2025.09.30	00:50:36.025	0.87320				2
2025.09.30	00:50:37.231	0.87319				2
2025.09.30	00:50:39.071		0.87359			4
2025.09.30	00:50:41.107	0.87318				2
2025.09.30	00:50:42.357	0.87317				2
2025.09.30	00:50:46.164	0.87318				2
2025.09.30	00:50:51.012	0.87317	0.87374			6
2025.09.30	00:50:53.020	0.87318				2
2025.09.30	00:50:53.612	0.87319				2
2025.09.30	00:50:54.070	0.87318	0.87357			6
2025.09.30	00:50:57.625	0.87315				2
2025.09.30	00:51:01.895	0.87315				2
2025.09.30	00:51:03.739	0.87316				2
2025.09.30	00:51:04.845	0.87315				2
2025.09.30	00:51:08.376		0.87372			4
2025.09.30	00:51:08.683	0.87319	0.87370			6
2025.09.30	00:51:09.070		0.87358			4
2025.09.30	00:51:09.378	0.87318				2
2025.09.30	00:51:14.616	0.87316				2
2025.09.30	00:51:16.111	0.87318				2
2025.09.30	00:51:17.139	0.87317	0.87361			6
2025.09.30	00:51:18.081	0.87318				2
2025.09.30	00:51:21.071		0.87377			4
2025.09.30	00:51:24.069		0.87361			4
2025.09.30	00:51:27.614	0.87317				2
2025.09.30	00:51:28.725	0.87316				2
2025.09.30	00:51:29.027	0.87315				2
2025.09.30	00:51:30.023	0.87316				2
2025.09.30	00:51:34.830	0.87315				2
2025.09.30	00:51:37.463	0.87316				2
2025.09.30	00:51:38.887	0.87315				2
2025.09.30	00:51:40.218	0.87314				2
2025.09.30	00:51:40.577	0.87315				2
2025.09.30	00:51:41.059	0.87318				2
2025.09.30	00:51:42.525	0.87317				2
2025.09.30	00:51:46.302	0.87318				2
2025.09.30	00:51:49.521		0.87373			4
2025.09.30	00:51:50.071	0.87317				2
2025.09.30	00:51:50.816		0.87352			4
2025.09.30	00:51:53.978	0.87318				2
2025.09.30	00:51:55.858	0.87316				2
2025.09.30	00:51:59.993	0.87314				2
2025.09.30	00:52:00.421	0.87316				2
2025.09.30	00:52:01.767	0.87315				2
2025.09.30	00:52:11.125		0.87342			4
2025.09.30	00:52:17.740		0.87327			4
2025.09.30	00:52:21.740	0.87309	0.87335			6
2025.09.30	00:52:22.239	0.87311				2
2025.09.30	00:52:25.877	0.87313				2
2025.09.30	00:52:30.424	0.87312				2
2025.09.30	00:52:33.614	0.87313				2
2025.09.30	00:52:34.571	0.87312				2
2025.09.30	00:52:44.625	0.87313				2
2025.09.30	00:52:55.657	0.87312				2
2025.09.30	00:52:57.097	0.87313				2
2025.09.30	00:52:57.857	0.87312				2
2025.09.30	00:53:01.089	0.87312				2
2025.09.30	00:53:05.859	0.87313				2
2025.09.30	00:53:11.764	0.87312				2
2025.09.30	00:53:13.664	0.87313				2
2025.09.30	00:53:15.513	0.87314				2
2025.09.30	00:53:20.881	0.87313				2
2025.09.30	00:53:21.917		0.87335			4
2025.09.30	00:53:36.271	0.87308				2
2025.09.30	00:53:36.583	0.87310				2
2025.09.30	00:53:36.973	0.87309				2
2025.09.30	00:53:37.321	0.87308				2
2025.09.30	00:53:38.343	0.87307				2
2025.09.30	00:53:39.070	0.87310				2
2025.09.30	00:53:39.376	0.87312				2
2025.09.30	00:53:41.399	0.87310				2
2025.09.30	00:53:42.537	0.87309				2
2025.09.30	00:53:43.571	0.87310				2
2025.09.30	00:53:43.911	0.87309				2
2025.09.30	00:53:44.359	0.87307				2
2025.09.30	00:53:44.981	0.87309				2
2025.09.30	00:53:45.345	0.87312				2
2025.09.30	00:53:45.715	0.87311				2
2025.09.30	00:53:49.823	0.87312				2
2025.09.30	00:54:04.850	0.87307				2
2025.09.30	00:54:06.829	0.87305				2
2025.09.30	00:54:07.857	0.87308				2
2025.09.30	00:54:08.698	0.87310				2
2025.09.30	00:54:09.916	0.87311				2
2025.09.30	00:54:11.671	0.87310				2
2025.09.30	00:54:12.425	0.87312				2
2025.09.30	00:54:15.587	0.87318				2
2025.09.30	00:54:15.901	0.87320				2
2025.09.30	00:54:19.955	0.87298				2
2025.09.30	00:54:20.259	0.87304				2
2025.09.30	00:54:20.577	0.87299				2
2025.09.30	00:54:20.879	0.87303				2
2025.09.30	00:54:21.394	0.87305				2
2025.09.30	00:54:21.709		0.87337			4
2025.09.30	00:54:22.595	0.87307	0.87335			6
2025.09.30	00:54:23.268		0.87337			4
2025.09.30	00:54:23.645	0.87308				2
2025.09.30	00:54:23.951	0.87307				2
2025.09.30	00:54:24.258	0.87305	0.87336			6
2025.09.30	00:54:24.580	0.87307	0.87337			6
2025.09.30	00:54:25.197	0.87309	0.87336			6
2025.09.30	00:54:25.565	0.87307	0.87337			6
2025.09.30	00:54:25.915		0.87336			4
2025.09.30	00:54:26.219		0.87335			4
2025.09.30	00:54:26.797	0.87308	0.87337			6
2025.09.30	00:54:27.170	0.87309				2
2025.09.30	00:54:29.996	0.87305	0.87335			6
2025.09.30	00:54:30.303		0.87334			4
2025.09.30	00:54:30.963	0.87307	0.87336			6
2025.09.30	00:54:31.265	0.87308	0.87337			6
2025.09.30	00:54:32.028	0.87310				2
2025.09.30	00:54:34.426	0.87311				2
2025.09.30	00:54:36.929	0.87312				2
2025.09.30	00:54:39.808	0.87313				2
2025.09.30	00:54:42.496	0.87310				2
2025.09.30	00:54:42.814	0.87312				2
2025.09.30	00:54:45.109	0.87319				2
2025.09.30	00:54:50.426	0.87320				2
2025.09.30	00:54:57.833	0.87319				2
2025.09.30	00:55:01.568	0.87320				2
2025.09.30	00:55:30.628	0.87321				2
2025.09.30	00:55:32.215		0.87337			4
2025.09.30	00:55:46.493	0.87318				2
2025.09.30	00:55:47.125	0.87321				2
2025.09.30	00:55:53.506	0.87313				2
2025.09.30	00:55:53.950	0.87315				2
2025.09.30	00:55:54.658	0.87311				2
2025.09.30	00:55:56.348	0.87310				2
2025.09.30	00:55:58.317	0.87309				2
2025.09.30	00:55:59.523	0.87310				2
2025.09.30	00:55:59.923	0.87309				2
2025.09.30	00:56:00.288	0.87310				2
2025.09.30	00:56:03.762	0.87308				2
2025.09.30	00:56:04.700	0.87309				2
2025.09.30	00:56:06.130	0.87310				2
2025.09.30	00:56:06.461	0.87309				2
2025.09.30	00:56:07.139	0.87310				2
2025.09.30	00:56:09.050	0.87309				2
2025.09.30	00:56:09.526	0.87310				2
2025.09.30	00:56:09.830	0.87309				2
2025.09.30	00:56:10.734	0.87310				2
2025.09.30	00:56:11.138	0.87309				2
2025.09.30	00:56:12.529	0.87311				2
2025.09.30	00:56:13.128	0.87309				2
2025.09.30	00:56:14.131	0.87311				2
2025.09.30	00:56:15.163	0.87309				2
2025.09.30	00:56:16.131	0.87312				2
2025.09.30	00:56:17.132	0.87309				2
2025.09.30	00:56:18.133	0.87312				2
2025.09.30	00:56:18.762	0.87310				2
2025.09.30	00:56:21.106	0.87312				2
2025.09.30	00:56:22.730		0.87350			4
2025.09.30	00:56:24.128	0.87313	0.87351			6
2025.09.30	00:56:24.829	0.87312	0.87353			6
2025.09.30	00:56:26.728	0.87305	0.87335			6
2025.09.30	00:56:27.802	0.87304	0.87334			6
2025.09.30	00:56:28.467	0.87307	0.87332			6
2025.09.30	00:56:29.735	0.87304				2
2025.09.30	00:56:34.050	0.87305	0.87327			6
2025.09.30	00:56:34.849	0.87304				2
2025.09.30	00:56:42.286	0.87303				2
2025.09.30	00:56:48.622	0.87304				2
2025.09.30	00:56:54.795	0.87305				2
2025.09.30	00:57:02.040	0.87305				2
2025.09.30	00:57:02.991	0.87304				2
2025.09.30	00:57:08.803	0.87305				2
2025.09.30	00:57:11.637	0.87303				2
2025.09.30	00:57:13.128	0.87302				2
2025.09.30	00:57:26.047	0.87304				2
2025.09.30	00:57:27.317	0.87306				2
2025.09.30	00:57:31.096	0.87307				2
2025.09.30	00:57:35.358		0.87327			4
2025.09.30	00:57:43.982	0.87305				2
2025.09.30	00:57:46.721	0.87306				2
2025.09.30	00:57:51.322	0.87305				2
2025.09.30	00:57:52.216	0.87307				2
2025.09.30	00:57:55.387	0.87308				2
2025.09.30	00:57:56.028	0.87307				2
2025.09.30	00:57:56.832	0.87308	0.87344			6
2025.09.30	00:57:57.437	0.87305				2
2025.09.30	00:57:57.858	0.87306				2
2025.09.30	00:58:02.336	0.87306				2
2025.09.30	00:58:04.804	0.87307				2
2025.09.30	00:58:05.142	0.87308	0.87351			6
2025.09.30	00:58:06.580	0.87311				2
2025.09.30	00:58:06.881	0.87310				2
2025.09.30	00:58:07.219	0.87309				2
2025.09.30	00:58:10.041	0.87310	0.87350			6
2025.09.30	00:58:10.727	0.87311	0.87351			6
2025.09.30	00:58:15.466	0.87310				2
2025.09.30	00:58:16.470	0.87311				2
2025.09.30	00:58:22.823	0.87310				2
2025.09.30	00:58:26.885	0.87311	0.87350			6
2025.09.30	00:58:31.880	0.87310	0.87351			6
2025.09.30	00:58:35.020	0.87311	0.87350			6
2025.09.30	00:58:36.600	0.87310	0.87351			6
2025.09.30	00:58:37.153	0.87311	0.87349			6
2025.09.30	00:58:39.309		0.87350			4
2025.09.30	00:58:44.341		0.87351			4
2025.09.30	00:58:52.519	0.87310				2
2025.09.30	00:58:58.586	0.87308				2
2025.09.30	00:59:00.354	0.87308				2
2025.09.30	00:59:02.655	0.87315	0.87357			6
2025.09.30	00:59:02.959	0.87316				2
2025.09.30	00:59:03.346	0.87315				2
2025.09.30	00:59:03.653	0.87314				2
2025.09.30	00:59:03.961	0.87313				2
2025.09.30	00:59:04.578	0.87315				2
2025.09.30	00:59:08.023	0.87316				2
2025.09.30	00:59:10.999		0.87361			4
2025.09.30	00:59:14.352	0.87315				2
2025.09.30	00:59:24.079	0.87316				2
2025.09.30	00:59:24.463	0.87315				2
2025.09.30	00:59:25.497		0.87355			4
2025.09.30	00:59:26.422	0.87314				2
2025.09.30	00:59:28.754		0.87353			4
2025.09.30	00:59:51.193	0.87315	0.87358			6
2025.09.30	00:59:51.554	0.87314				2
2025.09.30	00:59:51.871	0.87313				2
2025.09.30	00:59:53.207	0.87314				2
2025.09.30	00:59:53.546	0.87313				2
2025.09.30	00:59:53.870	0.87312				2
2025.09.30	00:59:54.580	0.87313				2
2025.09.30	00:59:55.457	0.87315				2
2025.09.30	00:59:55.881	0.87313				2
2025.09.30	00:59:56.367	0.87311				2
2025.09.30	00:59:56.680	0.87313				2
2025.09.30	01:00:00.278	0.87313	0.87364			6
2025.09.30	01:00:00.600	0.87312				2
2025.09.30	01:00:00.909		0.87365			4
2025.09.30	01:00:01.299		0.87359			4
2025.09.30	01:00:01.636	0.87313	0.87355			6
2025.09.30	01:00:01.939	0.87310	0.87361			6
2025.09.30	01:00:02.255	0.87309				2
2025.09.30	01:00:02.577	0.87307	0.87355			6
2025.09.30	01:00:03.676	0.87302	0.87334			6
2025.09.30	01:00:03.999	0.87301	0.87340			6
2025.09.30	01:00:04.302		0.87342			4
2025.09.30	01:00:04.608		0.87341			4
2025.09.30	01:00:05.557	0.87299	0.87338			6
2025.09.30	01:00:05.907	0.87297	0.87336			6
2025.09.30	01:00:06.208	0.87298				2
2025.09.30	01:00:06.556		0.87335			4
2025.09.30	01:00:06.861	0.87308	0.87339			6
2025.09.30	01:00:07.809		0.87334			4
2025.09.30	01:00:12.147		0.87329			4
2025.09.30	01:00:20.879		0.87328			4
2025.09.30	01:00:21.183		0.87331			4
2025.09.30	01:00:26.382	0.87309	0.87324			6
2025.09.30	01:00:30.319	0.87292	0.87317			6
2025.09.30	01:00:30.652		0.87318			4
2025.09.30	01:00:31.547		0.87315			4
2025.09.30	01:00:35.740		0.87313			4
2025.09.30	01:00:36.925	0.87289				2
2025.09.30	01:00:37.849	0.87291	0.87315			6
2025.09.30	01:00:38.433	0.87288	0.87308			6
2025.09.30	01:00:39.453	0.87287	0.87306			6
2025.09.30	01:00:39.768	0.87286	0.87308			6
2025.09.30	01:00:40.667	0.87285				2
2025.09.30	01:00:41.127	0.87283				2
2025.09.30	01:00:41.624		0.87306			4
2025.09.30	01:00:42.398		0.87304			4
2025.09.30	01:00:43.218		0.87306			4
2025.09.30	01:00:43.677	0.87286				2
2025.09.30	01:00:46.841	0.87285				2
2025.09.30	01:00:50.354	0.87292	0.87313			6
2025.09.30	01:00:51.136		0.87316			4
2025.09.30	01:00:52.677	0.87291				2
2025.09.30	01:00:56.548	0.87293				2
2025.09.30	01:00:59.443	0.87294	0.87311			6
2025.09.30	01:00:59.768	0.87293				2
2025.09.30	01:01:00.088	0.87293				2
2025.09.30	01:01:00.390	0.87294				2
2025.09.30	01:01:01.342		0.87309			4
2025.09.30	01:01:04.238	0.87292				2
2025.09.30	01:01:05.498	0.87294				2
2025.09.30	01:01:06.454		0.87313			4
2025.09.30	01:01:07.459		0.87311			4
2025.09.30	01:01:19.519	0.87293				2
2025.09.30	01:01:20.389		0.87312			4
2025.09.30	01:01:24.276	0.87294				2
2025.09.30	01:01:45.856	0.87292	0.87310			6
2025.09.30	01:01:48.261		0.87311			4
2025.09.30	01:01:49.243	0.87291	0.87310			6
2025.09.30	01:01:56.824	0.87293				2
2025.09.30	01:02:01.044	0.87293				2
2025.09.30	01:02:01.374		0.87308			4
2025.09.30	01:02:06.913		0.87309			4
2025.09.30	01:02:07.221		0.87308			4
2025.09.30	01:02:07.579		0.87307			4
2025.09.30	01:02:10.911		0.87309			4
2025.09.30	01:02:14.964		0.87307			4
2025.09.30	01:02:17.773		0.87309			4
2025.09.30	01:02:19.677		0.87308			4
2025.09.30	01:02:21.258		0.87309			4
2025.09.30	01:02:25.366	0.87294	0.87311			6
2025.09.30	01:02:26.349	0.87293	0.87307			6
2025.09.30	01:02:27.373		0.87309			4
2025.09.30	01:02:28.347	0.87291	0.87306			6
2025.09.30	01:02:29.643	0.87290	0.87305			6
2025.09.30	01:02:32.327	0.87292	0.87309			6
2025.09.30	01:02:35.087		0.87306			4
2025.09.30	01:02:35.801	0.87294	0.87309			6
2025.09.30	01:02:36.348		0.87310			4
2025.09.30	01:02:36.688		0.87309			4
2025.09.30	01:02:37.855		0.87310			4
2025.09.30	01:02:40.223		0.87309			4
2025.09.30	01:02:42.623		0.87308			4
2025.09.30	01:02:43.653		0.87309			4
2025.09.30	01:02:45.647		0.87308			4
2025.09.30	01:03:00.023	0.87294				2
2025.09.30	01:03:07.223		0.87307			4
2025.09.30	01:03:11.535	0.87292	0.87306			6
2025.09.30	01:03:12.308		0.87308			4
2025.09.30	01:03:13.902	0.87291	0.87305			6
2025.09.30	01:03:15.323		0.87304			4
2025.09.30	01:03:19.477	0.87292	0.87306			6
2025.09.30	01:03:21.324		0.87307			4
2025.09.30	01:03:26.658		0.87306			4
2025.09.30	01:03:32.113		0.87305			4
2025.09.30	01:03:33.324		0.87306			4
2025.09.30	01:03:55.613	0.87294	0.87305			6
2025.09.30	01:03:58.823		0.87306			4
2025.09.30	01:04:00.173	0.87294				2
2025.09.30	01:04:07.524		0.87305			4
2025.09.30	01:04:13.609	0.87297	0.87306			6
2025.09.30	01:04:13.919		0.87308			4
2025.09.30	01:04:16.140		0.87309			4
2025.09.30	01:04:18.564		0.87308			4
2025.09.30	01:04:21.262		0.87305			4
2025.09.30	01:04:27.409	0.87294	0.87307			6
2025.09.30	01:04:28.522		0.87306			4
2025.09.30	01:04:29.724	0.87296				2
2025.09.30	01:04:30.324		0.87305			4
2025.09.30	01:04:30.646		0.87304			4
2025.09.30	01:04:32.722		0.87305			4
2025.09.30	01:04:34.223		0.87304			4
2025.09.30	01:04:37.278		0.87305			4
2025.09.30	01:04:38.540		0.87306			4
2025.09.30	01:04:46.241		0.87307			4
2025.09.30	01:04:46.723	0.87297				2
2025.09.30	01:04:48.213		0.87306			4
2025.09.30	01:04:49.822		0.87307			4
2025.09.30	01:04:52.554	0.87298	0.87308			6
2025.09.30	01:05:00.497	0.87298	0.87307			6
2025.09.30	01:05:02.367		0.87308			4
2025.09.30	01:05:13.559		0.87306			4
2025.09.30	01:05:15.622		0.87307			4
2025.09.30	01:06:00.453	0.87299				2
2025.09.30	01:06:00.889	0.87298				2
2025.09.30	01:06:02.125		0.87308			4
2025.09.30	01:06:40.069		0.87307			4
2025.09.30	01:06:43.651	0.87299	0.87310			6
2025.09.30	01:06:50.423		0.87311			4
2025.09.30	01:07:03.624	0.87299				2
2025.09.30	01:07:09.319		0.87310			4
2025.09.30	01:07:11.127	0.87300				2
2025.09.30	01:07:27.325		0.87311			4
2025.09.30	01:08:00.024	0.87300				2
2025.09.30	01:08:28.114		0.87311			4
2025.09.30	01:09:00.924	0.87300				2
2025.09.30	01:09:29.471		0.87311			4
2025.09.30	01:10:00.662	0.87304	0.87312			6
2025.09.30	01:10:01.135		0.87313			4
2025.09.30	01:10:02.216	0.87305				2
2025.09.30	01:10:10.399	0.87308				2
2025.09.30	01:10:19.825	0.87305	0.87312			6
2025.09.30	01:10:25.195	0.87306				2
2025.09.30	01:10:25.506		0.87313			4
2025.09.30	01:10:45.045		0.87312			4
2025.09.30	01:10:50.731		0.87313			4
2025.09.30	01:10:54.160		0.87312			4
2025.09.30	01:10:55.395	0.87305	0.87315			6
2025.09.30	01:10:55.716	0.87304	0.87313			6
2025.09.30	01:11:00.442	0.87303				2
2025.09.30	01:11:02.558	0.87302	0.87310			6
2025.09.30	01:11:05.852	0.87301				2
2025.09.30	01:11:08.042		0.87311			4
2025.09.30	01:11:21.324	0.87305	0.87310			6
2025.09.30	01:11:27.353		0.87311			4
2025.09.30	01:11:39.161		0.87310			4
2025.09.30	01:11:44.724		0.87311			4
2025.09.30	01:11:48.538		0.87310			4
2025.09.30	01:12:01.124	0.87305				2
2025.09.30	01:12:04.222		0.87311			4
2025.09.30	01:12:24.161		0.87310			4
2025.09.30	01:12:29.445		0.87311			4
2025.09.30	01:12:40.342		0.87310			4
2025.09.30	01:12:43.424	0.87304				2
2025.09.30	01:12:48.861		0.87311			4
2025.09.30	01:13:00.023	0.87304				2
2025.09.30	01:13:09.162		0.87310			4
2025.09.30	01:13:14.938		0.87311			4
2025.09.30	01:13:15.412	0.87303				2
2025.09.30	01:13:23.724		0.87312			4
2025.09.30	01:13:31.125		0.87311			4
2025.09.30	01:13:33.369		0.87312			4
2025.09.30	01:14:01.674	0.87303				2
2025.09.30	01:14:12.266	0.87305				2
2025.09.30	01:14:36.462		0.87312			4
2025.09.30	01:14:39.163		0.87310			4
2025.09.30	01:14:44.704		0.87312			4
2025.09.30	01:15:00.390	0.87304				2
2025.09.30	01:15:07.074	0.87303				2
2025.09.30	01:15:07.666	0.87304				2
2025.09.30	01:15:13.936	0.87307	0.87310			6
2025.09.30	01:15:14.815	0.87309	0.87317			6
2025.09.30	01:15:15.763		0.87316			4
2025.09.30	01:15:20.724		0.87317			4
2025.09.30	01:15:22.431		0.87316			4
2025.09.30	01:15:24.517		0.87317			4
2025.09.30	01:15:27.023		0.87318			4
2025.09.30	01:15:27.623		0.87317			4
2025.09.30	01:15:39.623		0.87316			4
2025.09.30	01:15:42.265		0.87318			4
2025.09.30	01:15:43.310	0.87306	0.87311			6
2025.09.30	01:15:43.658	0.87305				2
2025.09.30	01:15:44.417		0.87312			4
2025.09.30	01:15:49.018	0.87301	0.87306			6
2025.09.30	01:15:49.337		0.87307			4
2025.09.30	01:15:51.688		0.87308			4
2025.09.30	01:15:53.119	0.87299				2
2025.09.30	01:15:53.426		0.87307			4
2025.09.30	01:15:53.820		0.87308			4
2025.09.30	01:15:54.876		0.87307			4
2025.09.30	01:15:56.901		0.87308			4
2025.09.30	01:15:58.552		0.87307			4
2025.09.30	01:16:00.325	0.87299				2
2025.09.30	01:16:01.042		0.87308			4
2025.09.30	01:16:03.356		0.87307			4
2025.09.30	01:16:03.660		0.87306			4
2025.09.30	01:16:15.289	0.87298				2
2025.09.30	01:16:20.690		0.87307			4
2025.09.30	01:16:21.143		0.87305			4
2025.09.30	01:16:29.011		0.87306			4
2025.09.30	01:16:30.357		0.87305			4
2025.09.30	01:16:32.087		0.87306			4
2025.09.30	01:16:33.322		0.87305			4
2025.09.30	01:16:45.583		0.87306			4
2025.09.30	01:16:47.784		0.87305			4
2025.09.30	01:16:49.956		0.87306			4
2025.09.30	01:16:52.251		0.87305			4
2025.09.30	01:16:59.738	0.87299	0.87307			6
2025.09.30	01:17:00.323	0.87299	0.87306			6
2025.09.30	01:17:09.106		0.87307			4
2025.09.30	01:17:27.882		0.87306			4
2025.09.30	01:17:29.825		0.87307			4
2025.09.30	01:17:31.523		0.87306			4
2025.09.30	01:17:33.962		0.87307			4
2025.09.30	01:17:35.131		0.87306			4
2025.09.30	01:17:37.062		0.87307			4
2025.09.30	01:17:42.216		0.87306			4
2025.09.30	01:18:00.361	0.87299				2
2025.09.30	01:18:07.326		0.87305			4
2025.09.30	01:18:10.303		0.87306			4
2025.09.30	01:18:13.224		0.87305			4
2025.09.30	01:18:21.684	0.87300	0.87306			6
2025.09.30	01:18:24.622		0.87305			4
2025.09.30	01:18:30.461	0.87299				2
2025.09.30	01:18:39.332		0.87306			4
2025.09.30	01:18:49.329		0.87305			4
2025.09.30	01:18:59.666	0.87301	0.87309			6
2025.09.30	01:19:00.817	0.87301				2
2025.09.30	01:19:04.822		0.87310			4
2025.09.30	01:19:20.062		0.87308			4
2025.09.30	01:19:22.523		0.87307			4
2025.09.30	01:19:23.203	0.87298	0.87305			6
2025.09.30	01:19:25.224		0.87306			4
2025.09.30	01:19:29.151	0.87297	0.87303			6
2025.09.30	01:19:29.465		0.87304			4
2025.09.30	01:19:48.690		0.87303			4
2025.09.30	01:19:51.024		0.87304			4
2025.09.30	01:19:53.497		0.87303			4
2025.09.30	01:19:55.477		0.87304			4
2025.09.30	01:19:59.561		0.87303			4
2025.09.30	01:20:00.079	0.87297	0.87304			6
2025.09.30	01:20:09.854	0.87295	0.87303			6
2025.09.30	01:20:25.324	0.87296				2
2025.09.30	01:20:27.486		0.87302			4
2025.09.30	01:20:29.668		0.87303			4
2025.09.30	01:20:36.743	0.87295				2
2025.09.30	01:20:46.981	0.87296				2
2025.09.30	01:20:56.001	0.87295				2
2025.09.30	01:21:02.594	0.87295				2
2025.09.30	01:21:05.432		0.87302			4
2025.09.30	01:21:08.723		0.87303			4
2025.09.30	01:21:29.906	0.87298	0.87302			6
2025.09.30	01:21:30.208		0.87303			4
2025.09.30	01:21:32.188	0.87299	0.87305			6
2025.09.30	01:21:32.523		0.87306			4
2025.09.30	01:22:01.126	0.87299				2
2025.09.30	01:22:02.177	0.87297	0.87303			6
2025.09.30	01:22:09.522	0.87295				2
2025.09.30	01:22:17.639	0.87296				2
2025.09.30	01:22:28.352	0.87298	0.87304			6
2025.09.30	01:22:28.657		0.87305			4
2025.09.30	01:22:33.133		0.87304			4
2025.09.30	01:22:36.024		0.87305			4
2025.09.30	01:22:55.983	0.87297				2
2025.09.30	01:23:00.092	0.87297				2
2025.09.30	01:23:03.610	0.87298				2
2025.09.30	01:23:04.488	0.87297				2
2025.09.30	01:23:06.772		0.87304			4
2025.09.30	01:23:07.489	0.87298				2
2025.09.30	01:23:09.058		0.87305			4
2025.09.30	01:23:09.687		0.87302			4
2025.09.30	01:23:32.698		0.87304			4
2025.09.30	01:23:35.723		0.87303			4
2025.09.30	01:23:39.293		0.87304			4
2025.09.30	01:23:42.923		0.87303			4
2025.09.30	01:23:58.600	0.87296	0.87304			6
2025.09.30	01:23:59.442		0.87303			4
2025.09.30	01:24:00.372	0.87296				2
2025.09.30	01:24:03.023		0.87304			4
2025.09.30	01:24:05.674		0.87305			4
2025.09.30	01:24:10.073		0.87304			4
2025.09.30	01:24:12.073		0.87305			4
2025.09.30	01:24:24.078	0.87293	0.87301			6
2025.09.30	01:24:58.698	0.87295	0.87302			6
2025.09.30	01:25:00.354	0.87295				2
2025.09.30	01:25:17.940	0.87290	0.87300			6
2025.09.30	01:25:19.354		0.87297			4
2025.09.30	01:25:27.905	0.87288	0.87298			6
2025.09.30	01:25:37.516		0.87297			4
2025.09.30	01:25:43.094		0.87298			4
2025.09.30	01:26:00.644	0.87293	0.87297			6
2025.09.30	01:26:03.597		0.87299			4
2025.09.30	01:26:04.039	0.87294	0.87302			6
2025.09.30	01:26:38.337	0.87296				2
2025.09.30	01:27:01.129	0.87296				2
2025.09.30	01:27:04.102		0.87302			4
2025.09.30	01:27:10.225		0.87303			4
2025.09.30	01:27:38.152	0.87295				2
2025.09.30	01:27:45.923		0.87302			4
2025.09.30	01:27:53.360		0.87301			4
2025.09.30	01:27:54.639		0.87300			4
2025.09.30	01:27:55.772		0.87301			4
2025.09.30	01:28:00.672	0.87295	0.87302			6
2025.09.30	01:28:01.805	0.87294	0.87299			6
2025.09.30	01:28:09.324		0.87298			4
2025.09.30	01:28:11.125	0.87293				2
2025.09.30	01:28:11.438		0.87297			4
2025.09.30	01:28:16.522		0.87298			4
2025.09.30	01:28:19.328		0.87299			4
2025.09.30	01:28:35.973		0.87298			4
2025.09.30	01:28:39.324		0.87297			4
2025.09.30	01:28:46.042		0.87299			4
2025.09.30	01:28:57.023		0.87298			4
2025.09.30	01:29:00.614	0.87297	0.87304			6
2025.09.30	01:29:01.114	0.87296	0.87302			6
2025.09.30	01:29:01.440		0.87301			4
2025.09.30	01:29:05.345		0.87300			4
2025.09.30	01:29:05.703		0.87301			4
2025.09.30	01:29:12.338	0.87297				2
2025.09.30	01:29:14.571		0.87302			4
2025.09.30	01:29:15.766	0.87296	0.87301			6
2025.09.30	01:29:27.883	0.87295				2
2025.09.30	01:29:28.312	0.87294	0.87300			6
2025.09.30	01:29:40.941		0.87301			4
2025.09.30	01:29:41.261		0.87300			4
2025.09.30	01:29:54.924		0.87301			4
2025.09.30	01:29:59.957		0.87300			4
2025.09.30	01:30:00.522	0.87294	0.87301			6
2025.09.30	01:30:01.586		0.87300			4
2025.09.30	01:30:03.164	0.87297	0.87298			6
2025.09.30	01:30:03.487	0.87300	0.87301			6
2025.09.30	01:30:04.109	0.87297	0.87302			6
2025.09.30	01:30:04.740	0.87299	0.87304			6
2025.09.30	01:30:13.327	0.87298				2
2025.09.30	01:30:14.347	0.87296	0.87302			6
2025.09.30	01:30:14.652		0.87300			4
2025.09.30	01:30:15.378		0.87301			4
2025.09.30	01:30:18.024		0.87300			4
2025.09.30	01:30:21.368	0.87293	0.87301			6
2025.09.30	01:30:21.680	0.87294	0.87299			6
2025.09.30	01:30:26.122	0.87293				2
2025.09.30	01:30:29.171	0.87295				2
2025.09.30	01:30:30.324		0.87300			4
2025.09.30	01:30:31.570		0.87299			4
2025.09.30	01:30:36.927		0.87300			4
2025.09.30	01:30:46.788		0.87299			4
2025.09.30	01:30:51.127		0.87300			4
2025.09.30	01:30:55.983	0.87294				2
2025.09.30	01:31:00.538	0.87294				2
2025.09.30	01:31:01.154		0.87301			4
2025.09.30	01:31:14.263	0.87295	0.87304			6
2025.09.30	01:31:14.581		0.87303			4
2025.09.30	01:31:17.063		0.87304			4
2025.09.30	01:31:17.724		0.87303			4
2025.09.30	01:31:18.718	0.87296	0.87302			6
2025.09.30	01:31:20.864		0.87301			4
2025.09.30	01:31:30.476		0.87303			4
2025.09.30	01:31:31.224		0.87302			4
2025.09.30	01:31:33.869		0.87301			4
2025.09.30	01:31:36.325		0.87302			4
2025.09.30	01:31:43.971	0.87295	0.87303			6
2025.09.30	01:31:47.122		0.87304			4
2025.09.30	01:31:57.023		0.87303			4
2025.09.30	01:32:00.092	0.87295				2
2025.09.30	01:32:12.323		0.87304			4
2025.09.30	01:32:16.264		0.87303			4
2025.09.30	01:32:18.017		0.87302			4
2025.09.30	01:32:22.671	0.87294				2
2025.09.30	01:32:30.538		0.87303			4
2025.09.30	01:32:46.823		0.87302			4
2025.09.30	01:32:47.243	0.87295				2
2025.09.30	01:33:00.537	0.87295				2
2025.09.30	01:33:12.616	0.87297				2
2025.09.30	01:33:19.588		0.87304			4
2025.09.30	01:33:25.043	0.87293	0.87298			6
2025.09.30	01:33:25.378	0.87294	0.87300			6
2025.09.30	01:33:27.366	0.87292	0.87299			6
2025.09.30	01:33:29.688	0.87295	0.87301			6
2025.09.30	01:33:29.994		0.87298			4
2025.09.30	01:33:34.884		0.87300			4
2025.09.30	01:33:36.698		0.87299			4
2025.09.30	01:33:40.357		0.87298			4
2025.09.30	01:33:41.020		0.87300			4
2025.09.30	01:33:48.725		0.87298			4
2025.09.30	01:33:58.102		0.87297			4
2025.09.30	01:34:00.343	0.87295				2
2025.09.30	01:34:04.252		0.87299			4
2025.09.30	01:34:13.523		0.87298			4
2025.09.30	01:34:32.891		0.87299			4
2025.09.30	01:34:34.672	0.87292				2
2025.09.30	01:34:40.711	0.87293				2
2025.09.30	01:34:42.323	0.87292				2
2025.09.30	01:34:45.427	0.87293				2
2025.09.30	01:34:45.758		0.87298			4
2025.09.30	01:34:49.823		0.87299			4
2025.09.30	01:34:52.429	0.87292	0.87298			6
2025.09.30	01:34:56.599	0.87293				2
2025.09.30	01:34:58.083	0.87294	0.87303			6
2025.09.30	01:34:59.055	0.87296				2
2025.09.30	01:35:00.073	0.87296				2
2025.09.30	01:35:02.939	0.87295				2
2025.09.30	01:35:06.119		0.87302			4
2025.09.30	01:35:11.723	0.87296				2
2025.09.30	01:35:13.878	0.87295				2
2025.09.30	01:35:22.357	0.87297	0.87304			6
2025.09.30	01:35:33.820	0.87299	0.87305			6
2025.09.30	01:35:37.779		0.87306			4
2025.09.30	01:35:45.040	0.87298	0.87304			6
2025.09.30	01:35:50.707	0.87296	0.87300			6
2025.09.30	01:35:51.274	0.87295	0.87299			6
2025.09.30	01:35:53.132		0.87300			4
2025.09.30	01:36:02.215	0.87295				2
2025.09.30	01:36:05.049	0.87298	0.87302			6
2025.09.30	01:36:05.819		0.87303			4
2025.09.30	01:36:09.103		0.87305			4
2025.09.30	01:36:09.620	0.87295	0.87298			6
2025.09.30	01:36:10.998		0.87299			4
2025.09.30	01:36:21.148		0.87298			4
2025.09.30	01:36:24.933	0.87293	0.87300			6
2025.09.30	01:36:34.238	0.87294	0.87301			6
2025.09.30	01:37:02.070	0.87294				2
2025.09.30	01:37:03.303		0.87299			4
2025.09.30	01:37:04.413	0.87296	0.87301			6
2025.09.30	01:37:05.276		0.87302			4
2025.09.30	01:37:15.456		0.87300			4
2025.09.30	01:37:18.639		0.87299			4
2025.09.30	01:37:18.967		0.87302			4
2025.09.30	01:37:20.121		0.87301			4
2025.09.30	01:37:33.322		0.87302			4
2025.09.30	01:37:53.123		0.87301			4
2025.09.30	01:37:58.760	0.87295				2
2025.09.30	01:38:00.353	0.87295				2
2025.09.30	01:38:22.224		0.87302			4
2025.09.30	01:38:32.859		0.87301			4
2025.09.30	01:38:45.327		0.87302			4
2025.09.30	01:38:47.556		0.87301			4
2025.09.30	01:38:51.478		0.87302			4
2025.09.30	01:38:53.569	0.87296	0.87301			6
2025.09.30	01:39:00.023	0.87296				2
2025.09.30	01:39:10.683	0.87297	0.87302			6
2025.09.30	01:39:11.016		0.87303			4
2025.09.30	01:39:13.351	0.87296	0.87301			6
2025.09.30	01:39:27.419		0.87300			4
2025.09.30	01:39:31.554		0.87301			4
2025.09.30	01:39:44.519		0.87300			4
2025.09.30	01:39:50.312		0.87301			4
2025.09.30	01:40:05.332	0.87296				2
2025.09.30	01:40:11.085	0.87298	0.87304			6
2025.09.30	01:40:14.438		0.87301			4
2025.09.30	01:40:46.679	0.87297	0.87302			6
2025.09.30	01:40:47.613		0.87301			4
2025.09.30	01:41:01.124	0.87297				2
2025.09.30	01:41:50.157		0.87301			4
2025.09.30	01:41:50.468	0.87298				2
2025.09.30	01:41:50.922	0.87297				2
2025.09.30	01:42:00.622	0.87297				2
2025.09.30	01:42:13.296		0.87300			4
2025.09.30	01:42:16.003		0.87301			4
2025.09.30	01:42:20.142		0.87300			4
2025.09.30	01:42:27.009		0.87301			4
2025.09.30	01:42:45.023		0.87300			4
2025.09.30	01:42:50.310		0.87301			4
2025.09.30	01:43:00.998	0.87297				2
2025.09.30	01:43:09.828		0.87304			4
2025.09.30	01:43:10.939		0.87303			4
2025.09.30	01:43:12.540	0.87298				2
2025.09.30	01:43:18.411		0.87304			4
2025.09.30	01:43:20.026		0.87303			4
2025.09.30	01:43:22.100	0.87299				2
2025.09.30	01:43:30.582		0.87302			4
2025.09.30	01:43:32.728		0.87303			4
2025.09.30	01:44:02.298	0.87299				2
2025.09.30	01:44:03.947		0.87301			4
2025.09.30	01:44:53.703	0.87297				2
2025.09.30	01:45:01.972	0.87297				2
2025.09.30	01:45:04.310		0.87301			4
2025.09.30	01:45:10.071	0.87299				2
2025.09.30	01:45:32.555	0.87298				2
2025.09.30	01:46:00.477	0.87299				2
2025.09.30	01:46:02.346	0.87300				2
2025.09.30	01:46:04.829		0.87302			4
2025.09.30	01:46:14.211	0.87297				2
2025.09.30	01:46:21.426	0.87299	0.87303			6
2025.09.30	01:46:23.325		0.87304			4
2025.09.30	01:46:29.624		0.87303			4
2025.09.30	01:46:37.232		0.87302			4
2025.09.30	01:46:39.320		0.87301			4
2025.09.30	01:46:50.644		0.87302			4
2025.09.30	01:46:52.954	0.87297	0.87303			6
2025.09.30	01:46:56.900		0.87302			4
2025.09.30	01:46:57.962		0.87301			4
2025.09.30	01:47:00.656	0.87295	0.87300			6
2025.09.30	01:47:07.068		0.87299			4
2025.09.30	01:47:37.345		0.87301			4
2025.09.30	01:47:37.716		0.87300			4
2025.09.30	01:47:38.052		0.87301			4
2025.09.30	01:47:38.386		0.87300			4
2025.09.30	01:47:53.606	0.87296	0.87301			6
2025.09.30	01:47:57.168		0.87300			4
2025.09.30	01:48:04.352	0.87297	0.87301			6
2025.09.30	01:48:05.000	0.87299				2
2025.09.30	01:48:15.498	0.87300				2
2025.09.30	01:48:27.226	0.87299				2
2025.09.30	01:49:00.323	0.87299				2
2025.09.30	01:49:04.546		0.87300			4
2025.09.30	01:49:13.270		0.87301			4
2025.09.30	01:49:54.684		0.87303			4
2025.09.30	01:49:57.324		0.87304			4
2025.09.30	01:50:00.256	0.87299				2
2025.09.30	01:50:03.248		0.87303			4
2025.09.30	01:50:05.845		0.87304			4
2025.09.30	01:50:08.578		0.87302			4
2025.09.30	01:50:28.099		0.87301			4
2025.09.30	01:50:28.597		0.87302			4
2025.09.30	01:51:01.132	0.87299				2
2025.09.30	01:51:14.570		0.87301			4
2025.09.30	01:51:17.931	0.87300	0.87304			6
2025.09.30	01:51:35.922	0.87301	0.87303			6
2025.09.30	01:51:42.770		0.87304			4
2025.09.30	01:51:44.420	0.87300	0.87302			6
2025.09.30	01:51:46.840		0.87303			4
2025.09.30	01:52:00.905	0.87300				2
2025.09.30	01:52:02.378		0.87304			4
2025.09.30	01:52:22.157	0.87299	0.87303			6
2025.09.30	01:52:22.815	0.87300				2
2025.09.30	01:52:55.457	0.87299	0.87304			6
2025.09.30	01:52:56.412	0.87300				2
2025.09.30	01:53:03.455	0.87300				2
2025.09.30	01:53:14.359	0.87299	0.87303			6
2025.09.30	01:54:01.904	0.87299				2
2025.09.30	01:54:07.390		0.87304			4
2025.09.30	01:54:21.323	0.87300				2
2025.09.30	01:55:00.046	0.87300				2
2025.09.30	01:55:01.817	0.87297	0.87300			6
2025.09.30	01:55:09.157	0.87295	0.87299			6
2025.09.30	01:55:17.310	0.87294	0.87298			6
2025.09.30	01:55:27.324		0.87297			4
2025.09.30	01:55:33.158	0.87296	0.87300			6
2025.09.30	01:55:34.761		0.87299			4
2025.09.30	01:55:44.724		0.87300			4
2025.09.30	01:55:45.377	0.87297	0.87301			6
2025.09.30	01:55:46.747		0.87300			4
2025.09.30	01:55:49.573	0.87296				2
2025.09.30	01:56:00.906	0.87296				2
2025.09.30	01:56:10.828		0.87299			4
2025.09.30	01:56:30.966	0.87295				2
2025.09.30	01:56:41.125	0.87296				2
2025.09.30	01:56:49.337	0.87295				2
2025.09.30	01:57:00.702	0.87294	0.87298			6
2025.09.30	01:57:02.222	0.87295	0.87299			6
2025.09.30	01:57:06.710	0.87296	0.87301			6
2025.09.30	01:57:09.773		0.87300			4
2025.09.30	01:57:10.245	0.87297	0.87301			6
2025.09.30	01:57:13.774	0.87299				2
2025.09.30	01:57:15.289	0.87298				2
2025.09.30	01:57:18.761	0.87299				2
2025.09.30	01:58:00.912	0.87299				2
2025.09.30	01:58:05.613	0.87296	0.87300			6
2025.09.30	01:58:15.112		0.87299			4
2025.09.30	01:58:15.723		0.87301			4
2025.09.30	01:58:16.712		0.87299			4
2025.09.30	01:58:30.533		0.87300			4
2025.09.30	01:58:32.406		0.87299			4
2025.09.30	01:58:35.190		0.87300			4
2025.09.30	01:58:36.404		0.87299			4
2025.09.30	01:58:45.331		0.87300			4
2025.09.30	01:58:49.583		0.87299			4
2025.09.30	01:58:51.046		0.87300			4
2025.09.30	01:58:57.966		0.87299			4
2025.09.30	01:59:00.042	0.87296				2
2025.09.30	01:59:00.593		0.87301			4
2025.09.30	01:59:30.788	0.87297				2
2025.09.30	01:59:44.369	0.87296	0.87299			6
2025.09.30	01:59:49.456	0.87295				2
2025.09.30	01:59:50.197	0.87296				2
2025.09.30	01:59:51.606	0.87297	0.87301			6
2025.09.30	01:59:53.757		0.87300			4
2025.09.30	01:59:56.035		0.87301			4
2025.09.30	02:00:00.316	0.87297	0.87300			6
2025.09.30	02:00:07.371	0.87298	0.87301			6
2025.09.30	02:00:13.029	0.87299				2
2025.09.30	02:00:32.723	0.87300				2
2025.09.30	02:00:41.558	0.87299				2
2025.09.30	02:01:00.324	0.87299				2
2025.09.30	02:01:07.420		0.87301			4
2025.09.30	02:01:10.740		0.87300			4
2025.09.30	02:01:45.776	0.87298				2
2025.09.30	02:01:46.692	0.87299				2
2025.09.30	02:02:00.623	0.87299				2
2025.09.30	02:02:02.741	0.87298				2
2025.09.30	02:02:04.931		0.87299			4
2025.09.30	02:02:05.254		0.87300			4
2025.09.30	02:02:05.613	0.87299				2
2025.09.30	02:02:27.411	0.87300	0.87301			6
2025.09.30	02:02:30.840	0.87299	0.87300			6
2025.09.30	02:03:00.324	0.87299				2
2025.09.30	02:03:01.517	0.87298				2
2025.09.30	02:03:02.575	0.87299				2
2025.09.30	02:03:32.135		0.87300			4
2025.09.30	02:03:34.078		0.87301			4
2025.09.30	02:03:44.167		0.87300			4
2025.09.30	02:04:01.378	0.87299				2
2025.09.30	02:04:44.691		0.87300			4
2025.09.30	02:04:46.243		0.87301			4
2025.09.30	02:04:54.447	0.87298				2
2025.09.30	02:05:00.872	0.87298				2
2025.09.30	02:05:23.221	0.87299				2
2025.09.30	02:05:24.326		0.87302			4
2025.09.30	02:05:27.075	0.87300				2
2025.09.30	02:05:40.821		0.87303			4
2025.09.30	02:05:57.456		0.87301			4
2025.09.30	02:05:58.032		0.87303			4
2025.09.30	02:05:58.801		0.87301			4
2025.09.30	02:06:00.830	0.87299				2
2025.09.30	02:06:08.505		0.87300			4
2025.09.30	02:06:24.580	0.87300	0.87301			6
2025.09.30	02:06:25.462		0.87302			4
2025.09.30	02:06:46.681	0.87301	0.87303			6
2025.09.30	02:06:54.114	0.87300	0.87302			6
2025.09.30	02:07:00.020	0.87300				2
2025.09.30	02:07:19.430		0.87303			4
2025.09.30	02:07:26.174		0.87301			4
2025.09.30	02:07:40.469	0.87301	0.87303			6
2025.09.30	02:08:00.960	0.87301				2
2025.09.30	02:08:07.848	0.87300				2
2025.09.30	02:08:11.377	0.87301				2
2025.09.30	02:08:18.655	0.87300				2
2025.09.30	02:08:24.883	0.87301				2
2025.09.30	02:08:34.183	0.87300	0.87302			6
2025.09.30	02:08:35.283		0.87301			4
2025.09.30	02:08:37.462		0.87303			4
2025.09.30	02:08:44.523		0.87301			4
2025.09.30	02:08:55.628		0.87303			4
2025.09.30	02:08:58.667		0.87301			4
2025.09.30	02:09:00.723	0.87300	0.87302			6
2025.09.30	02:09:01.464		0.87303			4
2025.09.30	02:09:13.232	0.87299				2
2025.09.30	02:09:14.303		0.87301			4
2025.09.30	02:09:15.680	0.87296	0.87300			6
2025.09.30	02:09:16.005	0.87297				2
2025.09.30	02:09:31.615	0.87296				2
2025.09.30	02:09:37.025	0.87297				2
2025.09.30	02:09:47.280	0.87299	0.87301			6
2025.09.30	02:09:47.673	0.87298				2
2025.09.30	02:09:48.355	0.87297				2
2025.09.30	02:09:48.664		0.87300			4
2025.09.30	02:09:52.666	0.87296				2
2025.09.30	02:09:53.122	0.87297	0.87301			6
2025.09.30	02:09:54.398	0.87298				2
2025.09.30	02:10:00.386	0.87298				2
2025.09.30	02:10:04.122	0.87299				2
2025.09.30	02:10:15.210	0.87300				2
2025.09.30	02:10:15.521		0.87302			4
2025.09.30	02:10:21.250		0.87303			4
2025.09.30	02:10:24.025	0.87299	0.87301			6
2025.09.30	02:10:25.054		0.87300			4
2025.09.30	02:10:45.512		0.87301			4
2025.09.30	02:11:02.645	0.87299				2
2025.09.30	02:11:14.872	0.87298				2
2025.09.30	02:11:25.357	0.87297	0.87300			6
2025.09.30	02:11:41.123	0.87298				2
2025.09.30	02:11:42.656		0.87301			4
2025.09.30	02:11:43.634	0.87299				2
2025.09.30	02:11:51.939		0.87300			4
2025.09.30	02:11:58.222	0.87298				2
2025.09.30	02:12:01.126	0.87298				2
2025.09.30	02:12:11.119	0.87297				2
2025.09.30	02:12:11.425	0.87298				2
2025.09.30	02:12:53.380	0.87296	0.87300			6
2025.09.30	02:12:58.478	0.87297				2
2025.09.30	02:13:01.157	0.87296				2
2025.09.30	02:13:18.929	0.87297				2
2025.09.30	02:13:19.671	0.87296				2
2025.09.30	02:13:26.803	0.87297				2
2025.09.30	02:13:35.824	0.87296				2
2025.09.30	02:13:46.764	0.87297				2
2025.09.30	02:13:52.333		0.87301			4
2025.09.30	02:14:01.130	0.87297				2
2025.09.30	02:14:05.316	0.87298				2
2025.09.30	02:14:05.714		0.87300			4
2025.09.30	02:14:09.266		0.87301			4
2025.09.30	02:15:00.308	0.87298				2
2025.09.30	02:15:03.326	0.87296	0.87300			6
2025.09.30	02:15:04.925	0.87297	0.87299			6
2025.09.30	02:15:14.242	0.87296				2
2025.09.30	02:15:16.378	0.87297				2
2025.09.30	02:15:23.192		0.87300			4
2025.09.30	02:15:55.826	0.87298	0.87301			6
2025.09.30	02:16:00.293	0.87298	0.87300			6
2025.09.30	02:16:15.831		0.87299			4
2025.09.30	02:16:19.950		0.87300			4
2025.09.30	02:16:27.804		0.87301			4
2025.09.30	02:16:28.852		0.87300			4
2025.09.30	02:16:38.121		0.87301			4
2025.09.30	02:16:44.717		0.87300			4
2025.09.30	02:16:58.706		0.87301			4
2025.09.30	02:17:00.686	0.87298				2
2025.09.30	02:17:01.737		0.87300			4
2025.09.30	02:17:05.527	0.87300	0.87301			6
2025.09.30	02:17:13.657	0.87299				2
2025.09.30	02:17:14.391	0.87300	0.87302			6
2025.09.30	02:17:14.724		0.87301			4
2025.09.30	02:17:16.313		0.87304			4
2025.09.30	02:17:17.062		0.87301			4
2025.09.30	02:17:30.355		0.87303			4
2025.09.30	02:17:57.919	0.87301	0.87305			6
2025.09.30	02:18:00.175	0.87301				2
2025.09.30	02:18:03.054		0.87303			4
2025.09.30	02:18:10.589	0.87300				2
2025.09.30	02:18:26.159	0.87302	0.87306			6
2025.09.30	02:18:28.445	0.87303	0.87307			6
2025.09.30	02:18:29.526		0.87306			4
2025.09.30	02:18:30.180	0.87302				2
2025.09.30	02:18:54.576	0.87303	0.87307			6
2025.09.30	02:18:55.326	0.87304				2
2025.09.30	02:19:04.375	0.87304				2
2025.09.30	02:19:07.147	0.87303				2
2025.09.30	02:19:24.703		0.87306			4
2025.09.30	02:19:25.745		0.87307			4
2025.09.30	02:19:28.412		0.87306			4
2025.09.30	02:19:35.778		0.87307			4
2025.09.30	02:19:38.385	0.87302	0.87306			6
2025.09.30	02:19:43.689	0.87303	0.87307			6
2025.09.30	02:19:44.750	0.87302				2
2025.09.30	02:19:45.828	0.87303	0.87306			6
2025.09.30	02:19:47.164	0.87302				2
2025.09.30	02:19:56.877		0.87305			4
2025.09.30	02:19:58.795	0.87304	0.87306			6
2025.09.30	02:19:59.182		0.87305			4
2025.09.30	02:19:59.575		0.87306			4
2025.09.30	02:20:00.718	0.87304	0.87305			6
2025.09.30	02:20:05.881		0.87306			4
2025.09.30	02:20:06.379	0.87303	0.87305			6
2025.09.30	02:20:07.574	0.87301	0.87304			6
2025.09.30	02:20:09.095	0.87300				2
2025.09.30	02:20:10.102	0.87301	0.87303			6
2025.09.30	02:20:11.117		0.87304			4
2025.09.30	02:20:11.634	0.87300	0.87303			6
2025.09.30	02:20:13.764		0.87304			4
2025.09.30	02:20:14.414	0.87301				2
2025.09.30	02:20:26.635	0.87304	0.87305			6
2025.09.30	02:20:27.176	0.87306	0.87307			6
2025.09.30	02:20:27.497	0.87305	0.87306			6
2025.09.30	02:20:27.975	0.87306	0.87307			6
2025.09.30	02:20:30.966	0.87305	0.87306			6
2025.09.30	02:20:32.068		0.87307			4
2025.09.30	02:20:32.421		0.87306			4
2025.09.30	02:20:37.579	0.87306	0.87307			6
2025.09.30	02:20:53.655	0.87305				2
2025.09.30	02:20:54.372		0.87306			4
2025.09.30	02:21:01.909	0.87305				2
2025.09.30	02:21:09.324	0.87306	0.87307			6
2025.09.30	02:22:02.215	0.87306				2
2025.09.30	02:22:03.024	0.87305	0.87306			6
2025.09.30	02:22:25.523	0.87306	0.87307			6
2025.09.30	02:22:31.365	0.87302	0.87304			6
2025.09.30	02:22:31.680		0.87303			4
2025.09.30	02:22:32.689		0.87304			4
2025.09.30	02:22:36.324	0.87303				2
2025.09.30	02:23:00.600	0.87301				2
2025.09.30	02:23:01.725		0.87303			4
2025.09.30	02:23:02.304	0.87303	0.87304			6
2025.09.30	02:23:16.869	0.87302	0.87305			6
2025.09.30	02:23:17.946		0.87304			4
2025.09.30	02:24:03.479	0.87301				2
2025.09.30	02:24:11.550	0.87300	0.87302			6
2025.09.30	02:24:11.914		0.87301			4
2025.09.30	02:24:14.075	0.87301	0.87302			6
2025.09.30	02:24:25.246	0.87300				2
2025.09.30	02:24:27.021		0.87301			4
2025.09.30	02:24:34.512	0.87299				2
2025.09.30	02:24:37.761	0.87301	0.87302			6
2025.09.30	02:24:43.590	0.87302	0.87303			6
2025.09.30	02:24:43.898	0.87304	0.87305			6
2025.09.30	02:24:44.218	0.87303	0.87304			6
2025.09.30	02:24:51.475		0.87305			4
2025.09.30	02:24:52.351	0.87304				2
2025.09.30	02:25:01.023	0.87305	0.87306			6
2025.09.30	02:25:15.173	0.87304	0.87305			6
2025.09.30	02:25:26.066	0.87303				2
2025.09.30	02:25:31.907	0.87304				2
2025.09.30	02:26:01.872	0.87306	0.87307			6
2025.09.30	02:26:07.869	0.87307	0.87308			6
2025.09.30	02:26:08.181	0.87306	0.87307			6
2025.09.30	02:26:11.461	0.87307	0.87308			6
2025.09.30	02:26:14.206	0.87306	0.87307			6
2025.09.30	02:26:30.400	0.87305				2
2025.09.30	02:26:32.215	0.87306				2
2025.09.30	02:26:55.029	0.87304	0.87305			6
2025.09.30	02:26:56.807	0.87303				2
2025.09.30	02:27:01.118	0.87302				2
2025.09.30	02:27:02.904		0.87304			4
2025.09.30	02:27:30.422	0.87301				2
2025.09.30	02:27:31.126	0.87303				2
2025.09.30	02:27:31.438	0.87302				2
2025.09.30	02:27:32.487		0.87305			4
2025.09.30	02:27:34.905	0.87303				2
2025.09.30	02:27:37.939	0.87302	0.87304			6
2025.09.30	02:27:55.692	0.87301				2
2025.09.30	02:28:02.680	0.87301				2
2025.09.30	02:28:08.049	0.87302				2
2025.09.30	02:28:12.108		0.87305			4
2025.09.30	02:28:12.418	0.87303				2
2025.09.30	02:28:15.377	0.87302				2
2025.09.30	02:28:23.579	0.87303				2
2025.09.30	02:28:52.640		0.87307			4
2025.09.30	02:28:58.513	0.87304				2
2025.09.30	02:29:00.314	0.87304				2
2025.09.30	02:29:00.919	0.87303				2
2025.09.30	02:29:01.564	0.87304				2
2025.09.30	02:29:05.856		0.87306			4
2025.09.30	02:29:07.774		0.87307			4
2025.09.30	02:29:08.709		0.87306			4
2025.09.30	02:29:16.821	0.87303				2
2025.09.30	02:29:22.041	0.87304				2
2025.09.30	02:29:27.232		0.87307			4
2025.09.30	02:29:27.742	0.87305				2
2025.09.30	02:29:30.899	0.87304				2
2025.09.30	02:29:31.575		0.87306			4
2025.09.30	02:29:32.449		0.87307			4
2025.09.30	02:29:41.568	0.87305				2
2025.09.30	02:29:41.875		0.87306			4
2025.09.30	02:29:42.299		0.87307			4
2025.09.30	02:29:43.681		0.87306			4
2025.09.30	02:29:47.583	0.87304				2
2025.09.30	02:29:48.590	0.87302				2
2025.09.30	02:29:53.155	0.87303				2
2025.09.30	02:29:56.625		0.87305			4
2025.09.30	02:30:00.459	0.87302				2
2025.09.30	02:30:04.989	0.87303				2
2025.09.30	02:30:05.398		0.87306			4
2025.09.30	02:30:10.925		0.87305			4
2025.09.30	02:30:12.071	0.87302				2
2025.09.30	02:30:12.773	0.87303				2
2025.09.30	02:30:16.352		0.87306			4
2025.09.30	02:31:00.437	0.87306	0.87307			6
2025.09.30	02:31:27.269		0.87308			4
2025.09.30	02:31:35.159	0.87305	0.87307			6
2025.09.30	02:31:36.418		0.87308			4
2025.09.30	02:31:45.451	0.87306				2
2025.09.30	02:32:07.079	0.87306				2
2025.09.30	02:32:10.828	0.87305	0.87307			6
2025.09.30	02:32:20.990	0.87304	0.87306			6
2025.09.30	02:32:21.329	0.87303				2
2025.09.30	02:33:02.428	0.87303				2
2025.09.30	02:33:08.823	0.87304				2
2025.09.30	02:33:18.831	0.87303				2
2025.09.30	02:33:21.327		0.87306			4
2025.09.30	02:33:22.660	0.87304				2
2025.09.30	02:33:39.843	0.87300	0.87304			6
2025.09.30	02:33:40.187	0.87301				2
2025.09.30	02:33:59.947	0.87302	0.87305			6
2025.09.30	02:34:01.126	0.87302				2
2025.09.30	02:34:03.982		0.87306			4
2025.09.30	02:34:19.271	0.87304				2
2025.09.30	02:34:53.841	0.87303	0.87304			6
2025.09.30	02:35:00.225	0.87303				2
2025.09.30	02:35:01.152	0.87302	0.87303			6
2025.09.30	02:35:02.028	0.87303	0.87304			6
2025.09.30	02:35:02.948	0.87302	0.87303			6
2025.09.30	02:35:05.642	0.87301				2
2025.09.30	02:35:06.008	0.87303	0.87304			6
2025.09.30	02:35:17.146	0.87301	0.87303			6
2025.09.30	02:35:17.597	0.87303	0.87304			6
2025.09.30	02:35:23.193	0.87300	0.87301			6
2025.09.30	02:35:24.278		0.87302			4
2025.09.30	02:35:24.642		0.87301			4
2025.09.30	02:35:25.654	0.87301	0.87302			6
2025.09.30	02:35:32.017	0.87300	0.87303			6
2025.09.30	02:35:32.373		0.87302			4
2025.09.30	02:35:33.017		0.87303			4
2025.09.30	02:35:40.905	0.87301				2
2025.09.30	02:35:53.426	0.87302				2
2025.09.30	02:35:59.028	0.87301	0.87302			6
2025.09.30	02:35:59.380		0.87303			4
2025.09.30	02:36:00.315	0.87301				2
2025.09.30	02:36:00.985	0.87302				2
2025.09.30	02:36:07.516	0.87301	0.87302			6
2025.09.30	02:36:11.002		0.87303			4
2025.09.30	02:36:12.327	0.87302				2
2025.09.30	02:36:14.775		0.87304			4
2025.09.30	02:36:24.377	0.87303				2
2025.09.30	02:36:29.890	0.87302				2
2025.09.30	02:36:31.058	0.87303				2
2025.09.30	02:37:00.763	0.87302				2
2025.09.30	02:37:11.448		0.87303			4
2025.09.30	02:37:54.089	0.87301				2
2025.09.30	02:38:00.316	0.87301				2
2025.09.30	02:38:05.881	0.87303	0.87304			6
2025.09.30	02:38:27.576		0.87305			4
2025.09.30	02:38:52.906		0.87304			4
2025.09.30	02:38:53.494		0.87305			4
2025.09.30	02:39:00.316	0.87303				2
2025.09.30	02:39:20.931	0.87304	0.87306			6
2025.09.30	02:39:29.406	0.87303	0.87305			6
2025.09.30	02:39:30.392		0.87306			4
2025.09.30	02:39:45.230	0.87304				2
2025.09.30	02:39:45.539	0.87303				2
2025.09.30	02:39:46.424	0.87304				2
2025.09.30	02:39:47.485	0.87303				2
2025.09.30	02:39:48.393	0.87304				2
2025.09.30	02:40:00.574	0.87304				2
2025.09.30	02:40:01.846		0.87305			4
2025.09.30	02:40:05.842		0.87306			4
2025.09.30	02:40:39.796		0.87305			4
2025.09.30	02:41:03.226	0.87304				2
2025.09.30	02:41:31.380	0.87303				2
2025.09.30	02:41:38.212	0.87306	0.87307			6
2025.09.30	02:41:51.124	0.87305				2
2025.09.30	02:41:51.576		0.87306			4
2025.09.30	02:42:01.224	0.87305				2
2025.09.30	02:42:03.479	0.87304				2
2025.09.30	02:42:15.809	0.87303	0.87304			6
2025.09.30	02:42:21.720		0.87305			4
2025.09.30	02:42:34.467		0.87304			4
2025.09.30	02:42:36.926	0.87307	0.87308			6
2025.09.30	02:42:37.385	0.87308	0.87309			6
2025.09.30	02:42:41.899	0.87307	0.87308			6
2025.09.30	02:42:45.324	0.87308	0.87309			6
2025.09.30	02:42:48.680	0.87305	0.87307			6
2025.09.30	02:42:50.519	0.87306				2
2025.09.30	02:42:50.962		0.87308			4
2025.09.30	02:42:55.041	0.87305	0.87307			6
2025.09.30	02:42:59.941	0.87306				2
2025.09.30	02:43:00.390	0.87306	0.87308			6
2025.09.30	02:43:02.310	0.87305	0.87307			6
2025.09.30	02:43:10.082	0.87304	0.87306			6
2025.09.30	02:44:01.010	0.87304				2
2025.09.30	02:44:10.393		0.87306			4
2025.09.30	02:44:42.298		0.87307			4
2025.09.30	02:44:50.017	0.87305				2
2025.09.30	02:44:51.614	0.87304	0.87306			6
2025.09.30	02:44:51.967	0.87303				2
2025.09.30	02:45:01.713	0.87305				2
2025.09.30	02:45:02.811		0.87307			4
2025.09.30	02:45:03.573	0.87304	0.87306			6
2025.09.30	02:45:27.397	0.87301	0.87304			6
2025.09.30	02:45:27.753	0.87302				2
2025.09.30	02:45:31.014	0.87304	0.87305			6
2025.09.30	02:45:31.354	0.87302	0.87304			6
2025.09.30	02:45:31.695	0.87303				2
2025.09.30	02:45:32.035	0.87302				2
2025.09.30	02:45:32.509	0.87304	0.87305			6
2025.09.30	02:45:32.850	0.87302	0.87304			6
2025.09.30	02:45:33.190	0.87305	0.87306			6
2025.09.30	02:45:33.534	0.87303	0.87304			6
2025.09.30	02:45:39.779	0.87302				2
2025.09.30	02:45:45.771	0.87304	0.87306			6
2025.09.30	02:45:47.161		0.87305			4
2025.09.30	02:45:50.090		0.87306			4
2025.09.30	02:45:58.911	0.87303	0.87305			6
2025.09.30	02:46:00.520	0.87303				2
2025.09.30	02:46:20.424	0.87302				2
2025.09.30	02:46:21.503	0.87303	0.87304			6
2025.09.30	02:46:22.055	0.87302				2
2025.09.30	02:46:24.945	0.87301	0.87302			6
2025.09.30	02:46:44.164	0.87304	0.87305			6
2025.09.30	02:46:51.296	0.87303	0.87304			6
2025.09.30	02:46:57.573	0.87304	0.87305			6
2025.09.30	02:47:04.262	0.87304				2
2025.09.30	02:47:19.795	0.87306	0.87307			6
2025.09.30	02:47:25.925	0.87305	0.87306			6
2025.09.30	02:47:28.017		0.87307			4
2025.09.30	02:47:29.254		0.87306			4
2025.09.30	02:47:42.030		0.87307			4
2025.09.30	02:47:42.635	0.87306				2
2025.09.30	02:47:44.153	0.87305				2
2025.09.30	02:47:44.867	0.87304				2
2025.09.30	02:47:45.586	0.87305				2
2025.09.30	02:47:45.893	0.87306				2
2025.09.30	02:47:55.952	0.87305				2
2025.09.30	02:47:56.288	0.87306				2
2025.09.30	02:47:58.289	0.87305				2
2025.09.30	02:47:58.693	0.87307	0.87308			6
2025.09.30	02:47:59.055	0.87306	0.87307			6
2025.09.30	02:48:00.243	0.87306				2
2025.09.30	02:48:00.754	0.87305				2
2025.09.30	02:48:02.573	0.87307	0.87308			6
2025.09.30	02:48:03.790	0.87305	0.87307			6
2025.09.30	02:48:04.490	0.87307	0.87308			6
2025.09.30	02:48:10.929	0.87306	0.87307			6
2025.09.30	02:48:18.192	0.87307	0.87308			6
2025.09.30	02:48:22.571	0.87306	0.87307			6
2025.09.30	02:48:23.249	0.87307	0.87308			6
2025.09.30	02:48:23.695	0.87306	0.87307			6
2025.09.30	02:48:27.432	0.87307	0.87308			6
2025.09.30	02:48:28.199	0.87306	0.87307			6
2025.09.30	02:48:28.897	0.87304				2
2025.09.30	02:48:29.294	0.87306				2
2025.09.30	02:48:30.800	0.87305				2
2025.09.30	02:48:31.192		0.87306			4
2025.09.30	02:48:33.284	0.87306	0.87307			6
2025.09.30	02:48:37.307	0.87305				2
2025.09.30	02:48:37.619	0.87306				2
2025.09.30	02:48:39.957	0.87307	0.87308			6
2025.09.30	02:48:40.273	0.87306				2
2025.09.30	02:48:40.578	0.87305	0.87307			6
2025.09.30	02:48:48.581	0.87307	0.87308			6
2025.09.30	02:48:49.788	0.87308	0.87309			6
2025.09.30	02:48:50.809	0.87309	0.87310			6
2025.09.30	02:48:51.770	0.87308	0.87309			6
2025.09.30	02:48:52.390	0.87309	0.87310			6
2025.09.30	02:49:01.433	0.87309				2
2025.09.30	02:49:08.109	0.87310	0.87311			6
2025.09.30	02:49:11.544	0.87308	0.87310			6
2025.09.30	02:49:12.189	0.87309				2
2025.09.30	02:49:14.127	0.87308				2
2025.09.30	02:49:31.641		0.87311			4
2025.09.30	02:49:31.943	0.87310				2
2025.09.30	02:49:32.437		0.87312			4
2025.09.30	02:49:33.937	0.87308	0.87311			6
2025.09.30	02:49:34.556	0.87307				2
2025.09.30	02:49:34.916	0.87308				2
2025.09.30	02:49:35.759	0.87307				2
2025.09.30	02:49:36.064	0.87308				2
2025.09.30	02:49:36.680	0.87307				2
2025.09.30	02:49:37.407	0.87308				2
2025.09.30	02:49:42.423	0.87309				2
2025.09.30	02:49:42.832	0.87308				2
2025.09.30	02:49:44.342	0.87310				2
2025.09.30	02:49:44.810	0.87307				2
2025.09.30	02:49:45.117	0.87308				2
2025.09.30	02:49:45.812	0.87311	0.87312			6
2025.09.30	02:49:46.121	0.87310	0.87313			6
2025.09.30	02:49:46.593		0.87312			4
2025.09.30	02:49:54.957	0.87309				2
2025.09.30	02:49:57.463	0.87308	0.87311			6
2025.09.30	02:49:58.955	0.87311	0.87312			6
2025.09.30	02:49:59.257	0.87309	0.87311			6
2025.09.30	02:49:59.632		0.87312			4
2025.09.30	02:49:59.938	0.87311				2
2025.09.30	02:50:00.279	0.87309				2
2025.09.30	02:50:04.796	0.87310				2
2025.09.30	02:50:10.550	0.87308	0.87311			6
2025.09.30	02:50:10.901	0.87309				2
2025.09.30	02:50:12.022	0.87308				2
2025.09.30	02:50:12.327	0.87310				2
2025.09.30	02:50:12.653	0.87308				2
2025.09.30	02:50:13.318	0.87307				2
2025.09.30	02:50:14.318	0.87309				2
2025.09.30	02:50:14.631	0.87308				2
2025.09.30	02:50:15.000	0.87309				2
2025.09.30	02:50:15.506	0.87308				2
2025.09.30	02:50:16.536	0.87307				2
2025.09.30	02:50:16.844	0.87308				2
2025.09.30	02:50:20.663	0.87310				2
2025.09.30	02:50:20.992	0.87308				2
2025.09.30	02:50:22.623	0.87309				2
2025.09.30	02:50:23.624	0.87311	0.87312			6
2025.09.30	02:50:23.981	0.87310				2
2025.09.30	02:50:24.760	0.87308				2
2025.09.30	02:50:25.369		0.87311			4
2025.09.30	02:50:25.727	0.87310				2
2025.09.30	02:50:26.038	0.87308				2
2025.09.30	02:50:26.902	0.87309				2
2025.09.30	02:50:28.567		0.87312			4
2025.09.30	02:50:30.712		0.87311			4
2025.09.30	02:50:32.352		0.87312			4
2025.09.30	02:50:34.117		0.87311			4
2025.09.30	02:50:34.439		0.87312			4
2025.09.30	02:50:35.843		0.87311			4
2025.09.30	02:50:36.337		0.87312			4
2025.09.30	02:50:36.696		0.87311			4
2025.09.30	02:50:38.292	0.87310	0.87312			6
2025.09.30	02:50:39.307	0.87309				2
2025.09.30	02:50:41.091	0.87312	0.87313			6
2025.09.30	02:50:41.431	0.87313	0.87314			6
2025.09.30	02:50:42.696	0.87312	0.87313			6
2025.09.30	02:50:43.012	0.87314	0.87316			6
2025.09.30	02:50:43.320	0.87313				2
2025.09.30	02:50:43.963		0.87315			4
2025.09.30	02:50:53.097		0.87316			4
2025.09.30	02:50:57.323	0.87314				2
2025.09.30	02:50:59.304	0.87313				2
2025.09.30	02:51:00.396	0.87313				2
2025.09.30	02:51:03.548	0.87314	0.87317			6
2025.09.30	02:51:09.574		0.87316			4
2025.09.30	02:51:12.036	0.87313				2
2025.09.30	02:51:21.298	0.87312	0.87314			6
2025.09.30	02:51:24.736	0.87309	0.87313			6
2025.09.30	02:51:25.112		0.87312			4
2025.09.30	02:51:29.536		0.87313			4
2025.09.30	02:51:32.625	0.87312				2
2025.09.30	02:51:36.324	0.87311				2
2025.09.30	02:51:38.239	0.87312				2
2025.09.30	02:51:42.513	0.87311	0.87312			6
2025.09.30	02:51:43.372	0.87310	0.87313			6
2025.09.30	02:51:43.678	0.87309	0.87312			6
2025.09.30	02:51:44.348	0.87310				2
2025.09.30	02:51:48.135	0.87308				2
2025.09.30	02:51:55.329		0.87313			4
2025.09.30	02:51:56.460		0.87312			4
2025.09.30	02:52:00.015	0.87309				2
2025.09.30	02:52:04.994	0.87308				2
2025.09.30	02:52:05.636	0.87310				2
2025.09.30	02:52:06.078	0.87309				2
2025.09.30	02:52:09.447	0.87310				2
2025.09.30	02:52:15.894	0.87307	0.87311			6
2025.09.30	02:52:21.325	0.87306				2
2025.09.30	02:52:22.043	0.87307	0.87310			6
2025.09.30	02:52:26.270		0.87311			4
2025.09.30	02:52:26.586		0.87310			4
2025.09.30	02:52:28.893	0.87306				2
2025.09.30	02:52:30.387	0.87307	0.87311			6
2025.09.30	02:52:30.714	0.87310				2
2025.09.30	02:52:31.405	0.87309				2
2025.09.30	02:52:34.880	0.87313	0.87314			6
2025.09.30	02:52:36.315	0.87312	0.87313			6
2025.09.30	02:52:36.635	0.87311	0.87312			6
2025.09.30	02:52:36.996	0.87312	0.87313			6
2025.09.30	02:52:42.478	0.87311				2
2025.09.30	02:52:43.751	0.87312				2
2025.09.30	02:52:45.963	0.87311				2
2025.09.30	02:52:48.683		0.87312			4
2025.09.30	02:52:49.213	0.87312	0.87313			6
2025.09.30	02:52:51.060	0.87311				2
2025.09.30	02:52:51.541	0.87312				2
2025.09.30	02:52:55.513	0.87311				2
2025.09.30	02:52:55.834	0.87312				2
2025.09.30	02:53:00.218	0.87312				2
2025.09.30	02:53:00.580	0.87313	0.87314			6
2025.09.30	02:53:04.765	0.87311	0.87312			6
2025.09.30	02:53:05.168		0.87313			4
2025.09.30	02:53:05.849	0.87312				2
2025.09.30	02:53:15.767	0.87313	0.87314			6
2025.09.30	02:53:20.702	0.87312	0.87313			6
2025.09.30	02:53:22.423	0.87311				2
2025.09.30	02:53:22.733	0.87310				2
2025.09.30	02:53:25.126	0.87313	0.87314			6
2025.09.30	02:53:30.323	0.87311	0.87313			6
2025.09.30	02:53:30.666		0.87314			4
2025.09.30	02:53:32.420	0.87312				2
2025.09.30	02:53:35.590	0.87310	0.87312			6
2025.09.30	02:53:36.138		0.87311			4
2025.09.30	02:53:36.532		0.87312			4
2025.09.30	02:53:40.238	0.87311	0.87313			6
2025.09.30	02:53:40.631	0.87312				2
2025.09.30	02:53:41.633	0.87311				2
2025.09.30	02:53:43.372	0.87312				2
2025.09.30	02:53:45.853		0.87314			4
2025.09.30	02:53:51.125	0.87313				2
2025.09.30	02:53:52.345		0.87315			4
2025.09.30	02:53:52.751	0.87312	0.87314			6
2025.09.30	02:53:53.562	0.87313				2
2025.09.30	02:54:00.439	0.87313				2
2025.09.30	02:54:06.336	0.87312				2
2025.09.30	02:54:06.664		0.87315			4
2025.09.30	02:54:08.517		0.87314			4
2025.09.30	02:54:08.829	0.87313				2
2025.09.30	02:54:09.892	0.87312				2
2025.09.30	02:54:13.377	0.87313	0.87315			6
2025.09.30	02:54:24.531	0.87312	0.87314			6
2025.09.30	02:54:25.349	0.87313				2
2025.09.30	02:54:45.252	0.87311	0.87313			6
2025.09.30	02:54:45.577	0.87310	0.87312			6
2025.09.30	02:54:46.351	0.87311	0.87313			6
2025.09.30	02:54:46.683		0.87312			4
2025.09.30	02:54:47.025	0.87312	0.87313			6
2025.09.30	02:54:47.846	0.87311	0.87312			6
2025.09.30	02:54:48.149		0.87313			4
2025.09.30	02:54:49.345		0.87312			4
2025.09.30	02:54:50.221		0.87313			4
2025.09.30	02:54:56.455	0.87310				2
2025.09.30	02:55:00.367	0.87310	0.87312			6
2025.09.30	02:55:03.820		0.87314			4
2025.09.30	02:55:04.125	0.87311	0.87313			6
2025.09.30	02:55:04.447		0.87312			4
2025.09.30	02:55:04.764		0.87313			4
2025.09.30	02:55:05.593		0.87314			4
2025.09.30	02:55:05.898	0.87312	0.87315			6
2025.09.30	02:55:07.313	0.87313				2
2025.09.30	02:55:09.407	0.87312				2
2025.09.30	02:55:13.516	0.87311				2
2025.09.30	02:55:14.888	0.87313				2
2025.09.30	02:55:15.196	0.87312				2
2025.09.30	02:55:20.618	0.87313				2
2025.09.30	02:55:25.468	0.87312				2
2025.09.30	02:55:27.512	0.87313				2
2025.09.30	02:55:29.705		0.87316			4
2025.09.30	02:55:32.293	0.87314				2
2025.09.30	02:55:33.979	0.87315				2
2025.09.30	02:55:36.747	0.87313				2
2025.09.30	02:55:52.416	0.87312	0.87315			6
2025.09.30	02:55:52.721		0.87313			4
2025.09.30	02:55:53.128	0.87311				2
2025.09.30	02:55:54.001	0.87312				2
2025.09.30	02:56:03.219	0.87312				2
2025.09.30	02:56:04.508	0.87311				2
2025.09.30	02:56:04.814	0.87312				2
2025.09.30	02:56:05.752		0.87314			4
2025.09.30	02:56:06.122		0.87313			4
2025.09.30	02:56:09.758		0.87314			4
2025.09.30	02:56:11.102		0.87313			4
2025.09.30	02:56:14.982	0.87313	0.87314			6
2025.09.30	02:56:17.707	0.87312				2
2025.09.30	02:56:27.314	0.87313				2
2025.09.30	02:56:30.176	0.87314	0.87315			6
2025.09.30	02:56:43.906	0.87312				2
2025.09.30	02:56:44.537		0.87314			4
2025.09.30	02:56:48.524	0.87313				2
2025.09.30	02:56:48.845	0.87310				2
2025.09.30	02:56:50.502	0.87311	0.87313			6
2025.09.30	02:56:53.967	0.87313	0.87314			6
2025.09.30	02:56:54.350	0.87312	0.87313			6
2025.09.30	02:56:54.839	0.87311				2
2025.09.30	02:56:55.663	0.87312				2
2025.09.30	02:56:55.970	0.87311				2
2025.09.30	02:56:56.487		0.87314			4
2025.09.30	02:56:57.497		0.87313			4
2025.09.30	02:56:59.556	0.87310				2
2025.09.30	02:57:00.402	0.87312				2
2025.09.30	02:57:00.723	0.87311				2
2025.09.30	02:57:04.523	0.87313	0.87314			6
2025.09.30	02:57:05.064	0.87311	0.87313			6
2025.09.30	02:57:07.209	0.87310	0.87312			6
2025.09.30	02:57:09.003	0.87312	0.87313			6
2025.09.30	02:57:09.367		0.87314			4
2025.09.30	02:57:11.574		0.87313			4
2025.09.30	02:57:19.326	0.87313	0.87315			6
2025.09.30	02:57:20.069		0.87314			4
2025.09.30	02:57:20.557	0.87312				2
2025.09.30	02:57:24.304	0.87313				2
2025.09.30	02:57:32.757	0.87312				2
2025.09.30	02:57:33.731	0.87313				2
2025.09.30	02:57:41.489	0.87312				2
2025.09.30	02:57:41.844	0.87311	0.87313			6
2025.09.30	02:57:42.217	0.87312				2
2025.09.30	02:57:47.588	0.87310				2
2025.09.30	02:57:49.876	0.87311				2
2025.09.30	02:57:57.324	0.87310				2
2025.09.30	02:58:00.894	0.87310				2
2025.09.30	02:58:05.882	0.87311				2
2025.09.30	02:58:09.333	0.87312				2
2025.09.30	02:58:09.743	0.87311				2
2025.09.30	02:58:10.329	0.87309	0.87312			6
2025.09.30	02:58:10.632	0.87310				2
2025.09.30	02:58:10.995	0.87311				2
2025.09.30	02:58:12.403	0.87312	0.87313			6
2025.09.30	02:58:16.292	0.87310	0.87312			6
2025.09.30	02:58:17.604	0.87311				2
2025.09.30	02:58:18.039	0.87312	0.87313			6
2025.09.30	02:58:20.641	0.87311	0.87312			6
2025.09.30	02:58:23.764	0.87310	0.87311			6
2025.09.30	02:58:24.425		0.87312			4
2025.09.30	02:58:27.912		0.87311			4
2025.09.30	02:58:29.325		0.87312			4
2025.09.30	02:58:50.912	0.87311				2
2025.09.30	02:58:51.891	0.87310				2
2025.09.30	02:58:52.624	0.87311				2
2025.09.30	02:58:55.276	0.87310				2
2025.09.30	02:58:55.816		0.87311			4
2025.09.30	02:58:57.213		0.87312			4
2025.09.30	02:59:01.147	0.87311				2
2025.09.30	02:59:05.806	0.87313	0.87315			6
2025.09.30	02:59:08.728	0.87315	0.87316			6
2025.09.30	02:59:20.596	0.87313				2
2025.09.30	02:59:20.899		0.87315			4
2025.09.30	02:59:21.395		0.87314			4
2025.09.30	02:59:27.109	0.87314	0.87315			6
2025.09.30	02:59:27.707	0.87315	0.87316			6
2025.09.30	02:59:30.785	0.87314	0.87315			6
2025.09.30	02:59:36.201	0.87312				2
2025.09.30	02:59:36.510		0.87314			4
2025.09.30	02:59:53.891	0.87313	0.87315			6
2025.09.30	02:59:58.839	0.87314				2
2025.09.30	03:00:00.345	0.87313				2
2025.09.30	03:00:00.660	0.87312	0.87314			6
2025.09.30	03:00:01.032	0.87313				2
2025.09.30	03:00:01.756	0.87312				2
2025.09.30	03:00:02.080	0.87313				2
2025.09.30	03:00:04.133	0.87312	0.87313			6
2025.09.30	03:00:05.593		0.87314			4
2025.09.30	03:00:06.473	0.87313				2
2025.09.30	03:00:11.490	0.87311	0.87313			6
2025.09.30	03:00:11.852		0.87312			4
2025.09.30	03:00:12.157	0.87312	0.87313			6
2025.09.30	03:00:15.680	0.87311				2
2025.09.30	03:00:16.165	0.87312				2
2025.09.30	03:00:18.795	0.87311				2
2025.09.30	03:00:19.197	0.87312				2
2025.09.30	03:00:20.104	0.87313	0.87314			6
2025.09.30	03:00:22.365	0.87312				2
2025.09.30	03:00:24.377		0.87313			4
2025.09.30	03:00:24.701	0.87311	0.87312			6
2025.09.30	03:00:26.659	0.87310	0.87311			6
2025.09.30	03:00:26.988	0.87307	0.87309			6
2025.09.30	03:00:27.372	0.87308				2
2025.09.30	03:00:27.716	0.87309	0.87310			6
2025.09.30	03:00:28.246	0.87307	0.87309			6
2025.09.30	03:00:28.621	0.87311	0.87312			6
2025.09.30	03:00:30.326	0.87312	0.87313			6
2025.09.30	03:00:35.309	0.87309	0.87311			6
2025.09.30	03:00:35.629	0.87310				2
2025.09.30	03:00:37.129		0.87312			4
2025.09.30	03:00:37.494	0.87309	0.87311			6
2025.09.30	03:00:39.272		0.87312			4
2025.09.30	03:00:40.423	0.87307	0.87310			6
2025.09.30	03:00:40.811	0.87308				2
2025.09.30	03:00:43.248	0.87311	0.87312			6
2025.09.30	03:00:43.566	0.87310	0.87311			6
2025.09.30	03:00:43.923		0.87312			4
2025.09.30	03:00:44.239	0.87309	0.87311			6
2025.09.30	03:00:46.087	0.87308				2
2025.09.30	03:00:46.958	0.87314	0.87315			6
2025.09.30	03:00:47.261	0.87315	0.87316			6
2025.09.30	03:00:47.568	0.87316	0.87317			6
2025.09.30	03:00:48.603	0.87317	0.87318			6
2025.09.30	03:00:49.485	0.87316	0.87317			6
2025.09.30	03:00:50.641	0.87317	0.87318			6
2025.09.30	03:00:52.051	0.87316	0.87317			6
2025.09.30	03:00:53.781	0.87314	0.87315			6
2025.09.30	03:00:55.932	0.87315	0.87316			6
2025.09.30	03:00:57.954	0.87314	0.87315			6
2025.09.30	03:00:58.272	0.87317	0.87318			6
2025.09.30	03:00:58.579	0.87319	0.87320			6
2025.09.30	03:00:59.674	0.87318	0.87319			6
2025.09.30	03:01:00.020	0.87319	0.87320			6
2025.09.30	03:01:00.682	0.87318	0.87319			6
2025.09.30	03:01:01.317	0.87319	0.87320			6
2025.09.30	03:01:05.420	0.87322	0.87323			6
2025.09.30	03:01:06.162	0.87323	0.87324			6
2025.09.30	03:01:09.532	0.87324	0.87325			6
2025.09.30	03:01:10.662	0.87323	0.87324			6
2025.09.30	03:01:10.978	0.87324	0.87325			6
2025.09.30	03:01:12.452	0.87325	0.87326			6
2025.09.30	03:01:15.203	0.87324	0.87325			6
2025.09.30	03:01:15.519	0.87322	0.87323			6
2025.09.30	03:01:18.480	0.87323	0.87324			6
2025.09.30	03:01:18.862	0.87322	0.87323			6
2025.09.30	03:01:21.954	0.87323	0.87324			6
2025.09.30	03:01:23.098	0.87324	0.87325			6
2025.09.30	03:01:23.403	0.87323	0.87324			6
2025.09.30	03:01:30.921	0.87324	0.87325			6
2025.09.30	03:01:32.223	0.87321	0.87323			6
2025.09.30	03:01:32.539	0.87320	0.87321			6
2025.09.30	03:01:37.540	0.87321	0.87322			6
2025.09.30	03:01:38.816	0.87322	0.87323			6
2025.09.30	03:01:39.213	0.87321	0.87322			6
2025.09.30	03:01:44.623	0.87322	0.87323			6
2025.09.30	03:01:46.607	0.87321	0.87322			6
2025.09.30	03:01:46.922	0.87323	0.87324			6
2025.09.30	03:01:48.555	0.87326	0.87327			6
2025.09.30	03:01:51.453	0.87327	0.87328			6
2025.09.30	03:01:56.041	0.87326	0.87327			6
2025.09.30	03:01:59.247	0.87325	0.87326			6
2025.09.30	03:02:00.072	0.87326	0.87327			6
2025.09.30	03:02:00.684	0.87325	0.87326			6
2025.09.30	03:02:03.027	0.87324	0.87325			6
2025.09.30	03:02:07.846		0.87326			4
2025.09.30	03:02:08.347		0.87325			4
2025.09.30	03:02:09.291	0.87322				2
2025.09.30	03:02:09.599	0.87323				2
2025.09.30	03:02:15.969		0.87324			4
2025.09.30	03:02:16.301	0.87322				2
2025.09.30	03:02:16.629		0.87323			4
2025.09.30	03:02:23.940		0.87324			4
2025.09.30	03:02:25.164	0.87318	0.87321			6
2025.09.30	03:02:26.344	0.87319	0.87322			6
2025.09.30	03:02:26.673	0.87321	0.87323			6
2025.09.30	03:02:28.508	0.87320				2
2025.09.30	03:02:45.484		0.87322			4
2025.09.30	03:02:46.253	0.87319				2
2025.09.30	03:02:47.286	0.87320	0.87323			6
2025.09.30	03:02:47.717	0.87321				2
2025.09.30	03:02:52.364	0.87320				2
2025.09.30	03:02:56.901	0.87319	0.87322			6
2025.09.30	03:02:57.433	0.87320				2
2025.09.30	03:02:58.478		0.87323			4
2025.09.30	03:03:00.478	0.87320				2
2025.09.30	03:03:01.556	0.87319	0.87322			6
2025.09.30	03:03:04.705	0.87321	0.87323			6
2025.09.30	03:03:15.427		0.87324			4
2025.09.30	03:03:17.139		0.87323			4
2025.09.30	03:03:19.601	0.87320				2
2025.09.30	03:03:20.714	0.87321	0.87322			6
2025.09.30	03:03:25.110	0.87320	0.87323			6
2025.09.30	03:03:27.961	0.87321				2
2025.09.30	03:03:30.094		0.87324			4
2025.09.30	03:03:30.948	0.87322				2
2025.09.30	03:03:31.531	0.87321	0.87323			6
2025.09.30	03:03:31.841	0.87319	0.87320			6
2025.09.30	03:03:32.160	0.87318	0.87321			6
2025.09.30	03:03:33.075		0.87320			4
2025.09.30	03:03:33.387	0.87315	0.87319			6
2025.09.30	03:03:34.658	0.87314	0.87317			6
2025.09.30	03:03:36.764		0.87316			4
2025.09.30	03:03:39.223	0.87315	0.87317			6
2025.09.30	03:03:40.976	0.87314				2
2025.09.30	03:03:46.858	0.87315				2
2025.09.30	03:03:48.517	0.87314				2
2025.09.30	03:03:49.456	0.87315				2
2025.09.30	03:03:53.375	0.87314				2
2025.09.30	03:03:59.052	0.87315	0.87318			6
2025.09.30	03:04:01.126	0.87315				2
2025.09.30	03:04:01.777	0.87314				2
2025.09.30	03:04:05.599		0.87317			4
2025.09.30	03:04:10.669		0.87318			4
2025.09.30	03:04:14.590		0.87316			4
2025.09.30	03:04:14.986	0.87313				2
2025.09.30	03:04:21.825	0.87312	0.87315			6
2025.09.30	03:04:24.620	0.87314				2
2025.09.30	03:04:24.920	0.87317	0.87318			6
2025.09.30	03:04:25.223	0.87318	0.87319			6
2025.09.30	03:04:26.156	0.87316	0.87321			6
2025.09.30	03:04:27.764	0.87313	0.87318			6
2025.09.30	03:04:28.109	0.87312	0.87316			6
2025.09.30	03:04:28.426	0.87313				2
2025.09.30	03:04:32.920		0.87317			4
2025.09.30	03:04:34.570		0.87316			4
2025.09.30	03:04:38.444	0.87312	0.87315			6
2025.09.30	03:04:39.234	0.87313	0.87316			6
2025.09.30	03:04:40.259		0.87315			4
2025.09.30	03:04:44.348	0.87314				2
2025.09.30	03:04:45.324		0.87316			4
2025.09.30	03:04:47.217	0.87313				2
2025.09.30	03:04:53.151		0.87315			4
2025.09.30	03:04:56.057	0.87314				2
2025.09.30	03:05:00.036	0.87314	0.87316			6
2025.09.30	03:05:02.369		0.87315			4
2025.09.30	03:05:04.373	0.87311	0.87313			6
2025.09.30	03:05:04.678		0.87314			4
2025.09.30	03:05:05.939	0.87312				2
2025.09.30	03:05:06.389	0.87311				2
2025.09.30	03:05:08.078	0.87312				2
2025.09.30	03:05:09.002	0.87311				2
2025.09.30	03:05:09.438		0.87313			4
2025.09.30	03:05:10.582	0.87312	0.87314			6
2025.09.30	03:05:11.330	0.87311				2
2025.09.30	03:05:11.880	0.87312				2
2025.09.30	03:05:12.967		0.87315			4
2025.09.30	03:05:13.663	0.87313				2
2025.09.30	03:05:13.981	0.87314	0.87316			6
2025.09.30	03:05:14.317	0.87313	0.87315			6
2025.09.30	03:05:15.018	0.87314	0.87317			6
2025.09.30	03:05:15.503		0.87315			4
2025.09.30	03:05:16.535		0.87316			4
2025.09.30	03:05:16.972	0.87313				2
2025.09.30	03:05:17.285		0.87315			4
2025.09.30	03:05:18.156	0.87312	0.87316			6
2025.09.30	03:05:18.462	0.87311	0.87314			6
2025.09.30	03:05:18.783	0.87314	0.87316			6
2025.09.30	03:05:19.105	0.87313				2
2025.09.30	03:05:20.596	0.87312	0.87315			6
2025.09.30	03:05:21.541		0.87316			4
2025.09.30	03:05:23.895	0.87313				2
2025.09.30	03:05:24.199	0.87312				2
2025.09.30	03:05:24.688		0.87315			4
2025.09.30	03:05:31.875	0.87310	0.87314			6
2025.09.30	03:05:34.099	0.87309	0.87312			6
2025.09.30	03:05:35.312		0.87311			4
2025.09.30	03:05:35.972	0.87308				2
2025.09.30	03:05:42.413		0.87312			4
2025.09.30	03:05:43.868		0.87311			4
2025.09.30	03:05:44.190	0.87309				2
2025.09.30	03:05:46.381	0.87308				2
2025.09.30	03:05:47.426	0.87309	0.87312			6
2025.09.30	03:05:50.176	0.87308				2
2025.09.30	03:05:52.928	0.87309	0.87313			6
2025.09.30	03:05:59.374	0.87308	0.87312			6
2025.09.30	03:05:59.735		0.87311			4
2025.09.30	03:06:00.112	0.87310	0.87313			6
2025.09.30	03:06:00.435	0.87309				2
2025.09.30	03:06:02.790	0.87308	0.87311			6
2025.09.30	03:06:03.463	0.87310	0.87313			6
2025.09.30	03:06:04.105	0.87309				2
2025.09.30	03:06:04.459	0.87310				2
2025.09.30	03:06:09.324	0.87309				2
2025.09.30	03:06:09.963		0.87311			4
2025.09.30	03:06:10.304	0.87308	0.87312			6
2025.09.30	03:06:10.614	0.87309				2
2025.09.30	03:06:14.139	0.87308	0.87310			6
2025.09.30	03:06:14.469	0.87307				2
2025.09.30	03:06:20.987	0.87312	0.87314			6
2025.09.30	03:06:21.326	0.87311				2
2025.09.30	03:06:31.982	0.87312				2
2025.09.30	03:06:36.914	0.87311				2
2025.09.30	03:06:38.558	0.87309	0.87312			6
2025.09.30	03:06:40.835	0.87310	0.87311			6
2025.09.30	03:06:41.298		0.87314			4
2025.09.30	03:06:41.620	0.87309	0.87312			6
2025.09.30	03:06:42.897		0.87311			4
2025.09.30	03:06:45.973	0.87308	0.87310			6
2025.09.30	03:06:46.290		0.87311			4
2025.09.30	03:06:46.603	0.87310				2
2025.09.30	03:06:47.588	0.87309				2
2025.09.30	03:06:48.070	0.87310				2
2025.09.30	03:06:49.921	0.87307	0.87309			6
2025.09.30	03:06:50.696	0.87306				2
2025.09.30	03:06:51.200	0.87307				2
2025.09.30	03:06:51.508		0.87310			4
2025.09.30	03:07:00.426	0.87308	0.87311			6
2025.09.30	03:07:00.740	0.87309				2
2025.09.30	03:07:01.443	0.87308				2
2025.09.30	03:07:03.612	0.87306	0.87309			6
2025.09.30	03:07:04.824	0.87307				2
2025.09.30	03:07:05.137	0.87306				2
2025.09.30	03:07:06.123	0.87308	0.87310			6
2025.09.30	03:07:06.759	0.87307	0.87311			6
2025.09.30	03:07:07.963	0.87306				2
2025.09.30	03:07:08.273	0.87307				2
2025.09.30	03:07:08.962	0.87308				2
2025.09.30	03:07:11.342	0.87307				2
2025.09.30	03:07:11.684	0.87306	0.87310			6
2025.09.30	03:07:12.006		0.87309			4
2025.09.30	03:07:12.318	0.87307				2
2025.09.30	03:07:17.350	0.87306	0.87310			6
2025.09.30	03:07:20.128	0.87307				2
2025.09.30	03:07:20.611	0.87306				2
2025.09.30	03:07:20.915	0.87308	0.87309			6
2025.09.30	03:07:21.648	0.87307				2
2025.09.30	03:07:25.904	0.87308				2
2025.09.30	03:07:26.264	0.87307				2
2025.09.30	03:07:32.503	0.87312	0.87313			6
2025.09.30	03:07:32.866	0.87311				2
2025.09.30	03:07:33.826		0.87314			4
2025.09.30	03:07:34.345	0.87313	0.87315			6
2025.09.30	03:07:35.614	0.87312	0.87314			6
2025.09.30	03:07:42.056	0.87313	0.87315			6
2025.09.30	03:07:42.418	0.87312				2
2025.09.30	03:07:43.067	0.87313				2
2025.09.30	03:07:44.146	0.87309	0.87312			6
2025.09.30	03:07:44.514	0.87313	0.87314			6
2025.09.30	03:07:47.101	0.87312				2
2025.09.30	03:07:49.463	0.87311				2
2025.09.30	03:07:51.098	0.87309	0.87311			6
2025.09.30	03:07:51.405	0.87308	0.87310			6
2025.09.30	03:07:51.722	0.87310	0.87311			6
2025.09.30	03:07:52.123	0.87307				2
2025.09.30	03:07:52.832	0.87311	0.87313			6
2025.09.30	03:07:53.852	0.87310	0.87312			6
2025.09.30	03:07:56.454		0.87313			4
2025.09.30	03:07:58.994	0.87309	0.87312			6
2025.09.30	03:08:00.354	0.87309				2
2025.09.30	03:08:01.759	0.87310				2
2025.09.30	03:08:03.588		0.87313			4
2025.09.30	03:08:07.726	0.87311				2
2025.09.30	03:08:13.186	0.87312	0.87314			6
2025.09.30	03:08:13.499		0.87315			4
2025.09.30	03:08:18.294		0.87316			4
2025.09.30	03:08:18.599		0.87315			4
2025.09.30	03:08:18.925		0.87316			4
2025.09.30	03:08:20.498		0.87315			4
2025.09.30	03:08:22.875	0.87313				2
2025.09.30	03:08:25.953	0.87310	0.87313			6
2025.09.30	03:08:29.267		0.87312			4
2025.09.30	03:08:29.827	0.87309				2
2025.09.30	03:08:32.346	0.87310				2
2025.09.30	03:08:37.067	0.87309				2
2025.09.30	03:08:37.385	0.87310				2
2025.09.30	03:08:47.182		0.87313			4
2025.09.30	03:08:55.375		0.87314			4
2025.09.30	03:08:59.476	0.87311				2
2025.09.30	03:09:05.110	0.87311				2
2025.09.30	03:09:07.895	0.87310				2
2025.09.30	03:09:08.275	0.87312				2
2025.09.30	03:09:11.174	0.87313				2
2025.09.30	03:09:11.479	0.87312	0.87315			6
2025.09.30	03:09:12.556	0.87311				2
2025.09.30	03:09:13.274	0.87314	0.87317			6
2025.09.30	03:09:13.579	0.87313	0.87316			6
2025.09.30	03:09:13.928	0.87312				2
2025.09.30	03:09:16.381	0.87313	0.87317			6
2025.09.30	03:09:17.410	0.87315				2
2025.09.30	03:09:17.737		0.87316			4
2025.09.30	03:09:18.293		0.87317			4
2025.09.30	03:09:20.935	0.87312	0.87315			6
2025.09.30	03:09:26.272	0.87311				2
2025.09.30	03:09:30.979	0.87313	0.87316			6
2025.09.30	03:09:31.682		0.87315			4
2025.09.30	03:09:32.042	0.87311				2
2025.09.30	03:09:34.709	0.87312				2
2025.09.30	03:09:38.013	0.87311				2
2025.09.30	03:09:38.376	0.87312				2
2025.09.30	03:09:39.426	0.87311				2
2025.09.30	03:09:41.004	0.87312				2
2025.09.30	03:09:41.306	0.87311				2
2025.09.30	03:09:41.688		0.87314			4
2025.09.30	03:09:45.711	0.87313	0.87315			6
2025.09.30	03:09:46.019	0.87312				2
2025.09.30	03:09:46.350	0.87311				2
2025.09.30	03:09:47.150	0.87313				2
2025.09.30	03:09:47.913	0.87312				2
2025.09.30	03:09:51.134	0.87313	0.87316			6
2025.09.30	03:09:54.612		0.87317			4
2025.09.30	03:09:55.707		0.87316			4
2025.09.30	03:09:57.328		0.87317			4
2025.09.30	03:09:58.865	0.87315	0.87318			6
2025.09.30	03:09:59.747	0.87314	0.87317			6
2025.09.30	03:10:00.067	0.87315	0.87318			6
2025.09.30	03:10:00.392	0.87316				2
2025.09.30	03:10:01.805	0.87315				2
2025.09.30	03:10:04.563	0.87317	0.87319			6
2025.09.30	03:10:05.223	0.87316	0.87318			6
2025.09.30	03:10:09.109		0.87319			4
2025.09.30	03:10:10.944	0.87315				2
2025.09.30	03:10:11.804	0.87316				2
2025.09.30	03:10:13.527		0.87320			4
2025.09.30	03:10:14.209		0.87319			4
2025.09.30	03:10:19.475		0.87320			4
2025.09.30	03:10:22.224		0.87319			4
2025.09.30	03:10:22.770	0.87315				2
2025.09.30	03:10:25.342	0.87314	0.87318			6
2025.09.30	03:10:30.872		0.87317			4
2025.09.30	03:10:32.962		0.87318			4
2025.09.30	03:10:34.054		0.87317			4
2025.09.30	03:10:34.360		0.87318			4
2025.09.30	03:10:34.680	0.87315				2
2025.09.30	03:10:38.278		0.87319			4
2025.09.30	03:10:40.241	0.87314	0.87318			6
2025.09.30	03:10:55.462	0.87315				2
2025.09.30	03:10:59.048	0.87314				2
2025.09.30	03:10:59.393		0.87317			4
2025.09.30	03:11:02.152	0.87314				2
2025.09.30	03:11:25.925	0.87313				2
2025.09.30	03:11:28.580	0.87314				2
2025.09.30	03:11:35.921	0.87316	0.87318			6
2025.09.30	03:11:36.240	0.87314	0.87317			6
2025.09.30	03:11:36.559		0.87318			4
2025.09.30	03:11:36.889	0.87315				2
2025.09.30	03:11:38.247	0.87314				2
2025.09.30	03:11:39.513	0.87315				2
2025.09.30	03:11:39.851	0.87314				2
2025.09.30	03:11:40.938		0.87317			4
2025.09.30	03:11:41.672		0.87318			4
2025.09.30	03:11:42.364		0.87317			4
2025.09.30	03:11:48.164		0.87318			4
2025.09.30	03:11:51.706	0.87315				2
2025.09.30	03:11:52.029		0.87317			4
2025.09.30	03:11:56.366		0.87318			4
2025.09.30	03:11:56.723		0.87317			4
2025.09.30	03:11:57.063		0.87318			4
2025.09.30	03:12:01.188	0.87315				2
2025.09.30	03:12:02.215	0.87314				2
2025.09.30	03:12:04.928		0.87317			4
2025.09.30	03:12:05.583		0.87318			4
2025.09.30	03:12:09.028		0.87317			4
2025.09.30	03:12:12.257	0.87315				2
2025.09.30	03:12:17.876		0.87318			4
2025.09.30	03:12:18.178	0.87316				2
2025.09.30	03:12:18.510	0.87314	0.87316			6
2025.09.30	03:12:18.820	0.87316	0.87318			6
