<DATE>	<TIME>	<BID>	<ASK>	<LAST>	<VOLUME>	<FLAGS>
2025.12.01	00:03:30.719	0.87650	0.87704			6
2025.12.01	00:03:41.434	0.87654				2
2025.12.01	00:03:47.223	0.87650	0.87702			6
2025.12.01	00:04:00.432	0.87650				2
2025.12.01	00:04:47.434		0.87702			4
2025.12.01	00:05:00.435	0.87650	0.87703			6
2025.12.01	00:05:01.140		0.87722			4
2025.12.01	00:05:01.454		0.87701			4
2025.12.01	00:05:06.430		0.87722			4
2025.12.01	00:05:07.435		0.87701			4
2025.12.01	00:05:07.792		0.87695			4
2025.12.01	00:05:13.936		0.87696			4
2025.12.01	00:05:17.981		0.87694			4
2025.12.01	00:05:18.431		0.87702			4
2025.12.01	00:05:20.434	0.87644	0.87684			6
2025.12.01	00:05:22.281		0.87687			4
2025.12.01	00:05:22.986		0.87684			4
2025.12.01	00:05:24.098		0.87683			4
2025.12.01	00:05:29.434	0.87647				2
2025.12.01	00:05:30.431		0.87677			4
2025.12.01	00:05:34.923	0.87640				2
2025.12.01	00:05:47.640		0.87673			4
2025.12.01	00:06:00.534	0.87640				2
2025.12.01	00:06:10.772		0.87674			4
2025.12.01	00:06:19.061		0.87676			4
2025.12.01	00:06:19.941		0.87674			4
2025.12.01	00:06:24.783		0.87676			4
2025.12.01	00:06:27.069		0.87679			4
2025.12.01	00:06:28.084		0.87684			4
2025.12.01	00:06:29.061		0.87681			4
2025.12.01	00:06:30.982		0.87684			4
2025.12.01	00:06:33.282		0.87676			4
2025.12.01	00:06:33.984		0.87679			4
2025.12.01	00:06:34.809		0.87684			4
2025.12.01	00:06:36.983		0.87681			4
2025.12.01	00:06:39.071		0.87678			4
2025.12.01	00:06:39.378		0.87680			4
2025.12.01	00:06:40.620		0.87674			4
2025.12.01	00:06:46.734		0.87680			4
2025.12.01	00:06:50.117		0.87677			4
2025.12.01	00:06:52.668		0.87674			4
2025.12.01	00:07:09.569	0.87640				2
2025.12.01	00:07:24.923	0.87637				2
2025.12.01	00:07:50.534		0.87673			4
2025.12.01	00:08:00.535	0.87637				2
2025.12.01	00:08:26.965	0.87644	0.87684			6
2025.12.01	00:08:34.765		0.87688			4
2025.12.01	00:08:44.178		0.87684			4
2025.12.01	00:09:03.178	0.87644	0.87688			6
2025.12.01	00:09:07.472		0.87684			4
2025.12.01	00:09:14.340		0.87689			4
2025.12.01	00:09:21.965	0.87646				2
2025.12.01	00:09:38.741		0.87692			4
2025.12.01	00:10:00.378	0.87646				2
2025.12.01	00:10:16.964	0.87647				2
2025.12.01	00:10:24.364	0.87658				2
2025.12.01	00:10:27.341	0.87647				2
2025.12.01	00:10:39.041		0.87692			4
2025.12.01	00:11:05.142	0.87647				2
2025.12.01	00:11:48.641		0.87692			4
2025.12.01	00:12:00.041	0.87647				2
2025.12.01	00:12:52.241		0.87692			4
2025.12.01	00:13:03.426	0.87647				2
2025.12.01	00:14:07.478	0.87647	0.87692			6
2025.12.01	00:15:00.533	0.87647				2
2025.12.01	00:15:04.666	0.87595	0.87690			6
2025.12.01	00:15:05.431	0.87596	0.87689			6
2025.12.01	00:15:06.342	0.87590	0.87690			6
2025.12.01	00:15:08.433	0.87631	0.87686			6
2025.12.01	00:15:09.433	0.87643	0.87706			6
2025.12.01	00:15:10.346	0.87592	0.87690			6
2025.12.01	00:15:16.432	0.87642	0.87707			6
2025.12.01	00:15:17.431	0.87593	0.87688			6
2025.12.01	00:15:18.430	0.87592	0.87690			6
2025.12.01	00:15:20.141	0.87615	0.87724			6
2025.12.01	00:15:20.461	0.87592	0.87690			6
2025.12.01	00:15:23.142	0.87626	0.87724			6
2025.12.01	00:15:23.463	0.87592	0.87690			6
2025.12.01	00:15:26.141	0.87627	0.87722			6
2025.12.01	00:15:26.463	0.87592	0.87690			6
2025.12.01	00:15:28.433	0.87626	0.87724			6
2025.12.01	00:15:29.434	0.87592	0.87690			6
2025.12.01	00:15:34.840	0.87629	0.87686			6
2025.12.01	00:15:35.321	0.87628	0.87721			6
2025.12.01	00:15:36.041	0.87629	0.87720			6
2025.12.01	00:15:36.431	0.87592	0.87690			6
2025.12.01	00:15:47.435	0.87633	0.87721			6
2025.12.01	00:15:48.341	0.87592	0.87690			6
2025.12.01	00:15:50.215	0.87608	0.87692			6
2025.12.01	00:15:50.520	0.87593				2
2025.12.01	00:15:51.431		0.87691			4
2025.12.01	00:15:54.786	0.87591				2
2025.12.01	00:15:57.434	0.87606	0.87697			6
2025.12.01	00:15:58.306	0.87591	0.87691			6
2025.12.01	00:15:59.433	0.87633	0.87714			6
2025.12.01	00:16:00.432	0.87591	0.87691			6
2025.12.01	00:16:08.766	0.87582	0.87678			6
2025.12.01	00:16:15.355		0.87672			4
2025.12.01	00:16:19.525	0.87585	0.87674			6
2025.12.01	00:16:25.271	0.87586	0.87680			6
2025.12.01	00:16:26.276	0.87596				2
2025.12.01	00:16:27.171	0.87601	0.87691			6
2025.12.01	00:17:01.541	0.87601				2
2025.12.01	00:17:30.040		0.87691			4
2025.12.01	00:18:00.534	0.87601				2
2025.12.01	00:18:10.534		0.87690			4
2025.12.01	00:18:20.996	0.87609	0.87694			6
2025.12.01	00:18:21.431		0.87695			4
2025.12.01	00:18:22.309	0.87602	0.87694			6
2025.12.01	00:18:24.431		0.87695			4
2025.12.01	00:18:25.432	0.87630	0.87707			6
2025.12.01	00:18:25.964	0.87632	0.87704			6
2025.12.01	00:18:26.433	0.87602	0.87695			6
2025.12.01	00:18:30.433	0.87630	0.87703			6
2025.12.01	00:18:31.435	0.87602	0.87695			6
2025.12.01	00:18:43.431	0.87640	0.87717			6
2025.12.01	00:18:44.433	0.87602	0.87696			6
2025.12.01	00:18:47.432	0.87608				2
2025.12.01	00:18:48.305	0.87602				2
2025.12.01	00:18:56.433	0.87630	0.87703			6
2025.12.01	00:18:57.430	0.87602	0.87696			6
2025.12.01	00:18:58.430	0.87639	0.87718			6
2025.12.01	00:18:59.026		0.87717			4
2025.12.01	00:18:59.430	0.87602	0.87698			6
2025.12.01	00:19:00.434	0.87602				2
2025.12.01	00:19:02.049	0.87605				2
2025.12.01	00:19:02.432		0.87699			4
2025.12.01	00:19:10.434	0.87640	0.87716			6
2025.12.01	00:19:11.430	0.87605	0.87699			6
2025.12.01	00:19:13.434	0.87604				2
2025.12.01	00:19:18.430		0.87700			4
2025.12.01	00:19:28.431	0.87640	0.87717			6
2025.12.01	00:19:29.432	0.87604	0.87700			6
2025.12.01	00:19:31.431	0.87603				2
2025.12.01	00:19:33.838	0.87607				2
2025.12.01	00:19:37.434		0.87701			4
2025.12.01	00:19:39.934	0.87608				2
2025.12.01	00:19:40.432	0.87607				2
2025.12.01	00:19:46.434	0.87640	0.87717			6
2025.12.01	00:19:47.431	0.87607	0.87701			6
2025.12.01	00:19:58.435	0.87640	0.87717			6
2025.12.01	00:19:59.432	0.87607	0.87701			6
2025.12.01	00:20:00.431	0.87607				2
2025.12.01	00:20:05.435	0.87608	0.87698			6
2025.12.01	00:20:06.032	0.87607				2
2025.12.01	00:20:11.009	0.87603	0.87697			6
2025.12.01	00:20:11.433	0.87636	0.87708			6
2025.12.01	00:20:12.344	0.87603	0.87698			6
2025.12.01	00:20:19.431	0.87627	0.87708			6
2025.12.01	00:20:20.430	0.87603	0.87698			6
2025.12.01	00:20:22.341	0.87602				2
2025.12.01	00:20:23.432	0.87635	0.87708			6
2025.12.01	00:20:24.342	0.87602	0.87698			6
2025.12.01	00:20:24.849	0.87616	0.87702			6
2025.12.01	00:20:25.431	0.87615				2
2025.12.01	00:20:26.085	0.87616				2
2025.12.01	00:20:26.433	0.87615				2
2025.12.01	00:20:27.088	0.87616				2
2025.12.01	00:20:27.431	0.87615				2
2025.12.01	00:20:28.105	0.87616				2
2025.12.01	00:20:28.432	0.87615				2
2025.12.01	00:20:29.120	0.87616				2
2025.12.01	00:20:29.434	0.87615				2
2025.12.01	00:20:30.116	0.87616				2
2025.12.01	00:20:30.431	0.87615				2
2025.12.01	00:20:30.964	0.87616				2
2025.12.01	00:20:31.432	0.87615				2
2025.12.01	00:20:33.096	0.87616				2
2025.12.01	00:20:33.431	0.87615				2
2025.12.01	00:20:34.107	0.87616	0.87701			6
2025.12.01	00:20:34.431	0.87615				2
2025.12.01	00:20:34.855	0.87616				2
2025.12.01	00:20:35.434	0.87615				2
2025.12.01	00:20:36.434	0.87639	0.87714			6
2025.12.01	00:20:37.432	0.87615	0.87701			6
2025.12.01	00:20:39.430	0.87633	0.87724			6
2025.12.01	00:20:40.623		0.87723			4
2025.12.01	00:20:43.878		0.87721			4
2025.12.01	00:20:44.434	0.87634	0.87722			6
2025.12.01	00:20:53.306	0.87623	0.87704			6
2025.12.01	00:20:53.876	0.87626				2
2025.12.01	00:20:54.377	0.87623				2
2025.12.01	00:20:54.878	0.87625				2
2025.12.01	00:20:55.308	0.87623				2
2025.12.01	00:20:55.877	0.87626				2
2025.12.01	00:20:56.384	0.87623				2
2025.12.01	00:20:56.718	0.87625				2
2025.12.01	00:20:57.281	0.87623	0.87707			6
2025.12.01	00:20:57.877	0.87626				2
2025.12.01	00:20:58.378	0.87623				2
2025.12.01	00:20:58.877	0.87625				2
2025.12.01	00:20:59.273	0.87623				2
2025.12.01	00:20:59.604	0.87625				2
2025.12.01	00:21:00.307	0.87623				2
2025.12.01	00:21:00.878	0.87625				2
2025.12.01	00:21:01.305	0.87623				2
2025.12.01	00:21:01.610	0.87625				2
2025.12.01	00:21:02.305	0.87623				2
2025.12.01	00:21:02.614	0.87625				2
2025.12.01	00:21:03.305	0.87623				2
2025.12.01	00:21:03.617	0.87625				2
2025.12.01	00:21:04.304	0.87623				2
2025.12.01	00:21:04.620	0.87625				2
2025.12.01	00:21:05.305	0.87623				2
2025.12.01	00:21:05.877	0.87625				2
2025.12.01	00:21:06.305	0.87623				2
2025.12.01	00:21:06.876	0.87625				2
2025.12.01	00:21:07.304	0.87623				2
2025.12.01	00:21:07.877	0.87625				2
2025.12.01	00:21:08.882	0.87626				2
2025.12.01	00:21:09.272	0.87623				2
2025.12.01	00:21:09.876	0.87625				2
2025.12.01	00:21:10.279	0.87623				2
2025.12.01	00:21:10.877	0.87625				2
2025.12.01	00:21:12.305	0.87626	0.87708			6
2025.12.01	00:21:12.878	0.87628				2
2025.12.01	00:21:13.305	0.87626				2
2025.12.01	00:21:13.798	0.87620	0.87706			6
2025.12.01	00:21:14.325	0.87617				2
2025.12.01	00:21:14.878	0.87619				2
2025.12.01	00:21:19.186	0.87636	0.87719			6
2025.12.01	00:21:19.496	0.87619	0.87700			6
2025.12.01	00:21:36.432	0.87615	0.87686			6
2025.12.01	00:21:37.062	0.87616				2
2025.12.01	00:21:37.377	0.87614				2
2025.12.01	00:21:38.341		0.87683			4
2025.12.01	00:21:46.561		0.87682			4
2025.12.01	00:21:49.921	0.87508	0.87692			6
2025.12.01	00:21:50.282		0.87698			4
2025.12.01	00:21:52.926	0.87522	0.87696			6
2025.12.01	00:22:00.345	0.87538	0.87694			6
2025.12.01	00:22:07.778	0.87560	0.87693			6
2025.12.01	00:22:15.043		0.87685			4
2025.12.01	00:22:24.331	0.87578	0.87690			6
2025.12.01	00:22:25.841	0.87583	0.87672			6
2025.12.01	00:22:27.746	0.87578				2
2025.12.01	00:22:35.569		0.87671			4
2025.12.01	00:22:36.102	0.87580	0.87672			6
2025.12.01	00:22:37.540	0.87579	0.87673			6
2025.12.01	00:22:42.393	0.87587	0.87672			6
2025.12.01	00:22:42.807	0.87585	0.87674			6
2025.12.01	00:22:51.769	0.87578	0.87673			6
2025.12.01	00:22:54.626		0.87672			4
2025.12.01	00:22:56.654		0.87673			4
2025.12.01	00:23:02.094	0.87578				2
2025.12.01	00:23:14.005	0.87579				2
2025.12.01	00:23:27.816	0.87583				2
2025.12.01	00:23:28.816		0.87672			4
2025.12.01	00:24:04.841	0.87583				2
2025.12.01	00:24:09.041		0.87671			4
2025.12.01	00:24:19.241		0.87672			4
2025.12.01	00:24:21.780		0.87671			4
2025.12.01	00:24:31.022	0.87588	0.87675			6
2025.12.01	00:24:53.745		0.87676			4
2025.12.01	00:25:00.377	0.87588				2
2025.12.01	00:25:01.426	0.87580	0.87672			6
2025.12.01	00:25:02.009	0.87593	0.87673			6
2025.12.01	00:25:03.313	0.87580	0.87672			6
2025.12.01	00:25:34.542		0.87673			4
2025.12.01	00:25:46.241		0.87672			4
2025.12.01	00:26:00.340	0.87580	0.87673			6
2025.12.01	00:26:12.782	0.87581	0.87675			6
2025.12.01	00:27:02.787	0.87581				2
2025.12.01	00:27:25.993		0.87675			4
2025.12.01	00:28:05.112	0.87581				2
2025.12.01	00:28:18.640	0.87580				2
2025.12.01	00:28:27.940		0.87675			4
2025.12.01	00:28:29.394	0.87572	0.87667			6
2025.12.01	00:28:39.926	0.87571	0.87668			6
2025.12.01	00:28:43.112	0.87570	0.87669			6
2025.12.01	00:29:00.940	0.87570				2
2025.12.01	00:29:30.899	0.87571	0.87668			6
2025.12.01	00:29:46.119	0.87570	0.87669			6
2025.12.01	00:29:53.569	0.87572	0.87668			6
2025.12.01	00:30:00.418	0.87567	0.87672			6
2025.12.01	00:30:01.305	0.87564	0.87675			6
2025.12.01	00:30:01.809	0.87566	0.87677			6
2025.12.01	00:30:03.914		0.87679			4
2025.12.01	00:30:09.041		0.87680			4
2025.12.01	00:30:09.749	0.87569	0.87681			6
2025.12.01	00:30:10.869	0.87573	0.87684			6
2025.12.01	00:30:12.216	0.87575	0.87682			6
2025.12.01	00:30:13.096		0.87683			4
2025.12.01	00:30:17.053		0.87681			4
2025.12.01	00:30:17.741		0.87679			4
2025.12.01	00:30:18.064	0.87576				2
2025.12.01	00:30:20.848	0.87579	0.87678			6
2025.12.01	00:30:21.525	0.87580	0.87676			6
2025.12.01	00:30:21.982	0.87579	0.87678			6
2025.12.01	00:30:22.305	0.87581	0.87675			6
2025.12.01	00:30:22.780	0.87579	0.87677			6
2025.12.01	00:30:23.097	0.87581	0.87675			6
2025.12.01	00:30:23.414	0.87579	0.87678			6
2025.12.01	00:30:25.840	0.87578				2
2025.12.01	00:30:26.694		0.87679			4
2025.12.01	00:30:29.073	0.87577	0.87681			6
2025.12.01	00:30:30.629		0.87679			4
2025.12.01	00:30:41.740		0.87678			4
2025.12.01	00:30:46.526	0.87578	0.87677			6
2025.12.01	00:30:47.025	0.87577	0.87678			6
2025.12.01	00:30:47.524	0.87578	0.87677			6
2025.12.01	00:30:48.025	0.87577	0.87678			6
2025.12.01	00:30:48.525	0.87578	0.87677			6
2025.12.01	00:30:49.026	0.87577	0.87678			6
2025.12.01	00:30:49.524	0.87579	0.87676			6
2025.12.01	00:30:49.995	0.87577	0.87678			6
2025.12.01	00:30:50.465	0.87579	0.87676			6
2025.12.01	00:30:50.931	0.87594	0.87678			6
2025.12.01	00:31:00.534	0.87594				2
2025.12.01	00:31:02.069	0.87595				2
2025.12.01	00:31:04.526	0.87597	0.87676			6
2025.12.01	00:31:04.996	0.87595	0.87678			6
2025.12.01	00:31:05.466	0.87596	0.87677			6
2025.12.01	00:31:05.968	0.87593	0.87680			6
2025.12.01	00:31:08.140	0.87592				2
2025.12.01	00:31:12.640	0.87593				2
2025.12.01	00:31:17.059	0.87562				2
2025.12.01	00:31:18.529		0.87677			4
2025.12.01	00:31:18.999		0.87678			4
2025.12.01	00:31:19.469		0.87677			4
2025.12.01	00:31:19.935		0.87679			4
2025.12.01	00:31:21.218		0.87680			4
2025.12.01	00:31:21.710		0.87677			4
2025.12.01	00:31:22.093	0.87565	0.87679			6
2025.12.01	00:31:23.141		0.87680			4
2025.12.01	00:31:24.041		0.87681			4
2025.12.01	00:31:32.210		0.87680			4
2025.12.01	00:31:34.351		0.87679			4
2025.12.01	00:31:34.911	0.87571	0.87681			6
2025.12.01	00:31:35.787		0.87678			4
2025.12.01	00:31:36.205	0.87560	0.87676			6
2025.12.01	00:31:36.588	0.87556	0.87674			6
2025.12.01	00:31:36.950		0.87677			4
2025.12.01	00:31:39.506		0.87679			4
2025.12.01	00:31:42.098		0.87680			4
2025.12.01	00:31:42.828		0.87678			4
2025.12.01	00:31:44.040	0.87559	0.87679			6
2025.12.01	00:31:45.540		0.87677			4
2025.12.01	00:32:03.916	0.87569				2
2025.12.01	00:32:05.164	0.87568	0.87678			6
2025.12.01	00:32:05.659	0.87565				2
2025.12.01	00:32:09.224		0.87679			4
2025.12.01	00:32:10.350	0.87556	0.87677			6
2025.12.01	00:32:41.111		0.87674			4
2025.12.01	00:32:41.499	0.87559	0.87676			6
2025.12.01	00:32:42.514		0.87677			4
2025.12.01	00:32:43.130		0.87676			4
2025.12.01	00:33:03.694	0.87559	0.87677			6
2025.12.01	00:33:04.192		0.87676			4
2025.12.01	00:33:04.497	0.87575				2
2025.12.01	00:33:30.769		0.87678			4
2025.12.01	00:33:40.766		0.87676			4
2025.12.01	00:33:46.373	0.87569				2
2025.12.01	00:33:51.344		0.87677			4
2025.12.01	00:33:54.455		0.87674			4
2025.12.01	00:33:58.840	0.87568				2
2025.12.01	00:34:03.916	0.87568				2
2025.12.01	00:34:14.878		0.87676			4
2025.12.01	00:34:46.361	0.87571				2
2025.12.01	00:34:48.155		0.87674			4
2025.12.01	00:34:54.634		0.87675			4
2025.12.01	00:34:55.042		0.87674			4
2025.12.01	00:35:00.428	0.87571				2
2025.12.01	00:35:01.178		0.87676			4
2025.12.01	00:35:02.752		0.87674			4
2025.12.01	00:35:03.758		0.87675			4
2025.12.01	00:35:07.312		0.87676			4
2025.12.01	00:35:08.700		0.87678			4
2025.12.01	00:35:09.919	0.87572	0.87677			6
2025.12.01	00:35:11.821	0.87564	0.87673			6
2025.12.01	00:35:13.231	0.87568	0.87676			6
2025.12.01	00:35:13.612		0.87677			4
2025.12.01	00:35:21.746	0.87576				2
2025.12.01	00:35:33.165	0.87578	0.87675			6
2025.12.01	00:35:43.177	0.87568				2
2025.12.01	00:35:45.834		0.87674			4
2025.12.01	00:35:46.599		0.87676			4
2025.12.01	00:35:49.712		0.87675			4
2025.12.01	00:35:53.233		0.87674			4
2025.12.01	00:35:57.835		0.87676			4
2025.12.01	00:35:58.846		0.87674			4
2025.12.01	00:36:01.278	0.87568				2
2025.12.01	00:36:11.248	0.87570				2
2025.12.01	00:36:12.339		0.87675			4
2025.12.01	00:36:26.457	0.87571				2
2025.12.01	00:36:32.440		0.87674			4
2025.12.01	00:36:36.689	0.87572				2
2025.12.01	00:36:39.431		0.87675			4
2025.12.01	00:36:44.538		0.87676			4
2025.12.01	00:36:53.140	0.87563				2
2025.12.01	00:36:54.190		0.87675			4
2025.12.01	00:36:59.433		0.87676			4
2025.12.01	00:37:00.663	0.87563	0.87678			6
2025.12.01	00:37:02.239		0.87677			4
2025.12.01	00:37:14.886		0.87676			4
2025.12.01	00:37:15.480		0.87678			4
2025.12.01	00:37:16.362		0.87677			4
2025.12.01	00:37:20.422		0.87678			4
2025.12.01	00:37:24.940		0.87677			4
2025.12.01	00:37:42.026		0.87678			4
2025.12.01	00:37:45.641		0.87677			4
2025.12.01	00:37:52.879	0.87566	0.87670			6
2025.12.01	00:37:53.886	0.87568	0.87669			6
2025.12.01	00:37:54.283	0.87566	0.87670			6
2025.12.01	00:37:55.306	0.87567	0.87669			6
2025.12.01	00:37:55.670		0.87670			4
2025.12.01	00:37:57.121	0.87564	0.87672			6
2025.12.01	00:37:57.457	0.87567	0.87670			6
2025.12.01	00:37:57.761	0.87565	0.87671			6
2025.12.01	00:38:00.691	0.87567	0.87670			6
2025.12.01	00:38:01.796		0.87672			4
2025.12.01	00:38:02.100		0.87669			4
2025.12.01	00:38:04.840		0.87670			4
2025.12.01	00:38:05.158		0.87668			4
2025.12.01	00:38:05.847	0.87568				2
2025.12.01	00:38:06.835	0.87566	0.87670			6
2025.12.01	00:38:09.200	0.87567	0.87669			6
2025.12.01	00:38:18.040		0.87668			4
2025.12.01	00:38:19.541	0.87565	0.87671			6
2025.12.01	00:38:22.068	0.87566	0.87670			6
2025.12.01	00:38:30.011	0.87565	0.87671			6
2025.12.01	00:38:31.000	0.87566	0.87670			6
2025.12.01	00:38:31.561	0.87565	0.87671			6
2025.12.01	00:38:33.425	0.87566	0.87670			6
2025.12.01	00:38:37.064		0.87671			4
2025.12.01	00:38:38.140		0.87670			4
2025.12.01	00:38:42.095	0.87565	0.87671			6
2025.12.01	00:38:44.326	0.87567	0.87670			6
2025.12.01	00:38:46.616	0.87566				2
2025.12.01	00:38:48.640	0.87567				2
2025.12.01	00:38:50.601		0.87669			4
2025.12.01	00:38:51.615	0.87566	0.87670			6
2025.12.01	00:38:52.840		0.87671			4
2025.12.01	00:38:55.541		0.87670			4
2025.12.01	00:39:00.341	0.87568	0.87669			6
2025.12.01	00:39:01.431	0.87570	0.87667			6
2025.12.01	00:39:04.009	0.87568	0.87668			6
2025.12.01	00:39:04.363	0.87569	0.87667			6
2025.12.01	00:39:05.641	0.87572	0.87666			6
2025.12.01	00:39:07.069	0.87568	0.87669			6
2025.12.01	00:39:09.944	0.87571	0.87666			6
2025.12.01	00:39:10.438	0.87569	0.87668			6
2025.12.01	00:39:14.892	0.87572	0.87666			6
2025.12.01	00:39:15.197	0.87570				2
2025.12.01	00:39:17.141	0.87571				2
2025.12.01	00:39:19.677	0.87570	0.87667			6
2025.12.01	00:39:23.667	0.87569	0.87668			6
2025.12.01	00:39:25.387	0.87568	0.87669			6
2025.12.01	00:39:27.037	0.87567	0.87670			6
2025.12.01	00:39:29.488	0.87568	0.87669			6
2025.12.01	00:39:30.215	0.87570				2
2025.12.01	00:39:31.540		0.87670			4
2025.12.01	00:39:32.399		0.87669			4
2025.12.01	00:39:34.816		0.87670			4
2025.12.01	00:39:41.495	0.87569				2
2025.12.01	00:39:45.686	0.87570	0.87669			6
2025.12.01	00:39:47.741		0.87670			4
2025.12.01	00:39:50.143		0.87669			4
2025.12.01	00:39:55.540		0.87668			4
2025.12.01	00:39:55.961		0.87669			4
2025.12.01	00:39:58.613		0.87668			4
2025.12.01	00:40:00.247	0.87571				2
2025.12.01	00:40:03.340	0.87570	0.87669			6
2025.12.01	00:40:06.193	0.87571	0.87668			6
2025.12.01	00:40:12.341	0.87570	0.87669			6
2025.12.01	00:40:13.189		0.87668			4
2025.12.01	00:40:15.254	0.87571				2
2025.12.01	00:40:15.855	0.87570	0.87669			6
2025.12.01	00:40:22.397		0.87668			4
2025.12.01	00:40:23.017	0.87586				2
2025.12.01	00:40:25.167	0.87583	0.87669			6
2025.12.01	00:40:26.740	0.87584				2
2025.12.01	00:40:29.319		0.87670			4
2025.12.01	00:40:30.446	0.87583				2
2025.12.01	00:40:31.598	0.87584	0.87668			6
2025.12.01	00:40:32.717	0.87583	0.87670			6
2025.12.01	00:40:34.328	0.87585	0.87667			6
2025.12.01	00:40:36.978	0.87587	0.87666			6
2025.12.01	00:40:39.484	0.87586	0.87667			6
2025.12.01	00:40:40.089	0.87587	0.87666			6
2025.12.01	00:40:41.541		0.87665			4
2025.12.01	00:40:41.859	0.87586	0.87667			6
2025.12.01	00:40:44.887	0.87587	0.87666			6
2025.12.01	00:40:47.684	0.87584	0.87669			6
2025.12.01	00:40:50.277	0.87587	0.87666			6
2025.12.01	00:40:53.670	0.87588				2
2025.12.01	00:40:55.320	0.87589				2
2025.12.01	00:40:56.799	0.87588	0.87665			6
2025.12.01	00:40:58.329	0.87586	0.87667			6
2025.12.01	00:40:58.888		0.87668			4
2025.12.01	00:41:01.089	0.87586				2
2025.12.01	00:41:02.811	0.87588	0.87666			6
2025.12.01	00:41:07.973	0.87586				2
2025.12.01	00:41:08.742	0.87587				2
2025.12.01	00:41:10.346	0.87588				2
2025.12.01	00:41:11.642	0.87587	0.87667			6
2025.12.01	00:41:12.098	0.87588	0.87665			6
2025.12.01	00:41:13.829	0.87586	0.87667			6
2025.12.01	00:41:15.282	0.87585	0.87668			6
2025.12.01	00:41:16.785		0.87667			4
2025.12.01	00:41:18.001	0.87584	0.87669			6
2025.12.01	00:41:18.932	0.87586	0.87668			6
2025.12.01	00:41:23.017	0.87570	0.87669			6
2025.12.01	00:41:23.602	0.87584				2
2025.12.01	00:41:26.114	0.87585	0.87668			6
2025.12.01	00:41:30.537		0.87669			4
2025.12.01	00:41:38.117	0.87584				2
2025.12.01	00:41:40.543	0.87583				2
2025.12.01	00:41:41.387	0.87603	0.87682			6
2025.12.01	00:41:41.809	0.87609				2
2025.12.01	00:41:42.192		0.87679			4
2025.12.01	00:41:42.499	0.87612	0.87680			6
2025.12.01	00:41:43.177	0.87613	0.87681			6
2025.12.01	00:41:43.480		0.87680			4
2025.12.01	00:41:44.141	0.87609	0.87677			6
2025.12.01	00:41:45.177	0.87610	0.87679			6
2025.12.01	00:41:46.676		0.87678			4
2025.12.01	00:41:47.677		0.87679			4
2025.12.01	00:41:48.177		0.87678			4
2025.12.01	00:41:48.744		0.87677			4
2025.12.01	00:41:49.679		0.87678			4
2025.12.01	00:41:50.177		0.87677			4
2025.12.01	00:41:50.675	0.87607				2
2025.12.01	00:41:51.669		0.87678			4
2025.12.01	00:41:52.132	0.87612	0.87679			6
2025.12.01	00:41:52.678	0.87610	0.87678			6
2025.12.01	00:41:54.177	0.87612	0.87679			6
2025.12.01	00:41:54.496		0.87677			4
2025.12.01	00:41:55.177		0.87678			4
2025.12.01	00:41:56.176		0.87680			4
2025.12.01	00:41:56.487	0.87614	0.87678			6
2025.12.01	00:41:56.812	0.87611				2
2025.12.01	00:41:57.180		0.87679			4
2025.12.01	00:41:57.678	0.87615	0.87682			6
2025.12.01	00:41:58.249		0.87681			4
2025.12.01	00:41:58.678		0.87682			4
2025.12.01	00:41:59.346	0.87621	0.87683			6
2025.12.01	00:41:59.681	0.87623				2
2025.12.01	00:42:00.179	0.87623				2
2025.12.01	00:42:02.178		0.87682			4
2025.12.01	00:42:02.677		0.87683			4
2025.12.01	00:42:03.177	0.87625	0.87682			6
2025.12.01	00:42:04.523	0.87623				2
2025.12.01	00:42:05.178	0.87625				2
2025.12.01	00:42:06.177	0.87627				2
2025.12.01	00:42:07.177	0.87626	0.87687			6
2025.12.01	00:42:08.679	0.87624	0.87682			6
2025.12.01	00:42:09.177		0.87684			4
2025.12.01	00:42:10.518		0.87685			4
2025.12.01	00:42:11.676		0.87686			4
2025.12.01	00:42:12.677		0.87687			4
2025.12.01	00:42:13.178		0.87683			4
2025.12.01	00:42:14.740	0.87626	0.87686			6
2025.12.01	00:42:15.678		0.87683			4
2025.12.01	00:42:17.679		0.87687			4
2025.12.01	00:42:18.678		0.87683			4
2025.12.01	00:42:20.057		0.87685			4
2025.12.01	00:42:20.368	0.87627	0.87682			6
2025.12.01	00:42:20.677		0.87683			4
2025.12.01	00:42:21.177	0.87626				2
2025.12.01	00:42:21.477		0.87682			4
2025.12.01	00:42:22.679		0.87685			4
2025.12.01	00:42:23.058		0.87682			4
2025.12.01	00:42:23.416		0.87687			4
2025.12.01	00:42:23.731		0.87686			4
2025.12.01	00:42:25.179		0.87676			4
2025.12.01	00:42:26.178		0.87678			4
2025.12.01	00:42:26.676		0.87681			4
2025.12.01	00:42:27.178		0.87684			4
2025.12.01	00:42:28.178		0.87683			4
2025.12.01	00:42:30.053		0.87684			4
2025.12.01	00:42:31.082		0.87682			4
2025.12.01	00:42:31.677		0.87679			4
2025.12.01	00:42:33.177	0.87606	0.87668			6
2025.12.01	00:42:33.499	0.87604				2
2025.12.01	00:42:34.178	0.87595	0.87673			6
2025.12.01	00:42:34.485	0.87603	0.87675			6
2025.12.01	00:42:35.179	0.87602	0.87677			6
2025.12.01	00:42:35.617		0.87681			4
2025.12.01	00:42:36.191	0.87603				2
2025.12.01	00:42:36.678	0.87602				2
2025.12.01	00:42:38.125	0.87604	0.87679			6
2025.12.01	00:42:38.679	0.87605	0.87678			6
2025.12.01	00:42:39.678	0.87613	0.87679			6
2025.12.01	00:42:40.678	0.87612	0.87680			6
2025.12.01	00:42:41.141	0.87609	0.87691			6
2025.12.01	00:42:42.179		0.87690			4
2025.12.01	00:42:43.177	0.87627	0.87693			6
2025.12.01	00:42:43.679	0.87629	0.87691			6
2025.12.01	00:42:44.679		0.87692			4
2025.12.01	00:42:45.181		0.87691			4
2025.12.01	00:42:45.678	0.87609	0.87690			6
2025.12.01	00:42:46.188	0.87612				2
2025.12.01	00:42:46.536	0.87609	0.87677			6
2025.12.01	00:42:46.871	0.87607	0.87675			6
2025.12.01	00:42:47.180	0.87609	0.87676			6
2025.12.01	00:42:47.526	0.87615	0.87678			6
2025.12.01	00:42:48.076	0.87613				2
2025.12.01	00:42:49.058	0.87611	0.87681			6
2025.12.01	00:42:50.182	0.87614				2
2025.12.01	00:42:50.753		0.87680			4
2025.12.01	00:42:51.177		0.87682			4
2025.12.01	00:42:51.677		0.87680			4
2025.12.01	00:42:52.180		0.87681			4
2025.12.01	00:42:53.181		0.87677			4
2025.12.01	00:42:53.498		0.87678			4
2025.12.01	00:42:54.178		0.87679			4
2025.12.01	00:42:54.679	0.87613	0.87681			6
2025.12.01	00:42:55.177		0.87680			4
2025.12.01	00:42:55.797		0.87678			4
2025.12.01	00:42:56.176		0.87679			4
2025.12.01	00:42:56.677		0.87682			4
2025.12.01	00:42:57.609	0.87610	0.87678			6
2025.12.01	00:42:58.154		0.87682			4
2025.12.01	00:42:59.141		0.87681			4
2025.12.01	00:43:00.180	0.87610	0.87679			6
2025.12.01	00:43:00.518	0.87613	0.87683			6
2025.12.01	00:43:01.179	0.87611	0.87681			6
2025.12.01	00:43:01.649	0.87610				2
2025.12.01	00:43:02.273	0.87612	0.87679			6
2025.12.01	00:43:04.260	0.87626	0.87680			6
2025.12.01	00:43:06.726		0.87679			4
2025.12.01	00:43:09.335		0.87680			4
2025.12.01	00:43:11.600		0.87681			4
2025.12.01	00:43:13.240		0.87679			4
2025.12.01	00:43:13.583		0.87678			4
2025.12.01	00:43:14.141		0.87679			4
2025.12.01	00:43:17.740		0.87678			4
2025.12.01	00:43:18.323		0.87680			4
2025.12.01	00:43:19.166		0.87679			4
2025.12.01	00:43:20.982		0.87678			4
2025.12.01	00:43:22.341		0.87679			4
2025.12.01	00:43:24.340		0.87678			4
2025.12.01	00:43:27.126		0.87679			4
2025.12.01	00:43:27.732		0.87678			4
2025.12.01	00:43:36.692		0.87677			4
2025.12.01	00:43:38.142		0.87678			4
2025.12.01	00:43:39.942		0.87677			4
2025.12.01	00:43:58.403		0.87678			4
2025.12.01	00:43:59.310	0.87625				2
2025.12.01	00:44:00.341	0.87625				2
2025.12.01	00:44:01.384		0.87677			4
2025.12.01	00:44:01.694		0.87679			4
2025.12.01	00:44:01.998		0.87678			4
2025.12.01	00:44:04.470		0.87677			4
2025.12.01	00:44:06.911		0.87678			4
2025.12.01	00:44:09.961		0.87679			4
2025.12.01	00:44:12.124		0.87678			4
2025.12.01	00:44:21.040		0.87677			4
2025.12.01	00:44:21.815		0.87678			4
2025.12.01	00:44:27.125		0.87677			4
2025.12.01	00:44:29.061		0.87678			4
2025.12.01	00:44:31.128		0.87679			4
2025.12.01	00:44:32.442		0.87678			4
2025.12.01	00:44:33.198		0.87677			4
2025.12.01	00:44:37.037		0.87678			4
2025.12.01	00:44:38.868		0.87677			4
2025.12.01	00:44:44.140		0.87678			4
2025.12.01	00:44:46.241		0.87677			4
2025.12.01	00:44:46.618		0.87687			4
2025.12.01	00:44:48.340	0.87626	0.87684			6
2025.12.01	00:44:49.214	0.87627	0.87683			6
2025.12.01	00:44:49.690	0.87628	0.87687			6
2025.12.01	00:45:00.535	0.87625				2
2025.12.01	00:45:00.840		0.87684			4
2025.12.01	00:45:02.832		0.87682			4
2025.12.01	00:45:03.170	0.87612	0.87684			6
2025.12.01	00:45:06.568	0.87625				2
2025.12.01	00:45:11.503	0.87637	0.87672			6
2025.12.01	00:45:15.039		0.87671			4
2025.12.01	00:45:25.362		0.87672			4
2025.12.01	00:45:25.809		0.87670			4
2025.12.01	00:45:30.188		0.87671			4
2025.12.01	00:45:37.202		0.87670			4
2025.12.01	00:45:39.283		0.87672			4
2025.12.01	00:45:40.795		0.87671			4
2025.12.01	00:45:47.132		0.87670			4
2025.12.01	00:45:49.241		0.87671			4
2025.12.01	00:45:58.392		0.87672			4
2025.12.01	00:45:58.840		0.87671			4
2025.12.01	00:46:00.633	0.87637				2
2025.12.01	00:46:04.543		0.87670			4
2025.12.01	00:46:05.554		0.87671			4
2025.12.01	00:46:13.861		0.87670			4
2025.12.01	00:46:15.608		0.87669			4
2025.12.01	00:46:16.024		0.87670			4
2025.12.01	00:46:19.296		0.87671			4
2025.12.01	00:46:25.905		0.87670			4
2025.12.01	00:46:27.133		0.87672			4
2025.12.01	00:46:27.861		0.87671			4
2025.12.01	00:46:31.446		0.87670			4
2025.12.01	00:46:32.900		0.87671			4
2025.12.01	00:46:34.540		0.87670			4
2025.12.01	00:46:37.541		0.87671			4
2025.12.01	00:46:43.541		0.87669			4
2025.12.01	00:46:44.954		0.87670			4
2025.12.01	00:46:46.033		0.87672			4
2025.12.01	00:46:47.140		0.87671			4
2025.12.01	00:46:51.041		0.87670			4
2025.12.01	00:46:54.496		0.87669			4
2025.12.01	00:46:55.789		0.87670			4
2025.12.01	00:47:00.340	0.87637				2
2025.12.01	00:47:03.193	0.87625	0.87672			6
2025.12.01	00:47:04.757	0.87624				2
2025.12.01	00:47:06.618	0.87637	0.87671			6
2025.12.01	00:47:06.942		0.87670			4
2025.12.01	00:47:11.790		0.87671			4
2025.12.01	00:47:14.142		0.87670			4
2025.12.01	00:47:21.597		0.87669			4
2025.12.01	00:47:27.342		0.87670			4
2025.12.01	00:47:37.765		0.87669			4
2025.12.01	00:47:39.313		0.87670			4
2025.12.01	00:47:58.731		0.87669			4
2025.12.01	00:48:00.534	0.87637				2
2025.12.01	00:48:21.875		0.87663			4
2025.12.01	00:48:22.178		0.87670			4
2025.12.01	00:48:22.489		0.87669			4
2025.12.01	00:48:22.802		0.87668			4
2025.12.01	00:48:26.674		0.87669			4
2025.12.01	00:48:47.617		0.87667			4
2025.12.01	00:48:47.969		0.87668			4
2025.12.01	00:48:58.488		0.87669			4
2025.12.01	00:49:00.041	0.87637	0.87668			6
2025.12.01	00:49:11.266		0.87667			4
2025.12.01	00:49:11.781		0.87666			4
2025.12.01	00:49:12.128		0.87669			4
2025.12.01	00:49:24.642		0.87670			4
2025.12.01	00:49:30.534		0.87669			4
2025.12.01	00:49:36.771		0.87670			4
2025.12.01	00:49:49.856		0.87666			4
2025.12.01	00:49:50.167		0.87667			4
2025.12.01	00:50:00.041	0.87637				2
2025.12.01	00:50:02.108		0.87663			4
2025.12.01	00:50:02.613		0.87664			4
2025.12.01	00:50:04.153	0.87640	0.87669			6
2025.12.01	00:50:05.078		0.87670			4
2025.12.01	00:50:11.545		0.87669			4
2025.12.01	00:50:19.789		0.87671			4
2025.12.01	00:50:23.977		0.87669			4
2025.12.01	00:50:30.142		0.87670			4
2025.12.01	00:50:38.123		0.87669			4
2025.12.01	00:50:42.571		0.87667			4
2025.12.01	00:50:47.649		0.87669			4
2025.12.01	00:50:48.329		0.87670			4
2025.12.01	00:50:50.535		0.87669			4
2025.12.01	00:50:52.143	0.87637				2
2025.12.01	00:50:56.095		0.87670			4
2025.12.01	00:50:56.494	0.87638	0.87669			6
2025.12.01	00:50:58.513	0.87639				2
2025.12.01	00:50:59.415	0.87637	0.87670			6
2025.12.01	00:51:00.534	0.87637				2
2025.12.01	00:51:00.839	0.87638	0.87671			6
2025.12.01	00:51:05.740		0.87670			4
2025.12.01	00:51:07.313		0.87669			4
2025.12.01	00:51:09.692		0.87670			4
2025.12.01	00:51:21.351		0.87671			4
2025.12.01	00:51:30.533		0.87670			4
2025.12.01	00:51:31.711		0.87671			4
2025.12.01	00:51:39.778	0.87639	0.87669			6
2025.12.01	00:51:46.030		0.87670			4
2025.12.01	00:51:48.375		0.87669			4
2025.12.01	00:51:52.146		0.87670			4
2025.12.01	00:51:55.358		0.87669			4
2025.12.01	00:51:56.697	0.87637	0.87668			6
2025.12.01	00:52:00.535	0.87634	0.87662			6
2025.12.01	00:52:00.839		0.87670			4
2025.12.01	00:52:01.417	0.87632				2
2025.12.01	00:52:02.579	0.87633				2
2025.12.01	00:52:04.842	0.87634				2
2025.12.01	00:52:26.096	0.87633				2
2025.12.01	00:52:32.741	0.87632				2
2025.12.01	00:52:34.727	0.87634				2
2025.12.01	00:52:45.134	0.87635				2
2025.12.01	00:52:47.441	0.87634				2
2025.12.01	00:52:51.044	0.87635				2
2025.12.01	00:53:00.644	0.87635				2
2025.12.01	00:53:03.645		0.87670			4
2025.12.01	00:53:12.642	0.87636				2
2025.12.01	00:53:34.743	0.87635				2
2025.12.01	00:53:46.240	0.87634				2
2025.12.01	00:53:50.881	0.87633				2
2025.12.01	00:53:52.240	0.87634				2
2025.12.01	00:54:00.534	0.87634				2
2025.12.01	00:54:11.283		0.87670			4
2025.12.01	00:54:20.669	0.87633				2
2025.12.01	00:54:52.700	0.87634				2
2025.12.01	00:54:54.941	0.87635				2
2025.12.01	00:55:00.642	0.87635				2
2025.12.01	00:55:02.348	0.87637				2
2025.12.01	00:55:08.903	0.87622	0.87663			6
2025.12.01	00:55:16.241	0.87623	0.87662			6
2025.12.01	00:55:31.125	0.87622				2
2025.12.01	00:55:49.646		0.87661			4
2025.12.01	00:55:57.419	0.87623				2
2025.12.01	00:55:58.845		0.87662			4
2025.12.01	00:56:01.430	0.87622				2
2025.12.01	00:56:03.640		0.87661			4
2025.12.01	00:56:05.889		0.87662			4
2025.12.01	00:56:07.883	0.87621				2
2025.12.01	00:56:09.637		0.87663			4
2025.12.01	00:56:22.540	0.87622	0.87662			6
2025.12.01	00:56:38.140	0.87623	0.87661			6
2025.12.01	00:56:46.494	0.87624				2
2025.12.01	00:56:51.445	0.87623	0.87662			6
2025.12.01	00:56:56.266	0.87611	0.87660			6
2025.12.01	00:56:59.141		0.87659			4
2025.12.01	00:57:00.387	0.87623				2
2025.12.01	00:57:14.569	0.87611				2
2025.12.01	00:57:30.329	0.87628				2
2025.12.01	00:57:30.674	0.87630	0.87657			6
2025.12.01	00:57:32.285	0.87629	0.87658			6
2025.12.01	00:57:32.741		0.87657			4
2025.12.01	00:57:33.220	0.87631	0.87656			6
2025.12.01	00:57:33.671	0.87628	0.87659			6
2025.12.01	00:57:42.341	0.87635	0.87666			6
2025.12.01	00:57:42.891	0.87625	0.87661			6
2025.12.01	00:57:44.015	0.87626	0.87660			6
2025.12.01	00:57:44.379	0.87623	0.87663			6
2025.12.01	00:57:44.924	0.87638	0.87664			6
2025.12.01	00:57:45.330	0.87637	0.87665			6
2025.12.01	00:57:45.757		0.87664			4
2025.12.01	00:57:46.059	0.87640	0.87692			6
2025.12.01	00:57:46.423	0.87639				2
2025.12.01	00:57:52.474	0.87648	0.87674			6
2025.12.01	00:57:52.780	0.87623				2
2025.12.01	00:57:53.879	0.87621				2
2025.12.01	00:57:54.816	0.87623				2
2025.12.01	00:57:55.885	0.87622				2
2025.12.01	00:57:56.773	0.87623				2
2025.12.01	00:57:57.373	0.87616	0.87672			6
2025.12.01	00:57:59.280	0.87625				2
2025.12.01	00:57:59.619	0.87638				2
2025.12.01	00:57:59.925	0.87641				2
2025.12.01	00:58:00.314	0.87641				2
2025.12.01	00:58:01.980	0.87642				2
2025.12.01	00:58:02.383	0.87641				2
2025.12.01	00:58:04.375	0.87640				2
2025.12.01	00:58:04.777	0.87639				2
2025.12.01	00:58:05.175	0.87642				2
2025.12.01	00:58:05.574	0.87640				2
2025.12.01	00:58:06.376	0.87641				2
2025.12.01	00:58:07.978	0.87640				2
2025.12.01	00:58:08.378	0.87642				2
2025.12.01	00:58:08.774	0.87639				2
2025.12.01	00:58:09.575	0.87641				2
2025.12.01	00:58:11.973	0.87639				2
2025.12.01	00:58:12.374	0.87642				2
2025.12.01	00:58:12.778	0.87640				2
2025.12.01	00:58:13.579	0.87641				2
2025.12.01	00:58:13.975	0.87640				2
2025.12.01	00:58:14.774	0.87641				2
2025.12.01	00:58:15.174	0.87643	0.87675			6
2025.12.01	00:58:15.479	0.87647	0.87673			6
2025.12.01	00:58:15.784	0.87638	0.87675			6
2025.12.01	00:58:16.099	0.87635	0.87674			6
2025.12.01	00:58:16.423	0.87639	0.87682			6
2025.12.01	00:58:16.744	0.87645	0.87676			6
2025.12.01	00:58:17.073	0.87641	0.87679			6
2025.12.01	00:58:17.377	0.87640	0.87667			6
2025.12.01	00:58:17.679	0.87646	0.87672			6
2025.12.01	00:58:17.999	0.87648	0.87675			6
2025.12.01	00:58:18.323	0.87645	0.87677			6
2025.12.01	00:58:18.774	0.87647				2
2025.12.01	00:58:19.145		0.87676			4
2025.12.01	00:58:19.930	0.87646	0.87677			6
2025.12.01	00:58:20.578	0.87635	0.87674			6
2025.12.01	00:58:20.898	0.87636	0.87676			6
2025.12.01	00:58:21.247	0.87648				2
2025.12.01	00:58:21.976	0.87647	0.87677			6
2025.12.01	00:58:22.324	0.87649	0.87676			6
2025.12.01	00:58:22.627	0.87643	0.87677			6
2025.12.01	00:58:22.934	0.87636	0.87676			6
2025.12.01	00:58:23.250	0.87648				2
2025.12.01	00:58:23.575	0.87647				2
2025.12.01	00:58:23.883	0.87649				2
2025.12.01	00:58:24.282	0.87647				2
2025.12.01	00:58:25.575	0.87646				2
2025.12.01	00:58:25.973	0.87647				2
2025.12.01	00:58:26.375	0.87642	0.87677			6
2025.12.01	00:58:29.678	0.87644				2
2025.12.01	00:58:30.075	0.87642				2
2025.12.01	00:58:30.478	0.87643				2
2025.12.01	00:58:31.113	0.87641	0.87676			6
2025.12.01	00:58:31.447	0.87631				2
2025.12.01	00:58:31.751	0.87643				2
2025.12.01	00:58:32.478		0.87677			4
2025.12.01	00:58:32.878	0.87642				2
2025.12.01	00:58:33.274	0.87640	0.87679			6
2025.12.01	00:58:33.586	0.87642				2
2025.12.01	00:58:33.965		0.87678			4
2025.12.01	00:58:34.449		0.87679			4
2025.12.01	00:58:34.875		0.87678			4
2025.12.01	00:58:35.274	0.87641	0.87679			6
2025.12.01	00:58:35.677	0.87639				2
2025.12.01	00:58:36.073	0.87641				2
2025.12.01	00:58:38.765	0.87642	0.87678			6
2025.12.01	00:58:39.078	0.87634	0.87679			6
2025.12.01	00:58:39.399	0.87631				2
2025.12.01	00:58:39.718	0.87643				2
2025.12.01	00:58:40.055	0.87641				2
2025.12.01	00:58:40.456	0.87644				2
2025.12.01	00:58:41.366	0.87639				2
2025.12.01	00:58:41.673	0.87655	0.87695			6
2025.12.01	00:58:42.094		0.87694			4
2025.12.01	00:58:43.015	0.87634	0.87679			6
2025.12.01	00:58:43.780		0.87678			4
2025.12.01	00:58:44.118	0.87636	0.87674			6
2025.12.01	00:58:46.075	0.87642				2
2025.12.01	00:58:47.660	0.87634				2
2025.12.01	00:58:48.222	0.87641	0.87676			6
2025.12.01	00:58:49.910	0.87646	0.87671			6
2025.12.01	00:58:50.274	0.87634				2
2025.12.01	00:58:52.093	0.87636	0.87669			6
2025.12.01	00:58:52.400	0.87625	0.87673			6
2025.12.01	00:58:52.724		0.87671			4
2025.12.01	00:58:54.380	0.87632	0.87670			6
2025.12.01	00:58:54.683	0.87634				2
2025.12.01	00:58:54.999	0.87632				2
2025.12.01	00:58:55.878	0.87633				2
2025.12.01	00:58:56.678	0.87636				2
2025.12.01	00:58:57.079	0.87645				2
2025.12.01	00:58:57.478	0.87652	0.87672			6
2025.12.01	00:58:57.880	0.87653				2
2025.12.01	00:58:58.230	0.87654	0.87671			6
2025.12.01	00:58:59.018	0.87653	0.87672			6
2025.12.01	00:58:59.615	0.87654	0.87671			6
2025.12.01	00:59:00.262	0.87654				2
2025.12.01	00:59:00.863	0.87633	0.87672			6
2025.12.01	00:59:01.517		0.87671			4
2025.12.01	00:59:01.898		0.87672			4
2025.12.01	00:59:03.686		0.87671			4
2025.12.01	00:59:04.531		0.87670			4
2025.12.01	00:59:06.827	0.87634				2
2025.12.01	00:59:07.794	0.87643	0.87672			6
2025.12.01	00:59:10.013	0.87655				2
2025.12.01	00:59:11.695	0.87653	0.87673			6
2025.12.01	00:59:14.943	0.87655				2
2025.12.01	00:59:17.669	0.87656				2
2025.12.01	00:59:18.398	0.87663	0.87680			6
2025.12.01	00:59:18.700	0.87661	0.87679			6
2025.12.01	00:59:19.003	0.87655	0.87690			6
2025.12.01	00:59:19.444		0.87686			4
2025.12.01	00:59:20.440	0.87656	0.87688			6
2025.12.01	00:59:20.743	0.87647	0.87671			6
2025.12.01	00:59:21.072	0.87643				2
2025.12.01	00:59:21.379	0.87654	0.87672			6
2025.12.01	00:59:21.699		0.87673			4
2025.12.01	00:59:22.321		0.87672			4
2025.12.01	00:59:22.647	0.87648	0.87670			6
2025.12.01	00:59:22.969	0.87653	0.87672			6
2025.12.01	00:59:23.278		0.87673			4
2025.12.01	00:59:23.992		0.87672			4
2025.12.01	00:59:24.446	0.87654	0.87671			6
2025.12.01	00:59:24.793		0.87679			4
2025.12.01	00:59:25.099	0.87646	0.87672			6
2025.12.01	00:59:25.743		0.87671			4
2025.12.01	00:59:27.092		0.87672			4
2025.12.01	00:59:27.399	0.87647	0.87673			6
2025.12.01	00:59:27.723	0.87654	0.87674			6
2025.12.01	00:59:28.678	0.87649	0.87671			6
2025.12.01	00:59:28.999	0.87648				2
2025.12.01	00:59:29.314	0.87654	0.87674			6
2025.12.01	00:59:29.661	0.87653	0.87675			6
2025.12.01	00:59:29.984	0.87652	0.87673			6
2025.12.01	00:59:30.300	0.87653	0.87672			6
2025.12.01	00:59:31.717	0.87646				2
2025.12.01	00:59:32.177	0.87654	0.87679			6
2025.12.01	00:59:32.721	0.87653				2
2025.12.01	00:59:36.927	0.87655	0.87677			6
2025.12.01	00:59:37.248		0.87679			4
2025.12.01	00:59:38.162		0.87683			4
2025.12.01	00:59:38.571		0.87681			4
2025.12.01	00:59:39.217		0.87682			4
2025.12.01	00:59:41.695		0.87681			4
2025.12.01	00:59:42.719		0.87682			4
2025.12.01	00:59:46.374	0.87647	0.87678			6
2025.12.01	00:59:47.250	0.87651				2
2025.12.01	00:59:48.325	0.87662	0.87687			6
2025.12.01	00:59:49.379	0.87650	0.87677			6
2025.12.01	00:59:49.699	0.87647	0.87676			6
2025.12.01	00:59:50.067		0.87673			4
2025.12.01	00:59:50.375		0.87677			4
2025.12.01	00:59:50.676	0.87652				2
2025.12.01	00:59:50.978	0.87651				2
2025.12.01	00:59:51.380	0.87650				2
2025.12.01	00:59:51.714	0.87649	0.87676			6
2025.12.01	00:59:52.043	0.87655	0.87674			6
2025.12.01	00:59:52.347	0.87647	0.87676			6
2025.12.01	00:59:52.661	0.87651				2
2025.12.01	00:59:53.325	0.87647				2
2025.12.01	00:59:53.651		0.87674			4
2025.12.01	00:59:53.969		0.87676			4
2025.12.01	00:59:54.275	0.87650	0.87677			6
2025.12.01	00:59:54.579	0.87651	0.87676			6
2025.12.01	00:59:54.899		0.87675			4
2025.12.01	00:59:55.211	0.87654	0.87674			6
2025.12.01	00:59:55.538	0.87647	0.87676			6
2025.12.01	00:59:55.861	0.87658	0.87691			6
2025.12.01	00:59:56.178	0.87659	0.87689			6
2025.12.01	00:59:57.379		0.87690			4
2025.12.01	00:59:57.748	0.87658				2
2025.12.01	00:59:58.060	0.87660				2
2025.12.01	00:59:58.377		0.87689			4
2025.12.01	00:59:58.678	0.87659				2
2025.12.01	00:59:58.998	0.87660				2
2025.12.01	00:59:59.375		0.87692			4
2025.12.01	00:59:59.776	0.87653	0.87677			6
2025.12.01	01:00:00.176	0.87659	0.87683			6
2025.12.01	01:00:00.479	0.87661	0.87688			6
2025.12.01	01:00:00.782	0.87660	0.87681			6
2025.12.01	01:00:01.099		0.87680			4
2025.12.01	01:00:01.407		0.87689			4
2025.12.01	01:00:01.712	0.87655	0.87679			6
2025.12.01	01:00:02.079	0.87663	0.87685			6
2025.12.01	01:00:02.444	0.87659	0.87681			6
2025.12.01	01:00:02.760	0.87664	0.87687			6
2025.12.01	01:00:03.069	0.87656	0.87681			6
2025.12.01	01:00:03.380	0.87661	0.87687			6
2025.12.01	01:00:03.700	0.87672	0.87679			6
2025.12.01	01:00:04.012	0.87656	0.87694			6
2025.12.01	01:00:04.328	0.87668	0.87673			6
2025.12.01	01:00:04.640	0.87655	0.87694			6
2025.12.01	01:00:04.954		0.87695			4
2025.12.01	01:00:05.258	0.87673	0.87678			6
2025.12.01	01:00:05.575	0.87666	0.87671			6
2025.12.01	01:00:06.516	0.87664	0.87669			6
2025.12.01	01:00:07.124	0.87651	0.87678			6
2025.12.01	01:00:07.754	0.87654	0.87677			6
2025.12.01	01:00:08.079	0.87663	0.87683			6
2025.12.01	01:00:08.382	0.87664	0.87682			6
2025.12.01	01:00:08.735	0.87665				2
2025.12.01	01:00:09.142	0.87664	0.87683			6
2025.12.01	01:00:09.474	0.87662	0.87684			6
2025.12.01	01:00:09.779	0.87656	0.87683			6
2025.12.01	01:00:10.090	0.87653	0.87672			6
2025.12.01	01:00:10.399	0.87654	0.87673			6
2025.12.01	01:00:10.704	0.87644	0.87674			6
2025.12.01	01:00:11.056	0.87651				2
2025.12.01	01:00:11.418	0.87648	0.87675			6
2025.12.01	01:00:12.300	0.87647				2
2025.12.01	01:00:12.784	0.87648				2
2025.12.01	01:00:13.100	0.87655	0.87680			6
2025.12.01	01:00:13.421	0.87654				2
2025.12.01	01:00:14.157	0.87650	0.87678			6
2025.12.01	01:00:14.458	0.87654	0.87676			6
2025.12.01	01:00:14.847	0.87650	0.87675			6
2025.12.01	01:00:15.207	0.87644	0.87676			6
2025.12.01	01:00:16.332	0.87646	0.87677			6
2025.12.01	01:00:16.650	0.87644	0.87682			6
2025.12.01	01:00:17.077	0.87645				2
2025.12.01	01:00:17.441	0.87644				2
2025.12.01	01:00:18.586	0.87645				2
2025.12.01	01:00:18.899	0.87644				2
2025.12.01	01:00:19.442	0.87645				2
2025.12.01	01:00:20.100	0.87644				2
2025.12.01	01:00:20.774	0.87646				2
2025.12.01	01:00:21.081	0.87647				2
2025.12.01	01:00:21.393	0.87644				2
2025.12.01	01:00:25.852	0.87650				2
2025.12.01	01:00:27.337		0.87676			4
2025.12.01	01:00:28.297	0.87652				2
2025.12.01	01:00:30.286	0.87645	0.87669			6
2025.12.01	01:00:31.073	0.87649	0.87670			6
2025.12.01	01:00:31.728	0.87648				2
2025.12.01	01:00:32.048	0.87649				2
2025.12.01	01:00:33.018	0.87648				2
2025.12.01	01:00:33.511	0.87649				2
2025.12.01	01:00:34.854		0.87668			4
2025.12.01	01:00:35.474		0.87669			4
2025.12.01	01:00:35.854	0.87648				2
2025.12.01	01:00:39.341	0.87649	0.87671			6
2025.12.01	01:00:39.655		0.87670			4
2025.12.01	01:00:39.973		0.87672			4
2025.12.01	01:00:41.175		0.87670			4
2025.12.01	01:00:48.582	0.87648				2
2025.12.01	01:00:49.241	0.87649				2
2025.12.01	01:00:54.308	0.87647				2
2025.12.01	01:00:55.212	0.87648	0.87669			6
2025.12.01	01:00:55.560	0.87647				2
2025.12.01	01:00:56.372	0.87649				2
2025.12.01	01:00:56.724	0.87647				2
2025.12.01	01:00:57.174		0.87668			4
2025.12.01	01:00:58.305	0.87644	0.87665			6
2025.12.01	01:00:58.677		0.87664			4
2025.12.01	01:00:59.385	0.87640	0.87662			6
2025.12.01	01:00:59.688	0.87643				2
2025.12.01	01:01:00.006	0.87643	0.87661			6
2025.12.01	01:01:00.319		0.87662			4
2025.12.01	01:01:01.787	0.87642				2
2025.12.01	01:01:02.110		0.87663			4
2025.12.01	01:01:02.471	0.87643				2
2025.12.01	01:01:03.382	0.87645	0.87662			6
2025.12.01	01:01:04.378	0.87644				2
2025.12.01	01:01:06.386		0.87661			4
2025.12.01	01:01:08.142	0.87646	0.87662			6
2025.12.01	01:01:09.837	0.87647	0.87661			6
2025.12.01	01:01:10.181	0.87648				2
2025.12.01	01:01:13.159		0.87660			4
2025.12.01	01:01:14.702		0.87661			4
2025.12.01	01:01:15.366		0.87660			4
2025.12.01	01:01:16.313	0.87649	0.87661			6
2025.12.01	01:01:20.141	0.87650				2
2025.12.01	01:01:20.469		0.87662			4
2025.12.01	01:01:22.770		0.87665			4
2025.12.01	01:01:23.622		0.87664			4
2025.12.01	01:01:24.775	0.87653	0.87667			6
2025.12.01	01:01:25.398		0.87666			4
2025.12.01	01:01:28.202	0.87655	0.87668			6
2025.12.01	01:01:31.245		0.87669			4
2025.12.01	01:01:32.184	0.87654				2
2025.12.01	01:01:32.581		0.87668			4
2025.12.01	01:01:32.898	0.87655	0.87669			6
2025.12.01	01:01:33.278		0.87668			4
2025.12.01	01:01:33.580		0.87669			4
2025.12.01	01:01:34.504	0.87656				2
2025.12.01	01:01:34.919	0.87655	0.87670			6
2025.12.01	01:01:38.141	0.87652	0.87667			6
2025.12.01	01:01:38.857	0.87651	0.87665			6
2025.12.01	01:01:40.387	0.87654	0.87667			6
2025.12.01	01:01:44.714	0.87651	0.87665			6
2025.12.01	01:01:45.022		0.87664			4
2025.12.01	01:01:45.526	0.87653	0.87668			6
2025.12.01	01:01:46.301	0.87654	0.87669			6
2025.12.01	01:01:46.679	0.87656				2
2025.12.01	01:01:47.399	0.87660	0.87672			6
2025.12.01	01:01:47.701	0.87657	0.87671			6
2025.12.01	01:01:48.279	0.87656				2
2025.12.01	01:01:55.298	0.87655	0.87670			6
2025.12.01	01:01:57.491	0.87656				2
2025.12.01	01:01:57.817		0.87669			4
2025.12.01	01:01:58.380	0.87655				2
2025.12.01	01:01:58.699		0.87667			4
2025.12.01	01:02:00.406	0.87655				2
2025.12.01	01:02:03.020		0.87666			4
2025.12.01	01:02:06.365	0.87653				2
2025.12.01	01:02:12.424		0.87665			4
2025.12.01	01:02:12.739	0.87648	0.87660			6
2025.12.01	01:02:13.068		0.87659			4
2025.12.01	01:02:13.380	0.87645	0.87657			6
2025.12.01	01:02:15.089	0.87644				2
2025.12.01	01:02:15.415	0.87643	0.87656			6
2025.12.01	01:02:17.797	0.87644	0.87655			6
2025.12.01	01:02:18.099	0.87642	0.87654			6
2025.12.01	01:02:19.440		0.87653			4
2025.12.01	01:02:25.154	0.87641				2
2025.12.01	01:02:26.066	0.87645	0.87646			6
2025.12.01	01:02:29.434	0.87641	0.87653			6
2025.12.01	01:02:31.421	0.87640	0.87652			6
2025.12.01	01:02:32.116	0.87641				2
2025.12.01	01:02:32.703	0.87640				2
2025.12.01	01:02:33.353	0.87639				2
2025.12.01	01:02:37.803		0.87651			4
2025.12.01	01:02:38.157	0.87638	0.87650			6
2025.12.01	01:02:39.412		0.87648			4
2025.12.01	01:02:42.709	0.87639	0.87650			6
2025.12.01	01:02:46.644	0.87638				2
2025.12.01	01:02:49.541		0.87649			4
2025.12.01	01:02:49.862	0.87637	0.87648			6
2025.12.01	01:02:54.733	0.87640	0.87652			6
2025.12.01	01:02:55.061	0.87641				2
2025.12.01	01:02:58.164	0.87643	0.87651			6
2025.12.01	01:02:59.740	0.87642				2
2025.12.01	01:03:00.441	0.87640	0.87650			6
2025.12.01	01:03:04.123	0.87638	0.87649			6
2025.12.01	01:03:04.429	0.87639	0.87648			6
2025.12.01	01:03:05.723	0.87638				2
2025.12.01	01:03:06.041	0.87639				2
2025.12.01	01:03:10.243	0.87638				2
2025.12.01	01:03:15.341	0.87639	0.87649			6
2025.12.01	01:03:16.097		0.87648			4
2025.12.01	01:03:18.811	0.87638				2
2025.12.01	01:03:25.541	0.87639				2
2025.12.01	01:03:27.941		0.87647			4
2025.12.01	01:03:31.213	0.87636	0.87646			6
2025.12.01	01:03:32.375		0.87645			4
2025.12.01	01:03:33.925	0.87637				2
2025.12.01	01:03:35.229	0.87635				2
2025.12.01	01:03:35.865	0.87638	0.87646			6
2025.12.01	01:03:41.325	0.87633	0.87642			6
2025.12.01	01:03:42.053	0.87632				2
2025.12.01	01:03:45.381	0.87634	0.87645			6
2025.12.01	01:03:49.323	0.87635				2
2025.12.01	01:03:51.449	0.87634				2
2025.12.01	01:03:58.797	0.87632	0.87640			6
2025.12.01	01:04:00.390	0.87632				2
2025.12.01	01:04:01.241		0.87642			4
2025.12.01	01:04:04.093	0.87633	0.87641			6
2025.12.01	01:04:15.365		0.87643			4
2025.12.01	01:04:20.141	0.87634				2
2025.12.01	01:04:27.943	0.87633				2
2025.12.01	01:04:31.513	0.87634	0.87642			6
2025.12.01	01:04:33.446	0.87633				2
2025.12.01	01:04:35.742	0.87639	0.87640			6
2025.12.01	01:04:36.363	0.87640	0.87641			6
2025.12.01	01:04:38.191	0.87639	0.87640			6
2025.12.01	01:04:39.428	0.87636	0.87644			6
2025.12.01	01:04:41.143	0.87643	0.87649			6
2025.12.01	01:04:43.725		0.87650			4
2025.12.01	01:04:46.041	0.87641	0.87649			6
2025.12.01	01:04:47.523		0.87650			4
2025.12.01	01:04:47.836	0.87645	0.87653			6
2025.12.01	01:04:48.138	0.87644				2
2025.12.01	01:04:49.348	0.87646	0.87654			6
2025.12.01	01:04:49.706		0.87653			4
2025.12.01	01:04:50.988	0.87645				2
2025.12.01	01:04:51.322	0.87642	0.87650			6
2025.12.01	01:04:53.140	0.87643	0.87651			6
2025.12.01	01:04:53.917	0.87645	0.87652			6
2025.12.01	01:04:55.243	0.87647	0.87653			6
2025.12.01	01:04:55.574	0.87646	0.87654			6
2025.12.01	01:05:00.350	0.87646	0.87652			6
2025.12.01	01:05:04.022		0.87654			4
2025.12.01	01:05:07.241	0.87648				2
2025.12.01	01:05:10.417		0.87655			4
2025.12.01	01:05:17.441		0.87654			4
2025.12.01	01:05:41.441		0.87655			4
2025.12.01	01:05:44.182		0.87654			4
2025.12.01	01:05:51.341	0.87647				2
2025.12.01	01:05:52.193	0.87646				2
2025.12.01	01:05:57.806	0.87647				2
2025.12.01	01:06:00.041	0.87647				2
2025.12.01	01:06:03.474	0.87645				2
2025.12.01	01:06:03.807	0.87644				2
2025.12.01	01:06:04.721	0.87647				2
2025.12.01	01:06:06.865	0.87644				2
2025.12.01	01:06:07.708	0.87647				2
2025.12.01	01:06:08.498	0.87645	0.87653			6
2025.12.01	01:06:10.698	0.87644	0.87652			6
2025.12.01	01:06:12.600	0.87643	0.87651			6
2025.12.01	01:06:14.740	0.87642				2
2025.12.01	01:06:22.852		0.87652			4
2025.12.01	01:06:38.385	0.87643				2
2025.12.01	01:06:40.537		0.87651			4
2025.12.01	01:06:54.456	0.87642	0.87652			6
2025.12.01	01:06:55.216	0.87643	0.87651			6
2025.12.01	01:07:00.357	0.87643				2
2025.12.01	01:07:09.006	0.87642				2
2025.12.01	01:07:30.535	0.87643				2
2025.12.01	01:07:54.267	0.87633	0.87642			6
2025.12.01	01:07:54.579		0.87641			4
2025.12.01	01:07:55.125	0.87636	0.87642			6
2025.12.01	01:07:55.439		0.87643			4
2025.12.01	01:07:57.597		0.87644			4
2025.12.01	01:07:58.841		0.87643			4
2025.12.01	01:08:00.319	0.87636				2
2025.12.01	01:08:00.643	0.87638	0.87645			6
2025.12.01	01:08:00.953	0.87643	0.87651			6
2025.12.01	01:08:02.017	0.87642	0.87650			6
2025.12.01	01:08:02.387	0.87643				2
2025.12.01	01:08:07.298		0.87652			4
2025.12.01	01:08:07.634	0.87645	0.87653			6
2025.12.01	01:08:08.722	0.87644	0.87654			6
2025.12.01	01:08:09.766		0.87653			4
2025.12.01	01:08:12.341	0.87641	0.87650			6
2025.12.01	01:08:13.296	0.87642	0.87649			6
2025.12.01	01:08:13.949		0.87648			4
2025.12.01	01:08:14.541	0.87641				2
2025.12.01	01:08:14.997	0.87639	0.87646			6
2025.12.01	01:08:15.362	0.87640				2
2025.12.01	01:08:16.367	0.87642	0.87649			6
2025.12.01	01:08:17.504		0.87650			4
2025.12.01	01:08:18.094	0.87643				2
2025.12.01	01:08:18.427		0.87649			4
2025.12.01	01:08:19.793	0.87642	0.87648			6
2025.12.01	01:08:20.699	0.87643	0.87649			6
2025.12.01	01:08:21.157	0.87639	0.87646			6
2025.12.01	01:08:21.460	0.87636	0.87644			6
2025.12.01	01:08:22.346		0.87643			4
2025.12.01	01:08:22.712	0.87634	0.87642			6
2025.12.01	01:08:23.140	0.87635				2
2025.12.01	01:08:28.265	0.87633				2
2025.12.01	01:08:28.645	0.87635	0.87644			6
2025.12.01	01:08:29.136	0.87637				2
2025.12.01	01:08:29.575	0.87640				2
2025.12.01	01:08:29.947		0.87645			4
2025.12.01	01:08:30.811		0.87644			4
2025.12.01	01:08:33.341	0.87636				2
2025.12.01	01:08:36.940		0.87643			4
2025.12.01	01:08:39.337	0.87637	0.87645			6
2025.12.01	01:08:41.837	0.87638				2
2025.12.01	01:08:44.267	0.87636				2
2025.12.01	01:08:45.942		0.87644			4
2025.12.01	01:08:54.942		0.87643			4
2025.12.01	01:08:55.386	0.87633	0.87640			6
2025.12.01	01:08:56.142	0.87634	0.87639			6
2025.12.01	01:08:59.140	0.87633	0.87640			6
2025.12.01	01:08:59.557		0.87641			4
2025.12.01	01:08:59.873	0.87635				2
2025.12.01	01:09:00.350	0.87635				2
2025.12.01	01:09:07.978	0.87636	0.87645			6
2025.12.01	01:09:08.677		0.87644			4
2025.12.01	01:09:18.591	0.87634				2
2025.12.01	01:09:19.050	0.87635	0.87643			6
2025.12.01	01:09:20.440		0.87644			4
2025.12.01	01:09:23.859	0.87638	0.87645			6
2025.12.01	01:09:24.332	0.87639				2
2025.12.01	01:09:37.132	0.87637				2
2025.12.01	01:09:41.341		0.87644			4
2025.12.01	01:09:44.141		0.87645			4
2025.12.01	01:09:46.146	0.87639				2
2025.12.01	01:09:46.803		0.87646			4
2025.12.01	01:09:48.671		0.87645			4
2025.12.01	01:09:51.348	0.87638				2
2025.12.01	01:09:56.738	0.87637	0.87644			6
2025.12.01	01:10:00.316	0.87637				2
2025.12.01	01:10:02.441		0.87645			4
2025.12.01	01:10:02.793		0.87644			4
2025.12.01	01:10:04.293	0.87640	0.87646			6
2025.12.01	01:10:06.941	0.87639	0.87645			6
2025.12.01	01:10:07.464		0.87646			4
2025.12.01	01:10:10.241	0.87640				2
2025.12.01	01:10:15.367	0.87641				2
2025.12.01	01:10:18.948	0.87639				2
2025.12.01	01:10:25.165		0.87647			4
2025.12.01	01:10:27.281		0.87646			4
2025.12.01	01:10:30.534	0.87638				2
2025.12.01	01:10:33.981	0.87637	0.87645			6
2025.12.01	01:10:35.911	0.87636				2
2025.12.01	01:10:36.341	0.87637				2
2025.12.01	01:10:41.981	0.87640	0.87647			6
2025.12.01	01:10:47.250		0.87648			4
2025.12.01	01:10:49.841		0.87647			4
2025.12.01	01:10:51.012	0.87638	0.87646			6
2025.12.01	01:10:52.841		0.87645			4
2025.12.01	01:10:54.904	0.87637	0.87646			6
2025.12.01	01:11:00.253	0.87637				2
2025.12.01	01:11:05.700	0.87638	0.87645			6
2025.12.01	01:11:06.869	0.87636				2
2025.12.01	01:11:07.943	0.87637	0.87644			6
2025.12.01	01:11:11.750	0.87641	0.87645			6
2025.12.01	01:11:14.908		0.87646			4
2025.12.01	01:11:17.206	0.87640				2
2025.12.01	01:11:19.248	0.87639				2
2025.12.01	01:11:24.782	0.87640				2
2025.12.01	01:11:33.235	0.87639				2
2025.12.01	01:11:45.234	0.87638	0.87645			6
2025.12.01	01:11:55.779	0.87637	0.87644			6
2025.12.01	01:11:56.328	0.87638	0.87643			6
2025.12.01	01:11:59.816	0.87630	0.87635			6
2025.12.01	01:12:00.151	0.87630	0.87636			6
2025.12.01	01:12:02.363	0.87626	0.87631			6
2025.12.01	01:12:03.608		0.87630			4
2025.12.01	01:12:04.244	0.87629	0.87634			6
2025.12.01	01:12:05.845		0.87635			4
2025.12.01	01:12:06.804	0.87628				2
2025.12.01	01:12:07.244	0.87627				2
2025.12.01	01:12:15.366	0.87628	0.87636			6
2025.12.01	01:12:15.829	0.87627				2
2025.12.01	01:12:16.216		0.87635			4
2025.12.01	01:12:21.917	0.87623	0.87632			6
2025.12.01	01:12:22.239	0.87624				2
2025.12.01	01:12:22.673	0.87623				2
2025.12.01	01:12:23.772	0.87624				2
2025.12.01	01:12:25.840		0.87633			4
2025.12.01	01:12:31.011	0.87626	0.87634			6
2025.12.01	01:12:31.912	0.87627	0.87636			6
2025.12.01	01:12:32.572	0.87626				2
2025.12.01	01:12:33.556	0.87627	0.87638			6
2025.12.01	01:12:33.873	0.87628	0.87637			6
2025.12.01	01:12:34.298	0.87633	0.87638			6
2025.12.01	01:12:34.620	0.87632				2
2025.12.01	01:12:35.908	0.87631				2
2025.12.01	01:12:37.013	0.87632				2
2025.12.01	01:12:38.139	0.87627	0.87635			6
2025.12.01	01:12:40.541		0.87636			4
2025.12.01	01:12:45.656	0.87626				2
2025.12.01	01:12:47.717		0.87635			4
2025.12.01	01:12:49.243		0.87636			4
2025.12.01	01:12:53.884		0.87635			4
2025.12.01	01:12:54.883		0.87636			4
2025.12.01	01:12:56.696		0.87635			4
2025.12.01	01:13:00.372	0.87627	0.87636			6
2025.12.01	01:13:02.600		0.87635			4
2025.12.01	01:13:03.333	0.87634	0.87641			6
2025.12.01	01:13:03.641	0.87637	0.87642			6
2025.12.01	01:13:04.349	0.87636	0.87641			6
2025.12.01	01:13:06.265	0.87637				2
2025.12.01	01:13:09.870		0.87642			4
2025.12.01	01:13:10.180	0.87635	0.87640			6
2025.12.01	01:13:10.523		0.87641			4
2025.12.01	01:13:11.977	0.87631	0.87637			6
2025.12.01	01:13:12.302	0.87629	0.87635			6
2025.12.01	01:13:20.440	0.87628				2
2025.12.01	01:13:21.105	0.87627	0.87633			6
2025.12.01	01:13:21.420		0.87635			4
2025.12.01	01:13:23.113	0.87628				2
2025.12.01	01:13:24.164	0.87627				2
2025.12.01	01:13:24.552	0.87628				2
2025.12.01	01:13:31.638	0.87629				2
2025.12.01	01:13:32.424	0.87628				2
2025.12.01	01:13:38.173	0.87627				2
2025.12.01	01:13:38.497	0.87628				2
2025.12.01	01:13:41.305	0.87627	0.87634			6
2025.12.01	01:13:41.628	0.87626				2
2025.12.01	01:13:43.207	0.87627				2
2025.12.01	01:13:43.962	0.87626				2
2025.12.01	01:13:44.299	0.87627				2
2025.12.01	01:13:46.918	0.87626				2
2025.12.01	01:13:47.276	0.87627				2
2025.12.01	01:13:48.417	0.87628				2
2025.12.01	01:13:48.953		0.87633			4
2025.12.01	01:13:49.259	0.87623	0.87630			6
2025.12.01	01:13:50.452		0.87629			4
2025.12.01	01:13:50.834	0.87622				2
2025.12.01	01:13:51.216	0.87623				2
2025.12.01	01:13:52.908	0.87622	0.87630			6
2025.12.01	01:13:54.874	0.87623	0.87629			6
2025.12.01	01:13:56.106	0.87622				2
2025.12.01	01:13:59.852	0.87623				2
2025.12.01	01:14:00.256	0.87622				2
2025.12.01	01:14:02.004	0.87623	0.87630			6
2025.12.01	01:14:02.376	0.87622				2
2025.12.01	01:14:06.342	0.87621				2
2025.12.01	01:14:07.216	0.87623	0.87629			6
2025.12.01	01:14:07.678	0.87621	0.87628			6
2025.12.01	01:14:08.716	0.87620				2
2025.12.01	01:14:09.082	0.87621				2
2025.12.01	01:14:12.489	0.87623	0.87629			6
2025.12.01	01:14:12.897		0.87630			4
2025.12.01	01:14:15.550	0.87622				2
2025.12.01	01:14:16.044	0.87623	0.87629			6
2025.12.01	01:14:16.722	0.87624	0.87632			6
2025.12.01	01:14:17.135	0.87627				2
2025.12.01	01:14:17.791	0.87628	0.87633			6
2025.12.01	01:14:18.164	0.87629	0.87635			6
2025.12.01	01:14:18.531		0.87634			4
2025.12.01	01:14:19.856	0.87626	0.87631			6
2025.12.01	01:14:20.159	0.87624				2
2025.12.01	01:14:22.392	0.87623				2
2025.12.01	01:14:22.700		0.87627			4
2025.12.01	01:14:23.021	0.87620	0.87624			6
2025.12.01	01:14:23.389	0.87618				2
2025.12.01	01:14:24.017	0.87616	0.87620			6
2025.12.01	01:14:24.345	0.87612	0.87619			6
2025.12.01	01:14:24.997		0.87617			4
2025.12.01	01:14:25.392	0.87609				2
2025.12.01	01:14:25.716	0.87610				2
2025.12.01	01:14:26.016	0.87609	0.87618			6
2025.12.01	01:14:26.702	0.87610				2
2025.12.01	01:14:27.132	0.87611				2
2025.12.01	01:14:27.876	0.87615	0.87623			6
2025.12.01	01:14:28.177	0.87616				2
2025.12.01	01:14:28.993	0.87617	0.87624			6
2025.12.01	01:14:29.300	0.87618				2
2025.12.01	01:14:31.622		0.87625			4
2025.12.01	01:14:38.966	0.87615	0.87621			6
2025.12.01	01:14:39.412	0.87611	0.87615			6
2025.12.01	01:14:39.718		0.87617			4
2025.12.01	01:14:40.338	0.87610				2
2025.12.01	01:14:41.122	0.87612	0.87618			6
2025.12.01	01:14:41.426		0.87617			4
2025.12.01	01:14:41.741	0.87611				2
2025.12.01	01:14:42.045	0.87609	0.87616			6
2025.12.01	01:14:42.479	0.87607	0.87614			6
2025.12.01	01:14:42.877		0.87612			4
2025.12.01	01:14:43.997	0.87608	0.87616			6
2025.12.01	01:14:46.890	0.87609				2
2025.12.01	01:14:51.712	0.87612	0.87620			6
2025.12.01	01:14:52.057		0.87619			4
2025.12.01	01:14:52.401	0.87613	0.87620			6
2025.12.01	01:14:52.746		0.87621			4
2025.12.01	01:14:56.125	0.87614				2
2025.12.01	01:14:57.232	0.87613				2
2025.12.01	01:14:58.351		0.87620			4
2025.12.01	01:14:59.536	0.87612				2
2025.12.01	01:15:00.352	0.87612				2
2025.12.01	01:15:00.659	0.87614	0.87619			6
2025.12.01	01:15:02.054	0.87615	0.87620			6
2025.12.01	01:15:02.769	0.87614	0.87619			6
2025.12.01	01:15:03.106		0.87620			4
2025.12.01	01:15:03.723		0.87619			4
2025.12.01	01:15:04.664		0.87620			4
2025.12.01	01:15:05.111		0.87619			4
2025.12.01	01:15:05.564		0.87620			4
2025.12.01	01:15:06.969		0.87619			4
2025.12.01	01:15:07.531		0.87620			4
2025.12.01	01:15:07.853		0.87619			4
2025.12.01	01:15:08.201		0.87620			4
2025.12.01	01:15:08.983		0.87619			4
2025.12.01	01:15:10.638		0.87620			4
2025.12.01	01:15:11.281		0.87619			4
2025.12.01	01:15:12.600		0.87620			4
2025.12.01	01:15:14.041		0.87619			4
2025.12.01	01:15:14.732		0.87620			4
2025.12.01	01:15:15.043		0.87619			4
2025.12.01	01:15:15.351	0.87615	0.87621			6
2025.12.01	01:15:15.661	0.87616	0.87622			6
2025.12.01	01:15:18.733	0.87617				2
2025.12.01	01:15:19.756	0.87616				2
2025.12.01	01:15:29.046	0.87615				2
2025.12.01	01:15:35.178	0.87617	0.87623			6
2025.12.01	01:15:36.428		0.87622			4
2025.12.01	01:15:36.787	0.87616				2
2025.12.01	01:15:41.808	0.87617				2
2025.12.01	01:15:43.568	0.87616				2
2025.12.01	01:15:44.000	0.87615				2
2025.12.01	01:15:46.236	0.87616				2
2025.12.01	01:15:53.361	0.87615				2
2025.12.01	01:16:00.641	0.87616				2
2025.12.01	01:16:01.107	0.87617				2
2025.12.01	01:16:01.617	0.87616				2
2025.12.01	01:16:05.071	0.87617	0.87623			6
2025.12.01	01:16:05.379		0.87622			4
2025.12.01	01:16:06.336		0.87621			4
2025.12.01	01:16:09.744	0.87618	0.87625			6
2025.12.01	01:16:10.313	0.87617				2
2025.12.01	01:16:12.664		0.87624			4
2025.12.01	01:16:15.379	0.87616	0.87621			6
2025.12.01	01:16:16.160	0.87619	0.87624			6
2025.12.01	01:16:18.391		0.87625			4
2025.12.01	01:16:19.513	0.87620	0.87624			6
2025.12.01	01:16:21.342		0.87627			4
2025.12.01	01:16:21.661	0.87623				2
2025.12.01	01:16:22.023	0.87624	0.87630			6
2025.12.01	01:16:22.347		0.87629			4
2025.12.01	01:16:22.805	0.87623	0.87627			6
2025.12.01	01:16:23.136	0.87621				2
2025.12.01	01:16:23.940	0.87620				2
2025.12.01	01:16:24.375	0.87622				2
2025.12.01	01:16:30.129	0.87621				2
2025.12.01	01:16:30.574	0.87622	0.87628			6
2025.12.01	01:16:32.607	0.87623	0.87627			6
2025.12.01	01:16:36.937	0.87622				2
2025.12.01	01:16:37.791	0.87623				2
2025.12.01	01:16:41.031	0.87621				2
2025.12.01	01:16:41.339	0.87618	0.87624			6
2025.12.01	01:16:41.989	0.87617	0.87623			6
2025.12.01	01:16:43.023	0.87619	0.87624			6
2025.12.01	01:16:49.728	0.87618				2
2025.12.01	01:17:00.534	0.87618				2
2025.12.01	01:17:02.254	0.87619				2
2025.12.01	01:17:12.640	0.87618				2
2025.12.01	01:17:16.707		0.87623			4
2025.12.01	01:17:17.707	0.87616				2
2025.12.01	01:17:18.846	0.87617				2
2025.12.01	01:17:20.587		0.87622			4
2025.12.01	01:17:20.956	0.87616				2
2025.12.01	01:17:24.641		0.87621			4
2025.12.01	01:17:28.096	0.87615				2
2025.12.01	01:17:29.458	0.87614				2
2025.12.01	01:17:30.320		0.87620			4
2025.12.01	01:17:35.939	0.87615	0.87621			6
2025.12.01	01:17:36.293	0.87614	0.87620			6
2025.12.01	01:17:41.775	0.87615				2
2025.12.01	01:17:42.730	0.87614				2
2025.12.01	01:17:43.677	0.87612	0.87619			6
2025.12.01	01:17:44.702	0.87614				2
2025.12.01	01:17:45.032	0.87613				2
2025.12.01	01:17:50.302		0.87620			4
2025.12.01	01:17:51.731		0.87619			4
2025.12.01	01:17:56.140	0.87612				2
2025.12.01	01:17:56.494	0.87613				2
2025.12.01	01:17:59.776	0.87612				2
2025.12.01	01:18:00.371	0.87613				2
2025.12.01	01:18:01.445	0.87612				2
2025.12.01	01:18:02.057	0.87615				2
2025.12.01	01:18:03.058		0.87621			4
2025.12.01	01:18:03.525	0.87612	0.87618			6
2025.12.01	01:18:04.303	0.87613	0.87617			6
2025.12.01	01:18:04.645	0.87612				2
2025.12.01	01:18:05.580	0.87613				2
2025.12.01	01:18:05.916	0.87612				2
2025.12.01	01:18:06.617	0.87613				2
2025.12.01	01:18:06.941	0.87612				2
2025.12.01	01:18:07.653	0.87614	0.87619			6
2025.12.01	01:18:08.805	0.87615	0.87620			6
2025.12.01	01:18:09.680		0.87619			4
2025.12.01	01:18:10.197	0.87614				2
2025.12.01	01:18:10.497	0.87613				2
2025.12.01	01:18:12.558	0.87615	0.87620			6
2025.12.01	01:18:12.995		0.87619			4
2025.12.01	01:18:13.740		0.87620			4
2025.12.01	01:18:15.380	0.87614	0.87619			6
2025.12.01	01:18:20.557	0.87612	0.87618			6
2025.12.01	01:18:20.872	0.87611				2
2025.12.01	01:18:21.991		0.87617			4
2025.12.01	01:18:24.642	0.87609				2
2025.12.01	01:18:26.738	0.87610				2
2025.12.01	01:18:27.753	0.87609				2
2025.12.01	01:18:34.344	0.87610				2
2025.12.01	01:18:34.694	0.87609				2
2025.12.01	01:18:35.195	0.87611				2
2025.12.01	01:18:37.178	0.87609				2
2025.12.01	01:18:41.350	0.87611				2
2025.12.01	01:18:47.167	0.87609	0.87616			6
2025.12.01	01:18:48.991	0.87608	0.87615			6
2025.12.01	01:19:00.642	0.87608				2
2025.12.01	01:19:01.180		0.87614			4
2025.12.01	01:19:01.481	0.87607				2
2025.12.01	01:19:10.453	0.87609	0.87616			6
2025.12.01	01:19:11.389	0.87611				2
2025.12.01	01:19:12.393	0.87608	0.87613			6
2025.12.01	01:19:16.541	0.87607	0.87612			6
2025.12.01	01:19:16.866	0.87608	0.87613			6
2025.12.01	01:19:18.992		0.87612			4
2025.12.01	01:19:20.794	0.87613	0.87616			6
2025.12.01	01:19:21.894		0.87617			4
2025.12.01	01:19:22.702		0.87618			4
2025.12.01	01:19:25.135	0.87614				2
2025.12.01	01:19:25.940		0.87617			4
2025.12.01	01:19:26.309		0.87618			4
2025.12.01	01:19:27.161	0.87613				2
2025.12.01	01:19:31.702	0.87612				2
2025.12.01	01:19:32.178	0.87611				2
2025.12.01	01:19:34.009	0.87612				2
2025.12.01	01:19:34.838	0.87613				2
2025.12.01	01:19:36.216	0.87612				2
2025.12.01	01:19:37.671	0.87613				2
2025.12.01	01:19:38.298	0.87612				2
2025.12.01	01:19:39.759	0.87613				2
2025.12.01	01:19:40.217	0.87612				2
2025.12.01	01:19:42.136	0.87613				2
2025.12.01	01:19:46.358	0.87614				2
2025.12.01	01:19:46.850	0.87613				2
2025.12.01	01:19:47.160	0.87614				2
2025.12.01	01:19:48.163	0.87613				2
2025.12.01	01:19:50.215		0.87619			4
2025.12.01	01:19:52.495	0.87612				2
2025.12.01	01:20:00.429	0.87612				2
2025.12.01	01:20:09.940		0.87618			4
2025.12.01	01:20:12.431	0.87613	0.87620			6
2025.12.01	01:20:15.387		0.87619			4
2025.12.01	01:20:26.432	0.87614	0.87620			6
2025.12.01	01:20:28.840		0.87621			4
2025.12.01	01:20:31.569		0.87620			4
2025.12.01	01:20:32.970	0.87613				2
2025.12.01	01:20:36.341	0.87614				2
2025.12.01	01:20:40.853		0.87619			4
2025.12.01	01:20:41.988	0.87615	0.87620			6
2025.12.01	01:20:45.714	0.87616				2
2025.12.01	01:20:49.041	0.87615	0.87621			6
2025.12.01	01:20:51.320	0.87616	0.87620			6
2025.12.01	01:20:55.130	0.87615	0.87621			6
2025.12.01	01:20:55.463	0.87616	0.87620			6
2025.12.01	01:20:56.197	0.87614				2
2025.12.01	01:20:56.669	0.87615				2
2025.12.01	01:20:57.586		0.87621			4
2025.12.01	01:20:57.899		0.87620			4
2025.12.01	01:20:58.395	0.87614	0.87619			6
2025.12.01	01:20:58.871	0.87613				2
2025.12.01	01:20:59.608	0.87614				2
2025.12.01	01:20:59.911	0.87615	0.87620			6
2025.12.01	01:21:00.370	0.87613	0.87619			6
2025.12.01	01:21:00.741	0.87615	0.87620			6
2025.12.01	01:21:01.381	0.87612	0.87618			6
2025.12.01	01:21:04.665		0.87619			4
2025.12.01	01:21:05.693	0.87611				2
2025.12.01	01:21:06.228	0.87612	0.87618			6
2025.12.01	01:21:07.769	0.87613				2
2025.12.01	01:21:08.759	0.87614	0.87621			6
2025.12.01	01:21:09.404		0.87622			4
2025.12.01	01:21:09.705	0.87615	0.87621			6
2025.12.01	01:21:10.091		0.87622			4
2025.12.01	01:21:11.054		0.87623			4
2025.12.01	01:21:11.561	0.87614				2
2025.12.01	01:21:11.925	0.87615	0.87622			6
2025.12.01	01:21:12.817		0.87623			4
2025.12.01	01:21:16.242		0.87622			4
2025.12.01	01:21:17.599	0.87614	0.87621			6
2025.12.01	01:21:18.426	0.87615				2
2025.12.01	01:21:20.123	0.87616				2
2025.12.01	01:21:20.958		0.87620			4
2025.12.01	01:21:22.252	0.87615	0.87621			6
2025.12.01	01:21:22.738	0.87614	0.87619			6
2025.12.01	01:21:24.534		0.87618			4
2025.12.01	01:21:24.994		0.87621			4
2025.12.01	01:21:25.431	0.87615				2
2025.12.01	01:21:25.896		0.87619			4
2025.12.01	01:21:26.976	0.87614				2
2025.12.01	01:21:31.000		0.87621			4
2025.12.01	01:21:31.387	0.87613	0.87618			6
2025.12.01	01:21:31.699	0.87612				2
2025.12.01	01:21:32.700	0.87613	0.87617			6
2025.12.01	01:21:33.002	0.87611				2
2025.12.01	01:21:34.620	0.87612	0.87616			6
2025.12.01	01:21:35.074	0.87611	0.87617			6
2025.12.01	01:21:40.576	0.87613	0.87618			6
2025.12.01	01:21:40.879		0.87619			4
2025.12.01	01:21:41.941	0.87611	0.87617			6
2025.12.01	01:21:44.316		0.87618			4
2025.12.01	01:21:55.017	0.87612				2
2025.12.01	01:21:58.400	0.87611				2
2025.12.01	01:22:00.371	0.87612				2
2025.12.01	01:22:11.702	0.87611				2
2025.12.01	01:22:15.689	0.87612	0.87619			6
2025.12.01	01:22:19.378	0.87613				2
2025.12.01	01:22:25.273	0.87614				2
2025.12.01	01:22:27.141		0.87620			4
2025.12.01	01:22:33.945		0.87619			4
2025.12.01	01:22:38.837	0.87613				2
2025.12.01	01:22:40.028	0.87614				2
2025.12.01	01:22:45.492	0.87613				2
2025.12.01	01:22:47.005	0.87614	0.87620			6
2025.12.01	01:22:47.476	0.87616	0.87622			6
2025.12.01	01:23:00.239	0.87616				2
2025.12.01	01:23:03.569	0.87617				2
2025.12.01	01:23:03.871	0.87619	0.87624			6
2025.12.01	01:23:08.063		0.87623			4
2025.12.01	01:23:10.131		0.87624			4
2025.12.01	01:23:10.702	0.87617	0.87623			6
2025.12.01	01:23:11.446		0.87622			4
2025.12.01	01:23:12.172		0.87623			4
2025.12.01	01:23:15.185	0.87618	0.87622			6
2025.12.01	01:23:15.499	0.87619	0.87624			6
2025.12.01	01:23:15.845	0.87617	0.87622			6
2025.12.01	01:23:16.223	0.87619				2
2025.12.01	01:23:18.350	0.87620	0.87623			6
2025.12.01	01:23:18.659		0.87624			4
2025.12.01	01:23:22.707	0.87619				2
2025.12.01	01:23:23.108		0.87625			4
2025.12.01	01:23:24.982	0.87620	0.87624			6
2025.12.01	01:23:25.437	0.87622	0.87625			6
2025.12.01	01:23:29.196	0.87623	0.87627			6
2025.12.01	01:23:30.225	0.87624	0.87628			6
2025.12.01	01:23:33.013	0.87623	0.87630			6
2025.12.01	01:23:35.443	0.87625	0.87631			6
2025.12.01	01:23:37.284	0.87626				2
2025.12.01	01:23:41.361	0.87624	0.87629			6
2025.12.01	01:23:41.811		0.87630			4
2025.12.01	01:23:42.118	0.87623				2
2025.12.01	01:23:43.836	0.87625	0.87629			6
2025.12.01	01:23:44.929	0.87624				2
2025.12.01	01:23:46.606	0.87626	0.87630			6
2025.12.01	01:23:50.660	0.87623				2
2025.12.01	01:23:51.646	0.87624				2
2025.12.01	01:23:53.827	0.87625				2
2025.12.01	01:23:54.134	0.87624				2
2025.12.01	01:23:57.229	0.87625				2
2025.12.01	01:23:57.558	0.87624				2
2025.12.01	01:23:58.453	0.87625				2
2025.12.01	01:23:58.768	0.87624	0.87631			6
2025.12.01	01:24:02.198	0.87623				2
2025.12.01	01:24:02.503	0.87625	0.87630			6
2025.12.01	01:24:02.869	0.87623				2
2025.12.01	01:24:03.373		0.87629			4
2025.12.01	01:24:05.257	0.87626	0.87630			6
2025.12.01	01:24:05.564		0.87629			4
2025.12.01	01:24:07.441	0.87623				2
2025.12.01	01:24:09.486	0.87626				2
2025.12.01	01:24:09.820		0.87630			4
2025.12.01	01:24:10.133	0.87625	0.87629			6
2025.12.01	01:24:11.052	0.87626				2
2025.12.01	01:24:11.441	0.87623				2
2025.12.01	01:24:12.216	0.87626				2
2025.12.01	01:24:14.736		0.87628			4
2025.12.01	01:24:15.234	0.87624	0.87629			6
2025.12.01	01:24:18.045		0.87628			4
2025.12.01	01:24:19.157	0.87623	0.87629			6
2025.12.01	01:24:21.830	0.87622				2
2025.12.01	01:24:22.391	0.87624	0.87628			6
2025.12.01	01:24:23.404		0.87629			4
2025.12.01	01:24:24.134	0.87623				2
2025.12.01	01:24:26.751	0.87622				2
2025.12.01	01:24:27.516	0.87624				2
2025.12.01	01:24:28.595	0.87625				2
2025.12.01	01:24:29.432	0.87622				2
2025.12.01	01:24:31.227	0.87623				2
2025.12.01	01:24:31.616		0.87628			4
2025.12.01	01:24:35.737	0.87622	0.87629			6
2025.12.01	01:24:36.045	0.87628	0.87632			6
2025.12.01	01:24:36.356	0.87630	0.87635			6
2025.12.01	01:24:36.660		0.87636			4
2025.12.01	01:24:36.979	0.87629				2
2025.12.01	01:24:37.315	0.87631	0.87635			6
2025.12.01	01:24:38.057	0.87630	0.87636			6
2025.12.01	01:24:38.365	0.87628	0.87635			6
2025.12.01	01:24:39.444	0.87632	0.87636			6
2025.12.01	01:24:39.864	0.87631				2
2025.12.01	01:24:40.923		0.87635			4
2025.12.01	01:24:42.003	0.87630				2
2025.12.01	01:24:42.337	0.87631	0.87636			6
2025.12.01	01:24:42.707	0.87628	0.87634			6
2025.12.01	01:24:43.155	0.87629	0.87635			6
2025.12.01	01:24:46.138	0.87630				2
2025.12.01	01:24:47.909	0.87631				2
2025.12.01	01:24:49.287		0.87636			4
2025.12.01	01:24:54.532	0.87630				2
2025.12.01	01:24:56.482	0.87631				2
2025.12.01	01:24:57.196	0.87629	0.87635			6
2025.12.01	01:24:58.306	0.87628				2
2025.12.01	01:24:59.906	0.87631	0.87636			6
2025.12.01	01:25:00.424	0.87630				2
2025.12.01	01:25:01.422	0.87631				2
2025.12.01	01:25:02.257	0.87630				2
2025.12.01	01:25:04.463	0.87631				2
2025.12.01	01:25:05.254	0.87630				2
2025.12.01	01:25:06.095	0.87629	0.87635			6
2025.12.01	01:25:06.400	0.87628				2
2025.12.01	01:25:06.720		0.87634			4
2025.12.01	01:25:10.136	0.87629				2
2025.12.01	01:25:12.734		0.87635			4
2025.12.01	01:25:13.068	0.87628				2
2025.12.01	01:25:13.377	0.87630				2
2025.12.01	01:25:15.363		0.87636			4
2025.12.01	01:25:16.911	0.87631				2
2025.12.01	01:25:18.612		0.87637			4
2025.12.01	01:25:19.680	0.87632				2
2025.12.01	01:25:21.785	0.87631				2
2025.12.01	01:25:23.391	0.87632				2
2025.12.01	01:25:23.732	0.87631				2
2025.12.01	01:25:24.827		0.87635			4
2025.12.01	01:25:25.140	0.87630				2
2025.12.01	01:25:25.870	0.87631	0.87636			6
2025.12.01	01:25:26.887		0.87635			4
2025.12.01	01:25:27.290	0.87630				2
2025.12.01	01:25:28.898		0.87634			4
2025.12.01	01:25:32.471	0.87632	0.87636			6
2025.12.01	01:25:34.668		0.87637			4
2025.12.01	01:25:37.841		0.87636			4
2025.12.01	01:25:45.094	0.87631				2
2025.12.01	01:25:49.533	0.87630	0.87635			6
2025.12.01	01:25:52.011	0.87631				2
2025.12.01	01:26:00.318	0.87631				2
2025.12.01	01:26:17.181	0.87632				2
2025.12.01	01:26:21.357	0.87626	0.87630			6
2025.12.01	01:26:22.444	0.87625	0.87629			6
2025.12.01	01:26:29.931	0.87626				2
2025.12.01	01:26:31.367	0.87625				2
2025.12.01	01:26:32.787	0.87623				2
2025.12.01	01:26:35.077	0.87624				2
2025.12.01	01:26:38.026	0.87623				2
2025.12.01	01:26:43.280	0.87624				2
2025.12.01	01:26:44.963	0.87622				2
2025.12.01	01:26:47.585	0.87623				2
2025.12.01	01:26:51.813	0.87626	0.87630			6
2025.12.01	01:26:53.313	0.87625				2
2025.12.01	01:26:55.400		0.87629			4
2025.12.01	01:26:57.642		0.87630			4
2025.12.01	01:27:01.516	0.87626				2
2025.12.01	01:27:03.790		0.87629			4
2025.12.01	01:27:06.045	0.87627	0.87632			6
2025.12.01	01:27:06.632	0.87626	0.87631			6
2025.12.01	01:27:07.696	0.87625				2
2025.12.01	01:27:08.389	0.87627				2
2025.12.01	01:27:08.916	0.87628				2
2025.12.01	01:27:09.392	0.87627				2
2025.12.01	01:27:22.195	0.87626	0.87630			6
2025.12.01	01:27:22.841	0.87627				2
2025.12.01	01:27:23.232	0.87626				2
2025.12.01	01:27:24.139	0.87628	0.87631			6
2025.12.01	01:27:24.849	0.87629	0.87633			6
2025.12.01	01:27:28.094	0.87630				2
2025.12.01	01:27:33.417	0.87629				2
2025.12.01	01:27:34.542	0.87630	0.87634			6
2025.12.01	01:27:34.850		0.87635			4
2025.12.01	01:27:39.220	0.87631				2
2025.12.01	01:27:43.647	0.87630				2
2025.12.01	01:27:44.405	0.87626	0.87634			6
2025.12.01	01:27:45.397	0.87627	0.87633			6
2025.12.01	01:27:47.004	0.87626				2
2025.12.01	01:27:47.349	0.87627	0.87632			6
2025.12.01	01:27:50.632		0.87633			4
2025.12.01	01:27:51.524	0.87628				2
2025.12.01	01:27:53.744	0.87629	0.87634			6
2025.12.01	01:27:54.226	0.87628	0.87633			6
2025.12.01	01:27:55.016	0.87625	0.87632			6
2025.12.01	01:28:00.148	0.87626				2
2025.12.01	01:28:01.390		0.87633			4
2025.12.01	01:28:02.779		0.87632			4
2025.12.01	01:28:05.257	0.87627				2
2025.12.01	01:28:06.939		0.87633			4
2025.12.01	01:28:07.246	0.87625				2
2025.12.01	01:28:15.066	0.87627				2
2025.12.01	01:28:17.605	0.87628	0.87634			6
2025.12.01	01:28:18.063	0.87627	0.87633			6
2025.12.01	01:28:23.449		0.87632			4
2025.12.01	01:28:27.726	0.87625				2
2025.12.01	01:28:30.941	0.87626	0.87631			6
2025.12.01	01:28:33.567	0.87627				2
2025.12.01	01:28:38.524	0.87626				2
2025.12.01	01:28:40.595		0.87630			4
2025.12.01	01:28:42.613		0.87631			4
2025.12.01	01:28:44.204	0.87625	0.87632			6
2025.12.01	01:28:49.639	0.87627	0.87633			6
2025.12.01	01:28:49.967	0.87626				2
2025.12.01	01:28:52.076	0.87625				2
2025.12.01	01:29:00.488	0.87625				2
2025.12.01	01:29:01.660	0.87626				2
2025.12.01	01:29:03.283	0.87627	0.87632			6
2025.12.01	01:29:13.885	0.87628				2
2025.12.01	01:29:15.026	0.87627				2
2025.12.01	01:29:18.065		0.87633			4
2025.12.01	01:29:21.193	0.87629				2
2025.12.01	01:29:23.445	0.87628				2
2025.12.01	01:29:23.799	0.87629				2
2025.12.01	01:29:24.568	0.87630				2
2025.12.01	01:29:24.924		0.87634			4
2025.12.01	01:29:37.703		0.87633			4
2025.12.01	01:29:38.313		0.87634			4
2025.12.01	01:29:38.747	0.87629	0.87633			6
2025.12.01	01:29:40.487	0.87628				2
2025.12.01	01:29:41.933	0.87630				2
2025.12.01	01:29:45.009	0.87628				2
2025.12.01	01:29:46.103	0.87629				2
2025.12.01	01:29:52.732	0.87627	0.87634			6
2025.12.01	01:29:53.039		0.87633			4
2025.12.01	01:29:53.751	0.87628	0.87634			6
2025.12.01	01:29:57.732	0.87627				2
2025.12.01	01:30:00.191	0.87629				2
2025.12.01	01:30:03.199	0.87631	0.87632			6
2025.12.01	01:30:04.125	0.87633	0.87634			6
2025.12.01	01:30:05.655	0.87634	0.87635			6
2025.12.01	01:30:06.265	0.87633	0.87634			6
2025.12.01	01:30:06.577	0.87631	0.87632			6
2025.12.01	01:30:06.881	0.87629	0.87633			6
2025.12.01	01:30:14.647		0.87632			4
2025.12.01	01:30:16.462	0.87632	0.87633			6
2025.12.01	01:30:17.098	0.87631				2
2025.12.01	01:30:31.654	0.87634	0.87636			6
2025.12.01	01:30:39.780	0.87633	0.87635			6
2025.12.01	01:30:42.687	0.87632				2
2025.12.01	01:30:45.492	0.87633				2
2025.12.01	01:30:47.589		0.87636			4
2025.12.01	01:30:58.937		0.87635			4
2025.12.01	01:31:00.607	0.87633	0.87636			6
2025.12.01	01:31:01.020		0.87635			4
2025.12.01	01:31:02.422	0.87634				2
2025.12.01	01:31:02.992	0.87633				2
2025.12.01	01:31:03.598		0.87636			4
2025.12.01	01:31:04.473	0.87634				2
2025.12.01	01:31:05.605	0.87633				2
2025.12.01	01:31:15.746	0.87634				2
2025.12.01	01:31:18.412	0.87637	0.87639			6
2025.12.01	01:31:18.804	0.87634	0.87637			6
2025.12.01	01:31:20.909	0.87635	0.87636			6
2025.12.01	01:31:21.541	0.87634				2
2025.12.01	01:31:24.164	0.87633				2
2025.12.01	01:31:25.897		0.87634			4
2025.12.01	01:31:26.510	0.87632				2
2025.12.01	01:31:26.819	0.87633	0.87636			6
2025.12.01	01:31:27.941		0.87635			4
2025.12.01	01:31:30.658	0.87634	0.87637			6
2025.12.01	01:31:33.727	0.87635				2
2025.12.01	01:31:43.269	0.87634	0.87635			6
2025.12.01	01:31:43.824	0.87633				2
2025.12.01	01:32:00.503	0.87633				2
2025.12.01	01:32:10.827	0.87632				2
2025.12.01	01:32:11.854	0.87631	0.87634			6
2025.12.01	01:32:13.213		0.87632			4
2025.12.01	01:32:13.630		0.87634			4
2025.12.01	01:32:14.513	0.87629	0.87632			6
2025.12.01	01:32:16.351	0.87630				2
2025.12.01	01:32:16.862		0.87631			4
2025.12.01	01:32:17.218	0.87629				2
2025.12.01	01:32:19.123	0.87630				2
2025.12.01	01:32:21.038	0.87629				2
2025.12.01	01:32:28.192	0.87628				2
2025.12.01	01:32:32.346	0.87627				2
2025.12.01	01:32:35.105	0.87625	0.87628			6
2025.12.01	01:32:35.495	0.87624	0.87627			6
2025.12.01	01:32:45.373	0.87626				2
2025.12.01	01:32:45.675	0.87628	0.87631			6
2025.12.01	01:32:49.104	0.87627	0.87630			6
2025.12.01	01:32:52.894	0.87623	0.87626			6
2025.12.01	01:32:53.230		0.87627			4
2025.12.01	01:32:54.083	0.87622	0.87626			6
2025.12.01	01:32:57.469	0.87623				2
2025.12.01	01:33:00.010	0.87623				2
2025.12.01	01:33:00.691	0.87621	0.87625			6
2025.12.01	01:33:01.057	0.87622	0.87626			6
2025.12.01	01:33:05.866	0.87621	0.87625			6
2025.12.01	01:33:08.404	0.87622	0.87627			6
2025.12.01	01:33:08.728		0.87626			4
2025.12.01	01:33:10.331	0.87623	0.87627			6
2025.12.01	01:33:15.072	0.87621	0.87623			6
2025.12.01	01:33:15.408	0.87617	0.87620			6
2025.12.01	01:33:15.905	0.87618	0.87621			6
2025.12.01	01:33:16.208		0.87622			4
2025.12.01	01:33:16.589	0.87619				2
2025.12.01	01:33:19.401	0.87614	0.87617			6
2025.12.01	01:33:21.151	0.87617	0.87619			6
2025.12.01	01:33:21.454		0.87618			4
2025.12.01	01:33:23.258	0.87616	0.87619			6
2025.12.01	01:33:25.513		0.87618			4
2025.12.01	01:33:30.940	0.87617				2
2025.12.01	01:33:31.268		0.87619			4
2025.12.01	01:33:32.251	0.87616				2
2025.12.01	01:33:32.577	0.87617				2
2025.12.01	01:33:36.260		0.87618			4
2025.12.01	01:33:37.065	0.87618	0.87619			6
2025.12.01	01:33:41.534	0.87617				2
2025.12.01	01:33:44.099	0.87618				2
2025.12.01	01:33:44.405	0.87619	0.87621			6
2025.12.01	01:33:47.171	0.87618	0.87620			6
2025.12.01	01:33:48.353		0.87619			4
2025.12.01	01:33:53.218		0.87620			4
2025.12.01	01:33:56.083	0.87617	0.87619			6
2025.12.01	01:33:59.287	0.87619	0.87620			6
2025.12.01	01:34:00.002	0.87620	0.87621			6
2025.12.01	01:34:00.350	0.87619	0.87620			6
2025.12.01	01:34:01.123		0.87621			4
2025.12.01	01:34:03.040		0.87620			4
2025.12.01	01:34:03.543	0.87618	0.87622			6
2025.12.01	01:34:05.661		0.87621			4
2025.12.01	01:34:06.509	0.87622	0.87624			6
2025.12.01	01:34:07.004	0.87621				2
2025.12.01	01:34:10.272	0.87622	0.87625			6
2025.12.01	01:34:11.151	0.87623	0.87624			6
2025.12.01	01:34:17.081	0.87621				2
2025.12.01	01:34:19.429		0.87622			4
2025.12.01	01:34:23.741	0.87622	0.87624			6
2025.12.01	01:34:24.072	0.87623				2
2025.12.01	01:34:27.312	0.87622				2
2025.12.01	01:34:27.770	0.87621	0.87623			6
2025.12.01	01:34:32.341		0.87624			4
2025.12.01	01:34:35.183		0.87623			4
2025.12.01	01:34:36.798		0.87622			4
2025.12.01	01:34:38.985	0.87617	0.87620			6
2025.12.01	01:34:43.343		0.87621			4
2025.12.01	01:34:43.864	0.87616	0.87620			6
2025.12.01	01:34:49.471	0.87617				2
2025.12.01	01:34:54.400	0.87621	0.87624			6
2025.12.01	01:34:57.742	0.87620				2
2025.12.01	01:34:58.777	0.87622				2
2025.12.01	01:35:00.236	0.87622				2
2025.12.01	01:35:02.441		0.87623			4
2025.12.01	01:35:03.174	0.87620	0.87622			6
2025.12.01	01:35:05.601		0.87623			4
2025.12.01	01:35:05.967		0.87622			4
2025.12.01	01:35:08.344	0.87619				2
2025.12.01	01:35:08.991		0.87623			4
2025.12.01	01:35:09.526	0.87620	0.87622			6
2025.12.01	01:35:10.712	0.87622	0.87623			6
2025.12.01	01:35:18.727		0.87624			4
2025.12.01	01:35:23.706	0.87623				2
2025.12.01	01:35:24.978	0.87624	0.87625			6
2025.12.01	01:35:29.845	0.87623	0.87624			6
2025.12.01	01:35:31.944		0.87628			4
2025.12.01	01:35:36.267	0.87624	0.87627			6
2025.12.01	01:35:37.365		0.87628			4
2025.12.01	01:35:42.288		0.87629			4
2025.12.01	01:35:47.384		0.87628			4
2025.12.01	01:35:52.911	0.87623	0.87626			6
2025.12.01	01:35:54.162		0.87628			4
2025.12.01	01:35:58.276		0.87626			4
2025.12.01	01:36:00.674	0.87625	0.87628			6
2025.12.01	01:36:01.227		0.87627			4
2025.12.01	01:36:09.913		0.87628			4
2025.12.01	01:36:10.839	0.87624	0.87629			6
2025.12.01	01:36:11.157		0.87627			4
2025.12.01	01:36:11.792	0.87625	0.87628			6
2025.12.01	01:36:13.691	0.87626				2
2025.12.01	01:36:14.923		0.87629			4
2025.12.01	01:36:28.778	0.87625	0.87628			6
2025.12.01	01:36:32.752	0.87626				2
2025.12.01	01:36:42.398	0.87625	0.87629			6
2025.12.01	01:36:43.406	0.87626				2
2025.12.01	01:36:45.048	0.87627	0.87630			6
2025.12.01	01:36:51.702	0.87626				2
2025.12.01	01:36:56.919	0.87627				2
2025.12.01	01:36:58.155	0.87626				2
2025.12.01	01:36:58.620	0.87627				2
2025.12.01	01:36:58.974	0.87626	0.87629			6
2025.12.01	01:36:59.279		0.87630			4
2025.12.01	01:37:00.537	0.87626				2
2025.12.01	01:37:02.318	0.87627				2
2025.12.01	01:37:03.585	0.87628	0.87631			6
2025.12.01	01:37:04.353	0.87627	0.87630			6
2025.12.01	01:37:08.713	0.87628	0.87631			6
2025.12.01	01:37:14.742	0.87627				2
2025.12.01	01:37:15.886	0.87629	0.87633			6
2025.12.01	01:37:24.033		0.87632			4
2025.12.01	01:37:26.274		0.87633			4
2025.12.01	01:37:26.578		0.87632			4
2025.12.01	01:37:26.896		0.87633			4
2025.12.01	01:37:28.349	0.87631	0.87635			6
2025.12.01	01:37:48.351		0.87634			4
2025.12.01	01:37:48.663	0.87630				2
2025.12.01	01:37:49.381	0.87631				2
2025.12.01	01:37:52.173	0.87630	0.87633			6
2025.12.01	01:37:53.656		0.87632			4
2025.12.01	01:37:54.332		0.87633			4
2025.12.01	01:37:54.685		0.87632			4
2025.12.01	01:37:55.121		0.87633			4
2025.12.01	01:37:56.137		0.87634			4
2025.12.01	01:38:00.380	0.87630				2
2025.12.01	01:38:01.900	0.87629	0.87633			6
2025.12.01	01:38:03.492	0.87631	0.87635			6
2025.12.01	01:38:03.799		0.87634			4
2025.12.01	01:38:05.374		0.87635			4
2025.12.01	01:38:09.522		0.87634			4
2025.12.01	01:38:10.183	0.87632	0.87635			6
2025.12.01	01:38:11.421	0.87631				2
2025.12.01	01:38:13.652	0.87629	0.87632			6
2025.12.01	01:38:18.512	0.87628	0.87631			6
2025.12.01	01:38:21.486		0.87630			4
2025.12.01	01:38:22.068		0.87631			4
2025.12.01	01:38:24.035	0.87627	0.87630			6
2025.12.01	01:38:24.871		0.87629			4
2025.12.01	01:38:25.495		0.87631			4
2025.12.01	01:38:27.544		0.87630			4
2025.12.01	01:38:30.601		0.87631			4
2025.12.01	01:38:31.607	0.87628				2
2025.12.01	01:39:00.458	0.87629	0.87633			6
2025.12.01	01:39:03.676	0.87630				2
2025.12.01	01:39:06.940		0.87634			4
2025.12.01	01:39:14.444		0.87633			4
2025.12.01	01:39:19.798	0.87628	0.87631			6
2025.12.01	01:39:23.161	0.87629	0.87632			6
2025.12.01	01:39:26.123	0.87628	0.87631			6
2025.12.01	01:39:27.086	0.87629	0.87632			6
2025.12.01	01:39:28.010	0.87628				2
2025.12.01	01:39:31.179	0.87627				2
2025.12.01	01:39:34.246	0.87626	0.87631			6
2025.12.01	01:39:35.715		0.87630			4
2025.12.01	01:39:40.542	0.87627	0.87631			6
2025.12.01	01:39:43.492	0.87629	0.87632			6
2025.12.01	01:39:43.800	0.87630	0.87633			6
2025.12.01	01:39:44.697	0.87631	0.87634			6
2025.12.01	01:39:54.816		0.87633			4
2025.12.01	01:39:55.589	0.87630	0.87634			6
2025.12.01	01:39:56.397	0.87629	0.87632			6
2025.12.01	01:39:56.736	0.87630	0.87634			6
2025.12.01	01:39:57.040	0.87632	0.87635			6
2025.12.01	01:40:02.019	0.87632				2
2025.12.01	01:40:08.847		0.87634			4
2025.12.01	01:40:10.534	0.87633	0.87635			6
2025.12.01	01:40:15.970	0.87634	0.87636			6
2025.12.01	01:40:16.982		0.87637			4
2025.12.01	01:40:17.967		0.87636			4
2025.12.01	01:40:18.316		0.87637			4
2025.12.01	01:40:18.766		0.87635			4
2025.12.01	01:40:20.389	0.87633				2
2025.12.01	01:40:23.040	0.87630	0.87634			6
2025.12.01	01:40:24.057	0.87632				2
2025.12.01	01:40:25.383		0.87635			4
2025.12.01	01:40:25.708	0.87631				2
2025.12.01	01:40:27.908		0.87634			4
2025.12.01	01:40:28.790		0.87635			4
2025.12.01	01:40:29.269		0.87634			4
2025.12.01	01:40:32.199		0.87633			4
2025.12.01	01:40:32.652		0.87634			4
2025.12.01	01:40:32.968	0.87630				2
2025.12.01	01:40:33.442	0.87631				2
2025.12.01	01:40:33.877	0.87630				2
2025.12.01	01:40:34.342	0.87631				2
2025.12.01	01:40:35.261	0.87630				2
2025.12.01	01:40:37.084	0.87631				2
2025.12.01	01:40:41.537	0.87630				2
2025.12.01	01:40:42.480	0.87631				2
2025.12.01	01:40:42.789	0.87630				2
2025.12.01	01:40:43.652	0.87631				2
2025.12.01	01:40:43.957	0.87630	0.87633			6
2025.12.01	01:40:44.636	0.87631	0.87635			6
2025.12.01	01:40:45.056	0.87630				2
2025.12.01	01:40:45.736	0.87631				2
2025.12.01	01:40:54.229		0.87634			4
2025.12.01	01:41:00.282	0.87631				2
2025.12.01	01:41:01.559		0.87635			4
2025.12.01	01:41:08.334		0.87634			4
2025.12.01	01:41:15.677	0.87633	0.87637			6
2025.12.01	01:41:17.502		0.87636			4
2025.12.01	01:41:19.373	0.87629	0.87632			6
2025.12.01	01:41:20.999	0.87628	0.87631			6
2025.12.01	01:41:28.193		0.87632			4
2025.12.01	01:41:28.826	0.87629				2
2025.12.01	01:41:32.852	0.87630	0.87633			6
2025.12.01	01:41:42.506	0.87631	0.87634			6
2025.12.01	01:41:44.546	0.87630				2
2025.12.01	01:41:45.557		0.87635			4
2025.12.01	01:41:45.937	0.87631	0.87634			6
2025.12.01	01:41:47.287		0.87635			4
2025.12.01	01:41:48.394		0.87634			4
2025.12.01	01:41:50.351		0.87635			4
2025.12.01	01:41:50.657		0.87634			4
2025.12.01	01:41:52.539		0.87635			4
2025.12.01	01:41:53.575		0.87634			4
2025.12.01	01:41:54.611		0.87635			4
2025.12.01	01:41:55.647		0.87634			4
2025.12.01	01:41:57.481		0.87635			4
2025.12.01	01:41:57.848		0.87634			4
2025.12.01	01:42:00.318	0.87631				2
2025.12.01	01:42:00.662	0.87634	0.87638			6
2025.12.01	01:42:01.206	0.87633	0.87637			6
2025.12.01	01:42:03.344	0.87634				2
2025.12.01	01:42:06.803	0.87633				2
2025.12.01	01:42:15.661	0.87634	0.87636			6
2025.12.01	01:42:23.676		0.87637			4
2025.12.01	01:42:27.102		0.87636			4
2025.12.01	01:42:41.899	0.87635	0.87639			6
2025.12.01	01:42:47.177	0.87633	0.87636			6
2025.12.01	01:42:51.064	0.87631	0.87633			6
2025.12.01	01:42:53.937	0.87630	0.87634			6
2025.12.01	01:42:59.613		0.87633			4
2025.12.01	01:43:00.444	0.87630	0.87632			6
2025.12.01	01:43:08.887	0.87629				2
2025.12.01	01:43:18.350	0.87628				2
2025.12.01	01:43:26.640	0.87632	0.87635			6
2025.12.01	01:43:32.220	0.87631				2
2025.12.01	01:43:34.958	0.87632				2
2025.12.01	01:43:40.152	0.87631				2
2025.12.01	01:43:41.822	0.87632				2
2025.12.01	01:43:43.297	0.87631				2
2025.12.01	01:43:44.801	0.87632				2
2025.12.01	01:43:48.178	0.87631				2
2025.12.01	01:43:49.351	0.87635	0.87639			6
2025.12.01	01:43:50.249		0.87638			4
2025.12.01	01:43:55.446	0.87637	0.87639			6
2025.12.01	01:43:55.787		0.87640			4
2025.12.01	01:43:56.466	0.87636	0.87639			6
2025.12.01	01:43:59.563	0.87635	0.87638			6
2025.12.01	01:44:00.574	0.87636	0.87639			6
2025.12.01	01:44:18.719	0.87635	0.87638			6
2025.12.01	01:44:26.048	0.87637	0.87640			6
2025.12.01	01:44:29.394	0.87636				2
2025.12.01	01:44:29.698	0.87638				2
2025.12.01	01:44:30.469	0.87637				2
2025.12.01	01:44:31.362	0.87638				2
2025.12.01	01:44:31.727	0.87637				2
2025.12.01	01:44:36.308	0.87638				2
2025.12.01	01:44:37.781	0.87637				2
2025.12.01	01:44:38.780	0.87636				2
2025.12.01	01:44:42.369	0.87638	0.87642			6
2025.12.01	01:44:44.736		0.87641			4
2025.12.01	01:44:45.447	0.87641	0.87643			6
2025.12.01	01:44:45.763	0.87639				2
2025.12.01	01:44:46.349	0.87640				2
2025.12.01	01:44:47.873	0.87641	0.87644			6
2025.12.01	01:44:51.691	0.87640				2
2025.12.01	01:44:52.835	0.87641				2
2025.12.01	01:44:55.320	0.87640	0.87643			6
2025.12.01	01:44:56.285		0.87644			4
2025.12.01	01:44:58.119		0.87643			4
2025.12.01	01:45:00.416	0.87637				2
2025.12.01	01:45:00.966	0.87639				2
2025.12.01	01:45:01.448	0.87640				2
2025.12.01	01:45:01.773	0.87639				2
2025.12.01	01:45:02.082	0.87641				2
2025.12.01	01:45:03.509	0.87638				2
2025.12.01	01:45:03.814	0.87637	0.87642			6
2025.12.01	01:45:04.129	0.87640	0.87643			6
2025.12.01	01:45:04.493	0.87639				2
2025.12.01	01:45:06.388	0.87637	0.87641			6
2025.12.01	01:45:07.852	0.87639	0.87643			6
2025.12.01	01:45:10.776	0.87638				2
2025.12.01	01:45:18.801	0.87639				2
2025.12.01	01:45:22.971	0.87638				2
2025.12.01	01:45:25.357	0.87639				2
2025.12.01	01:45:25.726		0.87642			4
2025.12.01	01:45:26.373	0.87638	0.87643			6
2025.12.01	01:45:26.692	0.87639	0.87642			6
2025.12.01	01:45:29.402	0.87637				2
2025.12.01	01:45:29.896	0.87638	0.87643			6
2025.12.01	01:45:30.528	0.87636	0.87638			6
2025.12.01	01:45:31.521	0.87634				2
2025.12.01	01:45:31.878	0.87635				2
2025.12.01	01:45:32.329		0.87637			4
2025.12.01	01:45:33.993	0.87636	0.87639			6
2025.12.01	01:45:34.647	0.87635				2
2025.12.01	01:45:35.043	0.87637				2
2025.12.01	01:45:35.789	0.87636				2
2025.12.01	01:45:39.726		0.87638			4
2025.12.01	01:45:45.757		0.87639			4
2025.12.01	01:45:46.939	0.87635				2
2025.12.01	01:45:54.408	0.87632	0.87637			6
2025.12.01	01:45:54.719	0.87633				2
2025.12.01	01:45:55.877	0.87634				2
2025.12.01	01:45:56.352	0.87633				2
2025.12.01	01:45:58.354	0.87632				2
2025.12.01	01:46:00.311	0.87632				2
2025.12.01	01:46:00.893	0.87633	0.87636			6
2025.12.01	01:46:01.847	0.87632				2
2025.12.01	01:46:02.346	0.87633				2
2025.12.01	01:46:02.883		0.87637			4
2025.12.01	01:46:07.666		0.87636			4
2025.12.01	01:46:09.709	0.87632				2
2025.12.01	01:46:13.587	0.87633				2
2025.12.01	01:46:13.900	0.87634				2
2025.12.01	01:46:14.345	0.87632				2
2025.12.01	01:46:17.231	0.87636	0.87639			6
2025.12.01	01:46:20.350	0.87637				2
2025.12.01	01:46:20.659	0.87635				2
2025.12.01	01:46:23.834	0.87634	0.87637			6
2025.12.01	01:46:28.988	0.87632				2
2025.12.01	01:46:29.453	0.87634	0.87636			6
2025.12.01	01:46:30.758	0.87635	0.87638			6
2025.12.01	01:46:35.704		0.87639			4
2025.12.01	01:46:38.741		0.87638			4
2025.12.01	01:46:42.616	0.87634				2
2025.12.01	01:46:43.277	0.87635	0.87637			6
2025.12.01	01:46:43.631		0.87638			4
2025.12.01	01:46:43.977	0.87633	0.87636			6
2025.12.01	01:46:44.279		0.87637			4
2025.12.01	01:46:44.736	0.87632	0.87636			6
2025.12.01	01:46:47.101	0.87633	0.87637			6
2025.12.01	01:46:48.779		0.87636			4
2025.12.01	01:46:52.776		0.87637			4
2025.12.01	01:46:53.568		0.87636			4
2025.12.01	01:46:58.984	0.87632				2
2025.12.01	01:47:00.029	0.87632				2
2025.12.01	01:47:17.784	0.87631				2
2025.12.01	01:47:18.108	0.87632				2
2025.12.01	01:47:21.561	0.87635	0.87638			6
2025.12.01	01:47:23.047		0.87639			4
2025.12.01	01:47:26.453	0.87634	0.87637			6
2025.12.01	01:47:26.781	0.87633	0.87636			6
2025.12.01	01:47:27.098	0.87634	0.87639			6
2025.12.01	01:47:30.869		0.87638			4
2025.12.01	01:47:32.754	0.87635				2
2025.12.01	01:47:33.771		0.87639			4
2025.12.01	01:47:36.118		0.87638			4
2025.12.01	01:47:36.987		0.87639			4
2025.12.01	01:47:42.056	0.87636	0.87640			6
2025.12.01	01:47:47.855	0.87635	0.87639			6
2025.12.01	01:47:48.601		0.87638			4
2025.12.01	01:47:50.692		0.87639			4
2025.12.01	01:47:53.025	0.87634	0.87637			6
2025.12.01	01:47:53.845	0.87633	0.87636			6
2025.12.01	01:47:55.798	0.87632				2
2025.12.01	01:47:59.613	0.87635	0.87638			6
2025.12.01	01:47:59.919	0.87636	0.87640			6
2025.12.01	01:48:00.353	0.87636				2
2025.12.01	01:48:00.786	0.87637				2
2025.12.01	01:48:01.745	0.87638	0.87641			6
2025.12.01	01:48:02.057	0.87637				2
2025.12.01	01:48:03.608	0.87636	0.87640			6
2025.12.01	01:48:03.932	0.87635	0.87639			6
2025.12.01	01:48:12.028	0.87636				2
2025.12.01	01:48:13.589	0.87635				2
2025.12.01	01:48:20.491	0.87636				2
2025.12.01	01:48:22.290	0.87635				2
2025.12.01	01:48:26.635	0.87637	0.87641			6
2025.12.01	01:48:31.396	0.87635	0.87639			6
2025.12.01	01:48:31.909	0.87636				2
2025.12.01	01:48:37.956	0.87637	0.87640			6
2025.12.01	01:48:43.720		0.87641			4
2025.12.01	01:48:44.745	0.87636	0.87640			6
2025.12.01	01:48:49.381	0.87637				2
2025.12.01	01:48:50.454	0.87636	0.87639			6
2025.12.01	01:48:51.094	0.87635	0.87638			6
2025.12.01	01:48:53.136	0.87636				2
2025.12.01	01:48:57.172	0.87635				2
2025.12.01	01:49:00.492	0.87634	0.87637			6
2025.12.01	01:49:06.437	0.87635	0.87639			6
2025.12.01	01:49:09.942		0.87638			4
2025.12.01	01:49:15.371	0.87638	0.87641			6
2025.12.01	01:49:15.679		0.87642			4
2025.12.01	01:49:16.726	0.87632	0.87637			6
2025.12.01	01:49:17.034	0.87633	0.87636			6
2025.12.01	01:49:19.655	0.87634	0.87637			6
2025.12.01	01:49:24.797	0.87635	0.87638			6
2025.12.01	01:49:25.100	0.87633	0.87637			6
2025.12.01	01:49:26.603		0.87638			4
2025.12.01	01:49:26.966	0.87636	0.87639			6
2025.12.01	01:49:27.326	0.87635	0.87638			6
2025.12.01	01:49:27.639		0.87639			4
2025.12.01	01:49:29.008	0.87632	0.87635			6
2025.12.01	01:49:29.344	0.87631				2
2025.12.01	01:49:40.537		0.87634			4
2025.12.01	01:49:41.072	0.87633	0.87636			6
2025.12.01	01:49:45.169	0.87632	0.87635			6
2025.12.01	01:49:45.557	0.87633	0.87636			6
2025.12.01	01:49:46.550	0.87631	0.87633			6
2025.12.01	01:49:46.857	0.87630	0.87634			6
2025.12.01	01:49:47.586	0.87631				2
2025.12.01	01:49:51.782	0.87630				2
2025.12.01	01:49:52.903	0.87631	0.87635			6
2025.12.01	01:49:56.353		0.87636			4
2025.12.01	01:50:00.352	0.87631				2
2025.12.01	01:50:02.416	0.87633				2
2025.12.01	01:50:02.719		0.87637			4
2025.12.01	01:50:06.373	0.87634				2
2025.12.01	01:50:07.717	0.87632	0.87636			6
2025.12.01	01:50:09.081	0.87633				2
2025.12.01	01:50:34.520	0.87632				2
2025.12.01	01:50:35.633	0.87633				2
2025.12.01	01:50:53.091	0.87631	0.87634			6
2025.12.01	01:50:57.141		0.87633			4
2025.12.01	01:50:58.216		0.87635			4
2025.12.01	01:51:00.348	0.87631	0.87634			6
2025.12.01	01:51:03.247		0.87633			4
2025.12.01	01:51:06.672		0.87634			4
2025.12.01	01:51:10.920		0.87633			4
2025.12.01	01:51:12.666	0.87630				2
2025.12.01	01:51:14.870	0.87631	0.87634			6
2025.12.01	01:51:15.316	0.87632	0.87637			6
2025.12.01	01:51:15.622		0.87635			4
2025.12.01	01:51:16.309	0.87635	0.87640			6
2025.12.01	01:51:18.065	0.87636				2
2025.12.01	01:51:19.173		0.87641			4
2025.12.01	01:51:19.903		0.87640			4
2025.12.01	01:51:21.579		0.87641			4
2025.12.01	01:51:22.266	0.87637				2
2025.12.01	01:51:23.010		0.87638			4
2025.12.01	01:51:23.601		0.87639			4
2025.12.01	01:51:24.318	0.87635	0.87638			6
2025.12.01	01:51:24.676	0.87636	0.87639			6
2025.12.01	01:51:25.005		0.87638			4
2025.12.01	01:51:26.552		0.87640			4
2025.12.01	01:51:26.907		0.87638			4
2025.12.01	01:51:27.328	0.87635	0.87639			6
2025.12.01	01:51:27.662		0.87638			4
2025.12.01	01:51:28.372	0.87637	0.87640			6
2025.12.01	01:51:28.679		0.87643			4
2025.12.01	01:51:29.314	0.87638	0.87642			6
2025.12.01	01:51:31.717	0.87639				2
2025.12.01	01:51:37.288	0.87638	0.87643			6
2025.12.01	01:51:37.603		0.87639			4
2025.12.01	01:51:39.473	0.87637	0.87641			6
2025.12.01	01:51:39.897		0.87639			4
2025.12.01	01:51:48.846	0.87636	0.87640			6
2025.12.01	01:51:51.461		0.87639			4
2025.12.01	01:51:52.845		0.87638			4
2025.12.01	01:52:02.829	0.87636				2
2025.12.01	01:52:05.060	0.87637	0.87641			6
2025.12.01	01:52:06.815	0.87636				2
2025.12.01	01:52:15.066	0.87637				2
2025.12.01	01:52:18.421		0.87640			4
2025.12.01	01:52:22.752	0.87635				2
2025.12.01	01:52:23.599	0.87636				2
2025.12.01	01:52:26.368	0.87635				2
2025.12.01	01:52:27.197	0.87636				2
2025.12.01	01:52:28.474	0.87638	0.87641			6
2025.12.01	01:52:43.591	0.87637	0.87640			6
2025.12.01	01:52:46.109		0.87641			4
2025.12.01	01:52:48.831		0.87640			4
2025.12.01	01:52:50.177		0.87641			4
2025.12.01	01:52:50.850		0.87639			4
2025.12.01	01:52:51.430		0.87641			4
2025.12.01	01:52:51.862		0.87640			4
2025.12.01	01:52:57.391		0.87641			4
2025.12.01	01:53:00.505	0.87633	0.87637			6
2025.12.01	01:53:00.879	0.87632				2
2025.12.01	01:53:01.447	0.87633				2
2025.12.01	01:53:01.759		0.87636			4
2025.12.01	01:53:12.746	0.87631	0.87635			6
2025.12.01	01:53:13.066	0.87632				2
2025.12.01	01:53:17.579	0.87631				2
2025.12.01	01:53:20.147	0.87632	0.87634			6
2025.12.01	01:53:21.134	0.87634	0.87635			6
2025.12.01	01:53:21.479		0.87637			4
2025.12.01	01:53:26.497	0.87635	0.87638			6
2025.12.01	01:53:27.914		0.87639			4
2025.12.01	01:53:28.216	0.87632	0.87636			6
2025.12.01	01:53:28.552	0.87633	0.87637			6
2025.12.01	01:53:29.500	0.87636	0.87640			6
2025.12.01	01:53:31.402		0.87638			4
2025.12.01	01:53:39.832		0.87639			4
2025.12.01	01:53:48.247	0.87637				2
2025.12.01	01:53:48.990		0.87638			4
2025.12.01	01:53:53.262	0.87634				2
2025.12.01	01:53:58.628	0.87636	0.87639			6
2025.12.01	01:53:59.277	0.87635	0.87638			6
2025.12.01	01:53:59.908	0.87637				2
2025.12.01	01:54:00.245	0.87637	0.87639			6
2025.12.01	01:54:00.733	0.87638	0.87640			6
2025.12.01	01:54:02.244	0.87636				2
2025.12.01	01:54:02.681	0.87638				2
2025.12.01	01:54:05.492	0.87636	0.87639			6
2025.12.01	01:54:05.931	0.87638				2
2025.12.01	01:54:06.358	0.87635				2
2025.12.01	01:54:07.171	0.87637				2
2025.12.01	01:54:11.314	0.87636				2
2025.12.01	01:54:13.393	0.87635	0.87638			6
2025.12.01	01:54:14.418	0.87636				2
2025.12.01	01:54:15.365		0.87640			4
2025.12.01	01:54:16.785		0.87639			4
2025.12.01	01:54:21.616	0.87637	0.87638			6
2025.12.01	01:54:23.636		0.87639			4
2025.12.01	01:54:27.862	0.87636				2
2025.12.01	01:54:28.517	0.87637				2
2025.12.01	01:54:29.489		0.87640			4
2025.12.01	01:54:31.728	0.87635	0.87638			6
2025.12.01	01:54:32.041	0.87636	0.87639			6
2025.12.01	01:54:32.357	0.87635	0.87638			6
2025.12.01	01:54:32.663	0.87634	0.87637			6
2025.12.01	01:54:33.816	0.87633	0.87638			6
2025.12.01	01:54:34.277		0.87636			4
