<DATE>	<TIME>	<BID>	<ASK>	<LAST>	<VOLUME>	<FLAGS>
2025.01.09	00:00:00.096	0.83433	0.83502			6
2025.01.09	00:00:00.401	0.83339	0.83543			6
2025.01.09	00:00:00.702	0.83337	0.83541			6
2025.01.09	00:00:01.004	0.83423	0.83484			6
2025.01.09	00:00:30.694	0.83422				2
2025.01.09	00:00:36.328		0.83483			4
2025.01.09	00:01:21.011	0.83422				2
2025.01.09	00:01:31.320		0.83482			4
2025.01.09	00:01:58.857	0.83397	0.83491			6
2025.01.09	00:01:59.388	0.83394				2
2025.01.09	00:02:21.008	0.83394				2
2025.01.09	00:02:53.888		0.83490			4
2025.01.09	00:03:01.114	0.83394				2
2025.01.09	00:03:21.302		0.83502			4
2025.01.09	00:04:01.303	0.83394				2
2025.01.09	00:04:06.701		0.83492			4
2025.01.09	00:04:16.388	0.83382	0.83513			6
2025.01.09	00:05:01.173	0.83382				2
2025.01.09	00:05:06.187	0.83403				2
2025.01.09	00:05:10.448	0.83404				2
2025.01.09	00:05:11.431	0.83402				2
2025.01.09	00:05:13.808	0.83406				2
2025.01.09	00:05:14.807	0.83409				2
2025.01.09	00:05:21.610	0.83411	0.83513			6
2025.01.09	00:05:25.704	0.83413				2
2025.01.09	00:05:26.387	0.83411				2
2025.01.09	00:05:31.536	0.83413				2
2025.01.09	00:05:35.736	0.83412				2
2025.01.09	00:05:36.231	0.83413				2
2025.01.09	00:05:41.596	0.83420				2
2025.01.09	00:05:45.655	0.83421				2
2025.01.09	00:05:46.388	0.83420				2
2025.01.09	00:05:50.522	0.83419				2
2025.01.09	00:05:52.744	0.83416	0.83506			6
2025.01.09	00:05:55.760	0.83415				2
2025.01.09	00:05:56.226	0.83413				2
2025.01.09	00:06:00.680	0.83417				2
2025.01.09	00:06:01.726	0.83415				2
2025.01.09	00:06:02.370	0.83414				2
2025.01.09	00:06:06.152	0.83413				2
2025.01.09	00:06:12.354	0.83414				2
2025.01.09	00:06:28.404	0.83416				2
2025.01.09	00:06:29.582	0.83415				2
2025.01.09	00:06:42.965	0.83414				2
2025.01.09	00:06:47.512	0.83415				2
2025.01.09	00:07:01.011	0.83415	0.83506			6
2025.01.09	00:07:01.703	0.83414				2
2025.01.09	00:07:03.023	0.83415				2
2025.01.09	00:07:11.966	0.83416				2
2025.01.09	00:07:13.839	0.83417				2
2025.01.09	00:07:17.353	0.83419	0.83507			6
2025.01.09	00:07:23.263	0.83416				2
2025.01.09	00:07:23.836	0.83413				2
2025.01.09	00:07:24.270	0.83417				2
2025.01.09	00:07:34.278	0.83418				2
2025.01.09	00:07:35.297		0.83508			4
2025.01.09	00:07:38.356	0.83419				2
2025.01.09	00:07:47.339	0.83418				2
2025.01.09	00:07:52.226	0.83419				2
2025.01.09	00:08:07.449	0.83419				2
2025.01.09	00:08:32.348	0.83415				2
2025.01.09	00:08:40.570		0.83508			4
2025.01.09	00:08:42.387	0.83416				2
2025.01.09	00:08:52.171		0.83506			4
2025.01.09	00:08:54.669		0.83508			4
2025.01.09	00:08:55.674	0.83418				2
2025.01.09	00:09:02.476	0.83418				2
2025.01.09	00:09:22.542	0.83415				2
2025.01.09	00:09:32.599		0.83502			4
2025.01.09	00:09:36.260	0.83416	0.83503			6
2025.01.09	00:09:37.213	0.83420				2
2025.01.09	00:09:38.359	0.83418	0.83506			6
2025.01.09	00:09:40.944	0.83417				2
2025.01.09	00:09:41.380	0.83416	0.83505			6
2025.01.09	00:09:42.629	0.83411	0.83508			6
2025.01.09	00:09:44.367	0.83410				2
2025.01.09	00:09:46.354	0.83411				2
2025.01.09	00:09:47.062	0.83412				2
2025.01.09	00:09:48.355	0.83413				2
2025.01.09	00:09:52.359	0.83414				2
2025.01.09	00:09:52.682	0.83415				2
2025.01.09	00:09:53.566	0.83439				2
2025.01.09	00:09:56.798	0.83415				2
2025.01.09	00:10:00.066	0.83405	0.83507			6
2025.01.09	00:10:00.406	0.83432	0.83493			6
2025.01.09	00:10:01.813	0.83433				2
2025.01.09	00:10:04.844	0.83434	0.83495			6
2025.01.09	00:10:11.174	0.83431	0.83491			6
2025.01.09	00:11:00.295	0.83431				2
2025.01.09	00:11:01.504	0.83437	0.83507			6
2025.01.09	00:11:03.611		0.83505			4
2025.01.09	00:11:05.548	0.83431	0.83491			6
2025.01.09	00:11:06.497	0.83437	0.83505			6
2025.01.09	00:11:07.203		0.83506			4
2025.01.09	00:11:10.539	0.83431	0.83491			6
2025.01.09	00:11:11.490	0.83437	0.83506			6
2025.01.09	00:11:11.806		0.83502			4
2025.01.09	00:11:12.773		0.83504			4
2025.01.09	00:11:13.089		0.83505			4
2025.01.09	00:11:15.308		0.83506			4
2025.01.09	00:11:32.306	0.83438	0.83507			6
2025.01.09	00:12:00.114	0.83438				2
2025.01.09	00:12:08.590		0.83509			4
2025.01.09	00:12:17.480	0.83440				2
2025.01.09	00:12:25.509	0.83441				2
2025.01.09	00:13:00.973	0.83441	0.83505			6
2025.01.09	00:13:38.404		0.83507			4
2025.01.09	00:13:43.242		0.83509			4
2025.01.09	00:14:01.001	0.83441				2
2025.01.09	00:14:03.710	0.83442				2
2025.01.09	00:14:05.064		0.83511			4
2025.01.09	00:14:17.707	0.83443				2
2025.01.09	00:14:40.106	0.83442				2
2025.01.09	00:14:49.918		0.83510			4
2025.01.09	00:14:53.947	0.83441				2
2025.01.09	00:15:00.542	0.83441				2
2025.01.09	00:15:03.352		0.83511			4
2025.01.09	00:15:07.785	0.83442				2
2025.01.09	00:15:23.991	0.83441				2
2025.01.09	00:15:24.344	0.83440				2
2025.01.09	00:15:33.787	0.83439				2
2025.01.09	00:15:40.958	0.83440				2
2025.01.09	00:15:44.082	0.83439				2
2025.01.09	00:15:46.628	0.83438				2
2025.01.09	00:15:54.129	0.83439	0.83510			6
2025.01.09	00:15:54.911		0.83509			4
2025.01.09	00:15:59.493		0.83508			4
2025.01.09	00:16:04.066	0.83439	0.83511			6
2025.01.09	00:16:07.892	0.83441				2
2025.01.09	00:16:08.520	0.83442				2
2025.01.09	00:16:09.101	0.83440				2
2025.01.09	00:16:14.065	0.83439				2
2025.01.09	00:16:21.909	0.83440				2
2025.01.09	00:16:28.205	0.83439				2
2025.01.09	00:16:37.705	0.83445	0.83514			6
2025.01.09	00:16:40.925	0.83437	0.83497			6
2025.01.09	00:16:41.848	0.83436	0.83496			6
2025.01.09	00:16:42.759	0.83445	0.83513			6
2025.01.09	00:16:44.348		0.83521			4
2025.01.09	00:16:48.205		0.83520			4
2025.01.09	00:16:51.001	0.83444				2
2025.01.09	00:16:54.419		0.83517			4
2025.01.09	00:16:58.229	0.83445	0.83515			6
2025.01.09	00:17:01.000	0.83445				2
2025.01.09	00:17:03.385	0.83446	0.83513			6
2025.01.09	00:17:06.041		0.83517			4
2025.01.09	00:17:07.517		0.83511			4
2025.01.09	00:17:10.279	0.83443	0.83506			6
2025.01.09	00:17:11.004	0.83442	0.83504			6
2025.01.09	00:17:14.486		0.83503			4
2025.01.09	00:17:15.945		0.83507			4
2025.01.09	00:17:19.180		0.83504			4
2025.01.09	00:17:24.512	0.83443	0.83501			6
2025.01.09	00:17:30.998	0.83444				2
2025.01.09	00:17:34.407		0.83502			4
2025.01.09	00:17:44.404		0.83501			4
2025.01.09	00:17:45.005		0.83502			4
2025.01.09	00:17:51.362	0.83443	0.83504			6
2025.01.09	00:17:54.623		0.83501			4
2025.01.09	00:17:56.289	0.83444				2
2025.01.09	00:18:00.997	0.83444				2
2025.01.09	00:18:04.670		0.83503			4
2025.01.09	00:18:14.677	0.83443	0.83502			6
2025.01.09	00:18:15.314		0.83503			4
2025.01.09	00:18:23.711		0.83504			4
2025.01.09	00:18:30.304		0.83505			4
2025.01.09	00:18:32.383		0.83504			4
2025.01.09	00:18:33.004		0.83506			4
2025.01.09	00:18:34.763		0.83507			4
2025.01.09	00:18:35.109		0.83503			4
2025.01.09	00:18:36.307		0.83504			4
2025.01.09	00:18:53.704	0.83442	0.83503			6
2025.01.09	00:19:00.278	0.83442				2
2025.01.09	00:19:03.304		0.83505			4
2025.01.09	00:19:04.400	0.83444				2
2025.01.09	00:19:22.930	0.83443	0.83506			6
2025.01.09	00:19:24.758	0.83441	0.83507			6
2025.01.09	00:19:25.511		0.83506			4
2025.01.09	00:19:33.344		0.83505			4
2025.01.09	00:19:35.164		0.83504			4
2025.01.09	00:19:35.715		0.83505			4
2025.01.09	00:19:44.993		0.83504			4
2025.01.09	00:19:50.404		0.83505			4
2025.01.09	00:19:55.026		0.83507			4
2025.01.09	00:20:00.141	0.83441				2
2025.01.09	00:20:02.905	0.83439	0.83509			6
2025.01.09	00:20:05.054	0.83440	0.83507			6
2025.01.09	00:20:10.044		0.83506			4
2025.01.09	00:20:13.807	0.83439	0.83504			6
2025.01.09	00:20:14.714		0.83503			4
2025.01.09	00:20:17.407		0.83502			4
2025.01.09	00:20:52.382	0.83440	0.83501			6
2025.01.09	00:21:01.009	0.83440				2
2025.01.09	00:21:07.084	0.83441				2
2025.01.09	00:21:07.996	0.83442	0.83507			6
2025.01.09	00:21:08.704	0.83443	0.83506			6
2025.01.09	00:21:10.998		0.83507			4
2025.01.09	00:21:11.404		0.83501			4
2025.01.09	00:21:12.365	0.83442	0.83502			6
2025.01.09	00:21:12.904		0.83501			4
2025.01.09	00:21:16.882	0.83441	0.83502			6
2025.01.09	00:21:17.409		0.83500			4
2025.01.09	00:21:24.423	0.83442	0.83498			6
2025.01.09	00:21:56.403	0.83443	0.83497			6
2025.01.09	00:21:58.215		0.83503			4
2025.01.09	00:22:00.996	0.83443				2
2025.01.09	00:22:08.709		0.83497			4
2025.01.09	00:22:09.512	0.83444	0.83496			6
2025.01.09	00:22:11.020	0.83443	0.83497			6
2025.01.09	00:22:49.439	0.83441	0.83488			6
2025.01.09	00:22:56.513	0.83439	0.83490			6
2025.01.09	00:23:03.511	0.83439				2
2025.01.09	00:23:22.229		0.83487			4
2025.01.09	00:24:01.186	0.83439				2
2025.01.09	00:24:02.403		0.83501			4
2025.01.09	00:24:03.311		0.83487			4
2025.01.09	00:24:35.391	0.83440				2
2025.01.09	00:24:58.263		0.83486			4
2025.01.09	00:25:00.319	0.83440				2
2025.01.09	00:25:29.064	0.83439	0.83485			6
2025.01.09	00:26:01.177	0.83439				2
2025.01.09	00:26:23.709	0.83438				2
2025.01.09	00:26:24.607	0.83440	0.83488			6
2025.01.09	00:26:31.467	0.83439	0.83485			6
2025.01.09	00:26:31.815	0.83440	0.83501			6
2025.01.09	00:26:33.163		0.83486			4
2025.01.09	00:27:00.213	0.83440				2
2025.01.09	00:27:20.572	0.83439	0.83485			6
2025.01.09	00:27:24.305	0.83440	0.83486			6
2025.01.09	00:27:31.671	0.83439	0.83485			6
2025.01.09	00:27:51.946	0.83440	0.83486			6
2025.01.09	00:27:52.957		0.83488			4
2025.01.09	00:27:55.206	0.83439	0.83489			6
2025.01.09	00:27:57.782	0.83436	0.83483			6
2025.01.09	00:27:59.337	0.83437				2
2025.01.09	00:28:00.424	0.83437				2
2025.01.09	00:28:05.145		0.83484			4
2025.01.09	00:28:12.004		0.83483			4
2025.01.09	00:28:24.904	0.83436	0.83482			6
2025.01.09	00:29:00.917	0.83436				2
2025.01.09	00:29:30.210	0.83438	0.83482			6
2025.01.09	00:30:00.306	0.83436				2
2025.01.09	00:30:05.704	0.83435	0.83481			6
2025.01.09	00:30:15.308		0.83480			4
2025.01.09	00:30:17.658	0.83434	0.83479			6
2025.01.09	00:30:34.587	0.83433	0.83478			6
2025.01.09	00:30:38.570		0.83477			4
2025.01.09	00:30:52.288	0.83431	0.83476			6
2025.01.09	00:30:52.627	0.83430	0.83475			6
2025.01.09	00:30:55.489	0.83429	0.83473			6
2025.01.09	00:31:00.319	0.83429				2
2025.01.09	00:31:15.453		0.83472			4
2025.01.09	00:31:17.394	0.83428				2
2025.01.09	00:31:17.707	0.83427	0.83471			6
2025.01.09	00:31:28.694	0.83426	0.83470			6
2025.01.09	00:31:29.653	0.83427				2
2025.01.09	00:31:55.439	0.83428	0.83471			6
2025.01.09	00:31:55.977	0.83429	0.83472			6
2025.01.09	00:32:01.440	0.83429				2
2025.01.09	00:32:02.088	0.83428	0.83471			6
2025.01.09	00:32:17.104	0.83427	0.83472			6
2025.01.09	00:32:26.706	0.83428	0.83471			6
2025.01.09	00:32:39.554	0.83427	0.83469			6
2025.01.09	00:32:41.669	0.83426				2
2025.01.09	00:32:46.788	0.83427	0.83470			6
2025.01.09	00:32:51.907		0.83469			4
2025.01.09	00:32:52.233	0.83425	0.83467			6
2025.01.09	00:33:01.762	0.83425				2
2025.01.09	00:33:12.432	0.83424	0.83466			6
2025.01.09	00:33:27.009	0.83425				2
2025.01.09	00:33:39.359	0.83424				2
2025.01.09	00:33:43.808	0.83423	0.83465			6
2025.01.09	00:33:48.310	0.83425	0.83466			6
2025.01.09	00:33:56.405	0.83424	0.83465			6
2025.01.09	00:34:00.606	0.83425	0.83466			6
2025.01.09	00:34:12.305	0.83424	0.83465			6
2025.01.09	00:34:13.515	0.83425	0.83466			6
2025.01.09	00:34:18.907	0.83424	0.83465			6
2025.01.09	00:34:19.520	0.83425	0.83466			6
2025.01.09	00:34:28.811		0.83465			4
2025.01.09	00:34:46.604	0.83424				2
2025.01.09	00:35:00.321	0.83424				2
2025.01.09	00:35:00.905	0.83423	0.83464			6
2025.01.09	00:35:07.654		0.83463			4
2025.01.09	00:35:10.832	0.83422	0.83464			6
2025.01.09	00:35:21.003	0.83421				2
2025.01.09	00:35:23.207	0.83422	0.83463			6
2025.01.09	00:35:34.847		0.83462			4
2025.01.09	00:35:36.651	0.83420	0.83463			6
2025.01.09	00:35:39.261	0.83421	0.83462			6
2025.01.09	00:35:44.408	0.83422				2
2025.01.09	00:35:56.705	0.83423	0.83463			6
2025.01.09	00:35:59.122	0.83422	0.83462			6
2025.01.09	00:36:07.503	0.83422				2
2025.01.09	00:36:15.016	0.83423	0.83463			6
2025.01.09	00:36:17.508	0.83420	0.83462			6
2025.01.09	00:36:17.822	0.83423	0.83463			6
2025.01.09	00:36:21.002		0.83462			4
2025.01.09	00:36:24.780	0.83422				2
2025.01.09	00:36:27.631	0.83420	0.83461			6
2025.01.09	00:36:47.428		0.83462			4
2025.01.09	00:36:51.305	0.83421				2
2025.01.09	00:37:03.477	0.83420	0.83460			6
2025.01.09	00:37:03.914		0.83459			4
2025.01.09	00:37:06.012		0.83458			4
2025.01.09	00:37:07.568		0.83459			4
2025.01.09	00:37:11.704		0.83458			4
2025.01.09	00:37:33.408	0.83422	0.83461			6
2025.01.09	00:37:35.315	0.83424	0.83463			6
2025.01.09	00:37:37.307	0.83425	0.83464			6
2025.01.09	00:37:57.382	0.83424	0.83463			6
2025.01.09	00:38:01.168	0.83424				2
2025.01.09	00:38:02.388		0.83464			4
2025.01.09	00:38:14.113	0.83425				2
2025.01.09	00:38:14.564	0.83424	0.83463			6
2025.01.09	00:38:15.910	0.83425	0.83464			6
2025.01.09	00:38:17.138	0.83423	0.83463			6
2025.01.09	00:38:17.830	0.83424				2
2025.01.09	00:38:21.018	0.83425	0.83464			6
2025.01.09	00:38:22.381	0.83424	0.83463			6
2025.01.09	00:38:26.434	0.83425	0.83464			6
2025.01.09	00:38:29.408	0.83424	0.83463			6
2025.01.09	00:38:52.212	0.83425	0.83464			6
2025.01.09	00:39:00.997	0.83425				2
2025.01.09	00:39:22.883	0.83423	0.83462			6
2025.01.09	00:39:23.408	0.83424	0.83463			6
2025.01.09	00:39:25.061	0.83423	0.83462			6
2025.01.09	00:39:38.158	0.83424				2
2025.01.09	00:39:49.504		0.83463			4
2025.01.09	00:39:53.562		0.83462			4
2025.01.09	00:40:07.211	0.83424				2
2025.01.09	00:40:16.806	0.83423	0.83461			6
2025.01.09	00:40:35.704		0.83460			4
2025.01.09	00:40:37.574		0.83461			4
2025.01.09	00:40:53.177	0.83424	0.83462			6
2025.01.09	00:40:55.179		0.83461			4
2025.01.09	00:41:00.340	0.83424				2
2025.01.09	00:41:01.173	0.83419	0.83459			6
2025.01.09	00:41:11.007		0.83462			4
2025.01.09	00:41:17.704	0.83420				2
2025.01.09	00:41:39.905	0.83419				2
2025.01.09	00:41:47.112	0.83420				2
2025.01.09	00:41:47.803	0.83419	0.83461			6
2025.01.09	00:42:00.322	0.83419				2
2025.01.09	00:42:09.909	0.83420	0.83460			6
2025.01.09	00:42:20.706	0.83419				2
2025.01.09	00:42:26.404		0.83461			4
2025.01.09	00:42:29.409	0.83420				2
2025.01.09	00:42:40.399	0.83419	0.83459			6
2025.01.09	00:42:41.385		0.83460			4
2025.01.09	00:42:48.009	0.83421				2
2025.01.09	00:42:51.472	0.83420	0.83459			6
2025.01.09	00:42:55.699	0.83419				2
2025.01.09	00:42:58.569	0.83417	0.83460			6
2025.01.09	00:43:00.611	0.83419	0.83459			6
2025.01.09	00:43:11.563	0.83418	0.83460			6
2025.01.09	00:43:13.925	0.83417	0.83461			6
2025.01.09	00:43:18.311	0.83416				2
2025.01.09	00:43:40.447	0.83417				2
2025.01.09	00:43:53.809	0.83416	0.83460			6
2025.01.09	00:44:01.509	0.83416				2
2025.01.09	00:44:02.591		0.83461			4
2025.01.09	00:44:06.638	0.83417				2
2025.01.09	00:44:21.139	0.83425	0.83464			6
2025.01.09	00:44:21.611		0.83467			4
2025.01.09	00:44:22.203	0.83426	0.83468			6
2025.01.09	00:44:22.589		0.83466			4
2025.01.09	00:44:28.442	0.83427	0.83467			6
2025.01.09	00:44:28.866		0.83468			4
2025.01.09	00:44:32.282	0.83431	0.83467			6
2025.01.09	00:44:44.833	0.83430	0.83468			6
2025.01.09	00:44:49.845		0.83470			4
2025.01.09	00:44:51.818		0.83471			4
2025.01.09	00:45:02.125	0.83419	0.83479			6
2025.01.09	00:45:03.939	0.83430	0.83471			6
2025.01.09	00:45:08.401	0.83442	0.83459			6
2025.01.09	00:45:13.105	0.83443	0.83458			6
2025.01.09	00:45:16.446	0.83444	0.83457			6
2025.01.09	00:45:35.513	0.83443				2
2025.01.09	00:45:37.321		0.83456			4
2025.01.09	00:45:39.332	0.83444	0.83457			6
2025.01.09	00:45:40.749	0.83442	0.83458			6
2025.01.09	00:45:43.460		0.83459			4
2025.01.09	00:45:45.128	0.83443				2
2025.01.09	00:45:50.546	0.83442				2
2025.01.09	00:45:51.959	0.83443	0.83457			6
2025.01.09	00:45:52.418		0.83456			4
2025.01.09	00:45:54.285		0.83457			4
2025.01.09	00:45:57.565		0.83458			4
2025.01.09	00:46:00.428	0.83443				2
2025.01.09	00:46:01.337		0.83456			4
2025.01.09	00:46:02.333	0.83444	0.83457			6
2025.01.09	00:46:03.306	0.83443	0.83456			6
2025.01.09	00:46:06.305		0.83457			4
2025.01.09	00:46:15.008	0.83444	0.83458			6
2025.01.09	00:46:21.169	0.83443	0.83457			6
2025.01.09	00:46:22.037		0.83459			4
2025.01.09	00:46:23.648	0.83444	0.83457			6
2025.01.09	00:46:28.058		0.83458			4
2025.01.09	00:46:32.706	0.83443				2
2025.01.09	00:46:33.904		0.83459			4
2025.01.09	00:46:52.204		0.83460			4
2025.01.09	00:46:57.705	0.83444	0.83458			6
2025.01.09	00:46:58.016		0.83459			4
2025.01.09	00:47:00.328	0.83444				2
2025.01.09	00:47:00.907		0.83460			4
2025.01.09	00:47:02.132	0.83432	0.83468			6
2025.01.09	00:47:03.943	0.83444	0.83460			6
2025.01.09	00:47:07.885	0.83443	0.83461			6
2025.01.09	00:47:11.231	0.83444	0.83460			6
2025.01.09	00:47:14.654	0.83443	0.83461			6
2025.01.09	00:47:20.632	0.83444	0.83460			6
2025.01.09	00:47:21.229	0.83443	0.83458			6
2025.01.09	00:47:27.212		0.83461			4
2025.01.09	00:47:30.980		0.83460			4
2025.01.09	00:47:31.653		0.83461			4
2025.01.09	00:47:35.193	0.83444	0.83459			6
2025.01.09	00:47:40.464	0.83443	0.83461			6
2025.01.09	00:47:41.601	0.83444	0.83462			6
2025.01.09	00:48:00.406	0.83444	0.83461			6
2025.01.09	00:48:03.115		0.83463			4
2025.01.09	00:48:05.181	0.83445	0.83462			6
2025.01.09	00:48:08.806		0.83460			4
2025.01.09	00:48:10.963		0.83461			4
2025.01.09	00:48:12.604	0.83444	0.83462			6
2025.01.09	00:48:13.666	0.83445	0.83461			6
2025.01.09	00:48:15.802	0.83444	0.83462			6
2025.01.09	00:48:31.215		0.83461			4
2025.01.09	00:48:32.925		0.83463			4
2025.01.09	00:48:33.309	0.83446	0.83461			6
2025.01.09	00:48:35.179	0.83447				2
2025.01.09	00:48:42.073	0.83448	0.83462			6
2025.01.09	00:48:44.535		0.83463			4
2025.01.09	00:48:48.241		0.83462			4
2025.01.09	00:48:51.564		0.83463			4
2025.01.09	00:48:53.841	0.83445	0.83465			6
2025.01.09	00:48:54.307	0.83444	0.83466			6
2025.01.09	00:49:03.218	0.83444				2
2025.01.09	00:49:08.403		0.83467			4
2025.01.09	00:49:17.108	0.83445	0.83466			6
2025.01.09	00:49:21.321	0.83444	0.83467			6
2025.01.09	00:49:28.348	0.83445	0.83465			6
2025.01.09	00:49:35.154	0.83444	0.83466			6
2025.01.09	00:49:37.212	0.83445	0.83465			6
2025.01.09	00:49:39.607	0.83444				2
2025.01.09	00:49:42.762		0.83466			4
2025.01.09	00:49:46.505	0.83445				2
2025.01.09	00:49:48.582	0.83444				2
2025.01.09	00:49:57.460	0.83445	0.83465			6
2025.01.09	00:50:00.558	0.83443	0.83467			6
2025.01.09	00:50:00.910		0.83465			4
2025.01.09	00:50:01.436		0.83463			4
2025.01.09	00:50:05.182	0.83445	0.83461			6
2025.01.09	00:50:08.557	0.83446	0.83460			6
2025.01.09	00:50:09.008	0.83445	0.83459			6
2025.01.09	00:50:41.415	0.83446	0.83460			6
2025.01.09	00:51:08.583	0.83446				2
2025.01.09	00:51:18.227	0.83442	0.83463			6
2025.01.09	00:51:18.544		0.83462			4
2025.01.09	00:51:24.006		0.83461			4
2025.01.09	00:51:24.623	0.83443				2
2025.01.09	00:51:24.988	0.83444	0.83460			6
2025.01.09	00:51:28.580		0.83461			4
2025.01.09	00:51:29.769	0.83443	0.83462			6
2025.01.09	00:51:32.632		0.83461			4
2025.01.09	00:51:33.004		0.83458			4
2025.01.09	00:51:38.123		0.83461			4
2025.01.09	00:51:39.264	0.83445	0.83459			6
2025.01.09	00:51:44.704		0.83460			4
2025.01.09	00:51:55.844	0.83443	0.83459			6
2025.01.09	00:51:56.224	0.83445				2
2025.01.09	00:51:56.925	0.83444	0.83458			6
2025.01.09	00:51:58.483		0.83459			4
2025.01.09	00:52:00.433	0.83444				2
2025.01.09	00:52:03.603		0.83458			4
2025.01.09	00:52:07.539	0.83445	0.83459			6
2025.01.09	00:52:07.911	0.83446	0.83460			6
2025.01.09	00:52:19.935	0.83447	0.83461			6
2025.01.09	00:52:26.710		0.83462			4
2025.01.09	00:52:30.115		0.83461			4
2025.01.09	00:52:34.216	0.83445	0.83460			6
2025.01.09	00:52:34.873	0.83446	0.83461			6
2025.01.09	00:52:36.348	0.83445	0.83460			6
2025.01.09	00:53:00.448	0.83445				2
2025.01.09	00:53:07.543	0.83447	0.83461			6
2025.01.09	00:53:09.913	0.83446	0.83460			6
2025.01.09	00:53:10.836	0.83445	0.83459			6
2025.01.09	00:53:33.273	0.83444				2
2025.01.09	00:53:39.087		0.83458			4
2025.01.09	00:53:46.845	0.83441				2
2025.01.09	00:53:47.405	0.83443				2
2025.01.09	00:53:48.384	0.83440				2
2025.01.09	00:53:53.708	0.83441				2
2025.01.09	00:54:00.490	0.83441				2
2025.01.09	00:54:03.553	0.83444	0.83459			6
2025.01.09	00:54:07.848	0.83443	0.83458			6
2025.01.09	00:54:26.797	0.83442				2
2025.01.09	00:54:30.688	0.83443				2
2025.01.09	00:54:32.787	0.83441				2
2025.01.09	00:54:41.482	0.83440	0.83459			6
2025.01.09	00:54:45.904		0.83458			4
2025.01.09	00:54:48.603	0.83441				2
2025.01.09	00:54:58.786	0.83443				2
2025.01.09	00:54:59.104	0.83441	0.83459			6
2025.01.09	00:54:59.696	0.83442	0.83458			6
2025.01.09	00:55:00.391	0.83442	0.83457			6
2025.01.09	00:55:00.904	0.83443	0.83459			6
2025.01.09	00:55:13.837		0.83458			4
2025.01.09	00:55:14.336	0.83442	0.83457			6
2025.01.09	00:55:23.877	0.83441				2
2025.01.09	00:55:27.081	0.83442	0.83458			6
2025.01.09	00:55:27.792	0.83441	0.83457			6
2025.01.09	00:55:28.203	0.83442	0.83458			6
2025.01.09	00:55:31.844	0.83441	0.83457			6
2025.01.09	00:55:32.740	0.83440	0.83458			6
2025.01.09	00:55:45.672	0.83441	0.83457			6
2025.01.09	00:55:50.109	0.83442				2
2025.01.09	00:55:58.537	0.83441				2
2025.01.09	00:56:08.541	0.83442				2
2025.01.09	00:56:09.005	0.83443	0.83459			6
2025.01.09	00:56:13.001	0.83444				2
2025.01.09	00:56:14.312	0.83443				2
2025.01.09	00:56:14.632	0.83444				2
2025.01.09	00:56:16.205	0.83443				2
2025.01.09	00:56:26.671		0.83458			4
2025.01.09	00:56:40.211	0.83442				2
2025.01.09	00:56:57.603		0.83457			4
2025.01.09	00:57:01.177	0.83442				2
2025.01.09	00:57:08.541	0.83443	0.83458			6
2025.01.09	00:57:09.451	0.83442				2
2025.01.09	00:57:16.508		0.83457			4
2025.01.09	00:57:27.988		0.83458			4
2025.01.09	00:57:31.206	0.83443				2
2025.01.09	00:57:48.564	0.83442				2
2025.01.09	00:58:01.182	0.83442				2
2025.01.09	00:58:16.382	0.83443	0.83459			6
2025.01.09	00:58:46.613	0.83442	0.83461			6
2025.01.09	00:58:47.113		0.83460			4
2025.01.09	00:58:54.749	0.83443	0.83459			6
2025.01.09	00:59:01.355	0.83443				2
2025.01.09	00:59:03.906	0.83442				2
2025.01.09	00:59:05.215	0.83441	0.83460			6
2025.01.09	00:59:06.006	0.83442	0.83459			6
2025.01.09	00:59:06.545	0.83444				2
2025.01.09	00:59:19.206		0.83460			4
2025.01.09	00:59:21.446	0.83443	0.83461			6
2025.01.09	00:59:24.309	0.83444				2
2025.01.09	00:59:33.003	0.83445				2
2025.01.09	00:59:35.641	0.83446				2
2025.01.09	00:59:35.957		0.83462			4
2025.01.09	00:59:37.893	0.83447	0.83463			6
2025.01.09	01:00:00.306	0.83449				2
2025.01.09	01:00:00.611	0.83446	0.83464			6
2025.01.09	01:00:00.928	0.83445				2
2025.01.09	01:00:01.233	0.83441	0.83472			6
2025.01.09	01:00:01.543	0.83445				2
2025.01.09	01:00:01.849	0.83468	0.83485			6
2025.01.09	01:00:02.155	0.83464	0.83480			6
2025.01.09	01:00:02.465	0.83461	0.83482			6
2025.01.09	01:00:02.767		0.83483			4
2025.01.09	01:00:03.074	0.83460	0.83482			6
2025.01.09	01:00:03.379	0.83459	0.83481			6
2025.01.09	01:00:03.680	0.83460	0.83483			6
2025.01.09	01:00:04.001		0.83482			4
2025.01.09	01:00:04.304	0.83459				2
2025.01.09	01:00:04.606	0.83462				2
2025.01.09	01:00:04.933		0.83491			4
2025.01.09	01:00:05.591	0.83463	0.83490			6
2025.01.09	01:00:06.003	0.83461	0.83495			6
2025.01.09	01:00:06.365	0.83457	0.83482			6
2025.01.09	01:00:06.792		0.83479			4
2025.01.09	01:00:07.679	0.83460	0.83476			6
2025.01.09	01:00:08.268	0.83451	0.83471			6
2025.01.09	01:00:08.607		0.83475			4
2025.01.09	01:00:08.951	0.83452	0.83474			6
2025.01.09	01:00:09.261	0.83453				2
2025.01.09	01:00:09.818	0.83454	0.83473			6
2025.01.09	01:00:10.323	0.83457				2
2025.01.09	01:00:10.998	0.83459	0.83474			6
2025.01.09	01:00:11.418		0.83477			4
2025.01.09	01:00:12.191	0.83460	0.83479			6
2025.01.09	01:00:12.670		0.83482			4
2025.01.09	01:00:12.979		0.83481			4
2025.01.09	01:00:16.480	0.83459				2
2025.01.09	01:00:17.124	0.83461	0.83483			6
2025.01.09	01:00:17.442	0.83463	0.83480			6
2025.01.09	01:00:19.804		0.83482			4
2025.01.09	01:00:21.398	0.83461				2
2025.01.09	01:00:22.091		0.83483			4
2025.01.09	01:00:22.745		0.83482			4
2025.01.09	01:00:23.057	0.83457	0.83480			6
2025.01.09	01:00:23.362		0.83475			4
2025.01.09	01:00:24.306	0.83458	0.83473			6
2025.01.09	01:00:26.595	0.83455	0.83477			6
2025.01.09	01:00:28.771		0.83476			4
2025.01.09	01:00:29.758	0.83461	0.83479			6
2025.01.09	01:00:30.906	0.83459				2
2025.01.09	01:00:31.258	0.83462	0.83478			6
2025.01.09	01:00:31.807	0.83459				2
2025.01.09	01:00:35.765	0.83461				2
2025.01.09	01:00:39.613		0.83479			4
2025.01.09	01:00:41.708	0.83458	0.83476			6
2025.01.09	01:00:42.407		0.83475			4
2025.01.09	01:00:43.577	0.83460				2
2025.01.09	01:00:49.630		0.83472			4
2025.01.09	01:00:49.931	0.83457	0.83474			6
2025.01.09	01:00:50.400		0.83472			4
2025.01.09	01:00:51.135		0.83474			4
2025.01.09	01:00:52.527		0.83473			4
2025.01.09	01:00:54.380		0.83471			4
2025.01.09	01:00:55.655	0.83458	0.83474			6
2025.01.09	01:00:56.664		0.83473			4
2025.01.09	01:00:57.157		0.83474			4
2025.01.09	01:00:59.386	0.83457				2
2025.01.09	01:00:59.951	0.83458	0.83473			6
2025.01.09	01:01:00.313	0.83458	0.83472			6
2025.01.09	01:01:01.411		0.83471			4
2025.01.09	01:01:02.037	0.83457				2
2025.01.09	01:01:03.913	0.83458				2
2025.01.09	01:01:07.695	0.83460	0.83473			6
2025.01.09	01:01:08.379	0.83459				2
2025.01.09	01:01:12.026	0.83460				2
2025.01.09	01:01:13.504	0.83459				2
2025.01.09	01:01:17.178	0.83460				2
2025.01.09	01:01:34.268	0.83461	0.83475			6
2025.01.09	01:01:37.045		0.83477			4
2025.01.09	01:01:41.481	0.83463				2
2025.01.09	01:01:41.782	0.83464	0.83478			6
2025.01.09	01:01:44.610		0.83475			4
2025.01.09	01:01:45.108	0.83465	0.83477			6
2025.01.09	01:01:48.067		0.83476			4
2025.01.09	01:01:51.760		0.83475			4
2025.01.09	01:02:00.998	0.83465				2
2025.01.09	01:02:01.476	0.83463				2
2025.01.09	01:02:31.363	0.83466	0.83477			6
2025.01.09	01:02:40.350		0.83476			4
2025.01.09	01:02:50.403	0.83465	0.83475			6
2025.01.09	01:03:00.481	0.83465				2
2025.01.09	01:03:01.430	0.83463				2
2025.01.09	01:03:02.251		0.83473			4
2025.01.09	01:03:03.042		0.83472			4
2025.01.09	01:03:03.346		0.83471			4
2025.01.09	01:03:04.117		0.83470			4
2025.01.09	01:03:13.558	0.83462				2
2025.01.09	01:03:17.240	0.83463				2
2025.01.09	01:03:32.299	0.83462				2
2025.01.09	01:03:33.548	0.83463				2
2025.01.09	01:03:39.790	0.83462				2
2025.01.09	01:03:52.564		0.83471			4
2025.01.09	01:03:54.148	0.83463				2
2025.01.09	01:04:00.321	0.83463				2
2025.01.09	01:04:02.057		0.83472			4
2025.01.09	01:04:02.366	0.83461	0.83471			6
2025.01.09	01:04:26.759		0.83472			4
2025.01.09	01:04:30.560	0.83466	0.83468			6
2025.01.09	01:04:32.389	0.83461	0.83472			6
2025.01.09	01:04:38.748	0.83460	0.83471			6
2025.01.09	01:04:39.277		0.83470			4
2025.01.09	01:04:40.467	0.83459				2
2025.01.09	01:04:49.854	0.83461				2
2025.01.09	01:04:50.997	0.83462				2
2025.01.09	01:04:51.511	0.83461				2
2025.01.09	01:04:53.137	0.83462				2
2025.01.09	01:04:53.704	0.83461	0.83471			6
2025.01.09	01:04:55.206	0.83462				2
2025.01.09	01:04:58.324	0.83460	0.83470			6
2025.01.09	01:04:58.803	0.83459				2
2025.01.09	01:05:00.389	0.83459				2
2025.01.09	01:05:00.881	0.83457	0.83468			6
2025.01.09	01:05:01.196	0.83456				2
2025.01.09	01:05:09.942	0.83455				2
2025.01.09	01:05:12.688		0.83467			4
2025.01.09	01:05:14.778		0.83466			4
2025.01.09	01:05:19.764		0.83468			4
2025.01.09	01:05:20.087		0.83465			4
2025.01.09	01:05:29.666		0.83464			4
2025.01.09	01:05:30.907		0.83465			4
2025.01.09	01:05:34.837		0.83466			4
2025.01.09	01:05:37.986		0.83465			4
2025.01.09	01:05:40.315		0.83466			4
2025.01.09	01:05:41.328	0.83458	0.83460			6
2025.01.09	01:05:41.630	0.83457	0.83459			6
2025.01.09	01:05:43.447	0.83453	0.83464			6
2025.01.09	01:05:46.504	0.83455	0.83465			6
2025.01.09	01:05:46.818	0.83452				2
2025.01.09	01:05:50.004	0.83455				2
2025.01.09	01:05:50.726		0.83461			4
2025.01.09	01:06:00.645	0.83455				2
2025.01.09	01:06:01.527	0.83454	0.83460			6
2025.01.09	01:06:16.429	0.83453	0.83459			6
2025.01.09	01:06:19.860	0.83452	0.83458			6
2025.01.09	01:06:20.316	0.83450	0.83456			6
2025.01.09	01:06:23.422	0.83449	0.83455			6
2025.01.09	01:06:55.909	0.83450	0.83456			6
2025.01.09	01:07:01.630	0.83450				2
2025.01.09	01:07:24.226	0.83452	0.83458			6
2025.01.09	01:08:00.383	0.83452				2
2025.01.09	01:08:01.499	0.83453	0.83459			6
2025.01.09	01:08:46.781	0.83457	0.83463			6
2025.01.09	01:09:05.117	0.83457				2
2025.01.09	01:09:18.501	0.83454	0.83460			6
2025.01.09	01:09:24.684	0.83453	0.83459			6
2025.01.09	01:09:27.350	0.83452	0.83458			6
2025.01.09	01:09:36.004	0.83453	0.83459			6
2025.01.09	01:09:49.743	0.83452	0.83458			6
2025.01.09	01:09:51.307	0.83453				2
2025.01.09	01:09:53.075	0.83452				2
2025.01.09	01:10:00.391	0.83452				2
2025.01.09	01:10:43.851	0.83453	0.83459			6
2025.01.09	01:10:44.156	0.83455	0.83461			6
2025.01.09	01:11:01.001	0.83455				2
2025.01.09	01:11:10.204	0.83453	0.83459			6
2025.01.09	01:11:16.589	0.83455	0.83461			6
2025.01.09	01:11:28.183	0.83456	0.83462			6
2025.01.09	01:11:47.650	0.83454	0.83460			6
2025.01.09	01:11:48.809	0.83455	0.83461			6
2025.01.09	01:11:49.861	0.83456				2
2025.01.09	01:11:55.760	0.83454	0.83460			6
2025.01.09	01:12:00.906	0.83454				2
2025.01.09	01:12:29.881	0.83456	0.83458			6
2025.01.09	01:12:31.726	0.83454	0.83460			6
2025.01.09	01:12:39.435	0.83455				2
2025.01.09	01:12:39.744	0.83454				2
2025.01.09	01:12:42.905	0.83455				2
2025.01.09	01:12:43.998	0.83454	0.83459			6
2025.01.09	01:12:44.304	0.83453				2
2025.01.09	01:12:44.607	0.83454				2
2025.01.09	01:12:49.231	0.83458	0.83463			6
2025.01.09	01:12:49.633	0.83457				2
2025.01.09	01:12:50.357	0.83458				2
2025.01.09	01:12:56.346	0.83457				2
2025.01.09	01:12:57.003	0.83455	0.83461			6
2025.01.09	01:13:00.448	0.83457	0.83462			6
2025.01.09	01:13:02.795	0.83456				2
2025.01.09	01:13:04.354	0.83457				2
2025.01.09	01:13:04.685	0.83454	0.83460			6
2025.01.09	01:13:08.705	0.83455	0.83461			6
2025.01.09	01:13:09.088	0.83454	0.83460			6
2025.01.09	01:13:10.923	0.83453	0.83459			6
2025.01.09	01:13:19.594	0.83452	0.83458			6
2025.01.09	01:13:45.108		0.83457			4
2025.01.09	01:13:50.583		0.83458			4
2025.01.09	01:14:00.865	0.83452				2
2025.01.09	01:14:51.171		0.83458			4
2025.01.09	01:15:00.372	0.83452				2
2025.01.09	01:15:52.247		0.83458			4
2025.01.09	01:16:00.319	0.83452				2
2025.01.09	01:16:04.600		0.83457			4
2025.01.09	01:16:06.651	0.83451				2
2025.01.09	01:16:15.008	0.83453				2
2025.01.09	01:16:16.010	0.83452				2
2025.01.09	01:16:45.749		0.83456			4
2025.01.09	01:17:00.718	0.83452				2
2025.01.09	01:17:05.499	0.83451				2
2025.01.09	01:17:09.149	0.83450				2
2025.01.09	01:17:10.280	0.83452				2
2025.01.09	01:17:16.899	0.83453				2
2025.01.09	01:17:17.609	0.83452				2
2025.01.09	01:17:23.602		0.83455			4
2025.01.09	01:17:24.094	0.83451				2
2025.01.09	01:17:29.826	0.83450	0.83454			6
2025.01.09	01:17:34.337		0.83452			4
2025.01.09	01:17:36.484	0.83449	0.83450			6
2025.01.09	01:18:00.367	0.83449				2
2025.01.09	01:18:09.146		0.83452			4
2025.01.09	01:18:11.787	0.83450	0.83453			6
2025.01.09	01:18:18.747	0.83452	0.83454			6
2025.01.09	01:18:23.473		0.83455			4
2025.01.09	01:18:26.196		0.83454			4
2025.01.09	01:18:46.676		0.83453			4
2025.01.09	01:18:52.188		0.83454			4
2025.01.09	01:19:03.392	0.83452				2
2025.01.09	01:19:10.928		0.83453			4
2025.01.09	01:19:13.862		0.83454			4
2025.01.09	01:19:40.013		0.83453			4
2025.01.09	01:19:43.758		0.83454			4
2025.01.09	01:19:58.238	0.83449	0.83453			6
2025.01.09	01:20:00.005	0.83449				2
2025.01.09	01:20:01.505		0.83452			4
2025.01.09	01:20:01.809	0.83448	0.83449			6
2025.01.09	01:20:07.729		0.83450			4
2025.01.09	01:20:08.060		0.83449			4
2025.01.09	01:20:09.363	0.83449	0.83451			6
2025.01.09	01:20:09.665	0.83450	0.83453			6
2025.01.09	01:20:56.072	0.83449	0.83452			6
2025.01.09	01:21:03.629	0.83450				2
2025.01.09	01:21:05.448	0.83451	0.83453			6
2025.01.09	01:21:06.031		0.83452			4
2025.01.09	01:21:11.818		0.83453			4
2025.01.09	01:21:14.970	0.83452	0.83455			6
2025.01.09	01:21:44.163		0.83454			4
2025.01.09	01:21:50.697		0.83453			4
2025.01.09	01:22:00.341	0.83452				2
2025.01.09	01:22:38.433	0.83453	0.83454			6
2025.01.09	01:23:00.039	0.83453				2
2025.01.09	01:23:03.679	0.83450	0.83452			6
2025.01.09	01:23:19.998	0.83451				2
2025.01.09	01:23:41.141	0.83452	0.83453			6
2025.01.09	01:24:00.339	0.83452				2
2025.01.09	01:24:01.937	0.83453	0.83454			6
2025.01.09	01:24:03.247	0.83452	0.83453			6
2025.01.09	01:24:05.664		0.83454			4
2025.01.09	01:24:57.559	0.83453				2
2025.01.09	01:25:00.453	0.83453				2
2025.01.09	01:25:05.787		0.83455			4
2025.01.09	01:25:07.664		0.83454			4
2025.01.09	01:25:13.576	0.83452				2
2025.01.09	01:25:18.637		0.83455			4
2025.01.09	01:25:19.887	0.83453				2
2025.01.09	01:25:20.394		0.83454			4
2025.01.09	01:25:22.803	0.83454	0.83457			6
2025.01.09	01:25:23.106	0.83455	0.83458			6
2025.01.09	01:25:33.062	0.83456	0.83459			6
2025.01.09	01:25:35.115	0.83455				2
2025.01.09	01:25:39.154		0.83458			4
2025.01.09	01:25:54.387	0.83457	0.83459			6
2025.01.09	01:26:00.812	0.83457				2
2025.01.09	01:26:10.449	0.83456				2
2025.01.09	01:26:39.362		0.83458			4
2025.01.09	01:26:42.651		0.83459			4
2025.01.09	01:26:49.851		0.83458			4
2025.01.09	01:26:54.200		0.83459			4
2025.01.09	01:27:01.445	0.83456				2
2025.01.09	01:27:08.568		0.83458			4
2025.01.09	01:27:10.810		0.83459			4
2025.01.09	01:27:17.507	0.83457				2
2025.01.09	01:27:37.205	0.83456				2
2025.01.09	01:27:50.707	0.83455				2
2025.01.09	01:27:57.226	0.83456	0.83458			6
2025.01.09	01:27:59.737	0.83455				2
2025.01.09	01:28:03.613	0.83455				2
2025.01.09	01:28:03.984	0.83456	0.83459			6
2025.01.09	01:28:15.780	0.83457				2
2025.01.09	01:28:18.829	0.83456				2
2025.01.09	01:28:19.132	0.83457				2
2025.01.09	01:28:22.203	0.83456				2
2025.01.09	01:28:39.239		0.83458			4
2025.01.09	01:28:47.939	0.83457	0.83459			6
2025.01.09	01:28:49.405		0.83460			4
2025.01.09	01:28:49.805	0.83458				2
2025.01.09	01:28:56.155	0.83460	0.83462			6
2025.01.09	01:29:00.718	0.83460				2
2025.01.09	01:29:02.802		0.83463			4
2025.01.09	01:29:22.429	0.83461				2
2025.01.09	01:29:35.837		0.83462			4
2025.01.09	01:30:00.311	0.83461				2
2025.01.09	01:30:02.008		0.83463			4
2025.01.09	01:30:06.523		0.83462			4
2025.01.09	01:30:09.213	0.83459	0.83460			6
2025.01.09	01:30:09.526	0.83458	0.83459			6
2025.01.09	01:30:13.818	0.83459	0.83460			6
2025.01.09	01:30:15.923		0.83461			4
2025.01.09	01:30:16.349	0.83461	0.83463			6
2025.01.09	01:30:16.693		0.83462			4
2025.01.09	01:30:17.428		0.83463			4
2025.01.09	01:30:17.877	0.83462				2
2025.01.09	01:30:18.352	0.83461				2
2025.01.09	01:30:18.797	0.83462				2
2025.01.09	01:30:19.367	0.83461				2
2025.01.09	01:30:19.713	0.83463	0.83464			6
2025.01.09	01:30:23.174	0.83460	0.83461			6
2025.01.09	01:30:26.526	0.83459	0.83460			6
2025.01.09	01:30:27.060		0.83463			4
2025.01.09	01:30:27.885		0.83460			4
2025.01.09	01:30:31.461	0.83458				2
2025.01.09	01:30:32.361	0.83459				2
2025.01.09	01:30:33.682	0.83457	0.83459			6
2025.01.09	01:30:35.130	0.83458				2
2025.01.09	01:30:35.900		0.83460			4
2025.01.09	01:30:41.276	0.83457	0.83459			6
2025.01.09	01:30:41.661	0.83458				2
2025.01.09	01:30:42.773		0.83460			4
2025.01.09	01:30:43.133	0.83457				2
2025.01.09	01:30:45.117		0.83459			4
2025.01.09	01:30:46.004		0.83460			4
2025.01.09	01:30:46.794		0.83459			4
2025.01.09	01:31:00.039	0.83457	0.83460			6
2025.01.09	01:31:00.464		0.83459			4
2025.01.09	01:31:01.738	0.83456	0.83458			6
2025.01.09	01:31:04.363	0.83457	0.83459			6
2025.01.09	01:31:09.051	0.83456				2
2025.01.09	01:31:14.039	0.83457	0.83458			6
2025.01.09	01:31:19.136	0.83456				2
2025.01.09	01:31:19.468	0.83457				2
2025.01.09	01:31:22.921	0.83456				2
2025.01.09	01:31:24.061	0.83457				2
2025.01.09	01:31:24.532	0.83456				2
2025.01.09	01:31:25.152	0.83457				2
2025.01.09	01:31:26.152	0.83456				2
2025.01.09	01:31:27.857		0.83457			4
2025.01.09	01:31:28.432	0.83454				2
2025.01.09	01:31:37.078	0.83455				2
2025.01.09	01:31:41.331	0.83454				2
2025.01.09	01:32:00.080	0.83454				2
2025.01.09	01:32:23.000	0.83453	0.83454			6
2025.01.09	01:32:59.437	0.83451	0.83453			6
2025.01.09	01:33:00.359	0.83450				2
2025.01.09	01:33:01.331	0.83449	0.83452			6
2025.01.09	01:33:04.146	0.83452	0.83453			6
2025.01.09	01:33:04.937		0.83454			4
2025.01.09	01:33:06.712		0.83453			4
2025.01.09	01:33:07.129	0.83450				2
2025.01.09	01:33:08.882		0.83452			4
2025.01.09	01:33:22.349		0.83453			4
2025.01.09	01:33:24.302	0.83451				2
2025.01.09	01:33:25.430	0.83450				2
2025.01.09	01:33:31.031	0.83451				2
2025.01.09	01:33:31.561	0.83450	0.83452			6
2025.01.09	01:33:32.146		0.83453			4
2025.01.09	01:33:33.977	0.83452				2
2025.01.09	01:33:34.622		0.83454			4
2025.01.09	01:33:41.337	0.83453				2
2025.01.09	01:33:45.988		0.83455			4
2025.01.09	01:33:46.880	0.83454	0.83456			6
2025.01.09	01:33:47.565		0.83455			4
2025.01.09	01:33:49.511	0.83455	0.83456			6
2025.01.09	01:33:50.012		0.83457			4
2025.01.09	01:33:50.402		0.83456			4
2025.01.09	01:33:52.380	0.83454	0.83455			6
2025.01.09	01:33:52.921	0.83455	0.83456			6
2025.01.09	01:33:55.128	0.83456	0.83457			6
2025.01.09	01:33:59.575		0.83458			4
2025.01.09	01:34:00.846	0.83456	0.83457			6
2025.01.09	01:34:15.246	0.83457	0.83458			6
2025.01.09	01:34:46.138	0.83455				2
2025.01.09	01:34:52.238		0.83457			4
2025.01.09	01:34:55.367		0.83458			4
2025.01.09	01:34:55.689		0.83457			4
2025.01.09	01:35:02.227	0.83455				2
2025.01.09	01:35:05.485	0.83454				2
2025.01.09	01:35:12.737	0.83455	0.83458			6
2025.01.09	01:35:15.076	0.83454	0.83457			6
2025.01.09	01:35:24.930	0.83457	0.83459			6
2025.01.09	01:35:35.158	0.83456				2
2025.01.09	01:36:01.175	0.83456				2
2025.01.09	01:36:13.130	0.83457				2
2025.01.09	01:36:23.313	0.83455	0.83457			6
2025.01.09	01:36:23.647	0.83454	0.83456			6
2025.01.09	01:36:39.202		0.83457			4
2025.01.09	01:36:39.518		0.83458			4
2025.01.09	01:36:45.839	0.83457	0.83460			6
2025.01.09	01:36:51.133		0.83459			4
2025.01.09	01:36:53.262		0.83460			4
2025.01.09	01:36:55.973		0.83461			4
2025.01.09	01:36:56.298		0.83460			4
2025.01.09	01:37:01.055	0.83457	0.83459			6
2025.01.09	01:37:02.694	0.83456				2
2025.01.09	01:37:37.259		0.83458			4
2025.01.09	01:37:42.549		0.83459			4
2025.01.09	01:38:01.676	0.83456	0.83458			6
2025.01.09	01:38:23.301		0.83459			4
2025.01.09	01:38:37.283		0.83458			4
2025.01.09	01:38:42.190		0.83459			4
2025.01.09	01:38:43.539		0.83458			4
2025.01.09	01:38:45.079	0.83455				2
2025.01.09	01:38:51.093		0.83457			4
2025.01.09	01:38:54.644		0.83458			4
2025.01.09	01:39:00.957	0.83455				2
2025.01.09	01:39:04.409		0.83459			4
2025.01.09	01:39:23.393	0.83456				2
2025.01.09	01:39:24.822		0.83458			4
2025.01.09	01:39:32.297		0.83459			4
2025.01.09	01:39:37.415		0.83458			4
2025.01.09	01:39:42.565		0.83459			4
2025.01.09	01:39:44.745		0.83458			4
2025.01.09	01:40:00.309	0.83456				2
2025.01.09	01:40:06.876		0.83457			4
2025.01.09	01:40:08.669		0.83458			4
2025.01.09	01:40:10.076		0.83457			4
2025.01.09	01:40:10.806	0.83455				2
2025.01.09	01:40:20.003		0.83456			4
2025.01.09	01:40:21.769		0.83457			4
2025.01.09	01:40:24.001		0.83456			4
2025.01.09	01:40:24.629	0.83452	0.83454			6
2025.01.09	01:41:00.349	0.83452				2
2025.01.09	01:41:26.964		0.83454			4
2025.01.09	01:41:27.269	0.83451				2
2025.01.09	01:42:00.076	0.83451				2
2025.01.09	01:42:27.140		0.83454			4
2025.01.09	01:42:29.111		0.83453			4
2025.01.09	01:42:37.313		0.83454			4
2025.01.09	01:42:50.079		0.83453			4
2025.01.09	01:42:55.208		0.83454			4
2025.01.09	01:43:00.092	0.83451				2
2025.01.09	01:43:04.291		0.83453			4
2025.01.09	01:43:41.075		0.83455			4
2025.01.09	01:43:43.803	0.83452				2
2025.01.09	01:43:49.245	0.83453	0.83456			6
2025.01.09	01:43:49.563	0.83452	0.83455			6
2025.01.09	01:43:49.872	0.83451				2
2025.01.09	01:43:50.361	0.83452				2
2025.01.09	01:44:00.106	0.83452				2
2025.01.09	01:44:02.515	0.83453				2
2025.01.09	01:44:02.847		0.83456			4
2025.01.09	01:44:05.098		0.83457			4
2025.01.09	01:44:06.800		0.83456			4
2025.01.09	01:44:08.463	0.83454				2
2025.01.09	01:44:22.736	0.83452	0.83454			6
2025.01.09	01:44:51.857	0.83451				2
2025.01.09	01:44:57.604		0.83456			4
2025.01.09	01:45:00.359	0.83451				2
2025.01.09	01:45:18.156		0.83455			4
2025.01.09	01:45:18.572	0.83452	0.83456			6
2025.01.09	01:45:23.132	0.83451				2
2025.01.09	01:45:24.135		0.83455			4
2025.01.09	01:46:00.443	0.83451				2
2025.01.09	01:46:01.964		0.83456			4
2025.01.09	01:46:02.621	0.83452				2
2025.01.09	01:46:14.001	0.83451	0.83457			6
2025.01.09	01:46:14.304	0.83452				2
2025.01.09	01:46:33.364	0.83451	0.83454			6
2025.01.09	01:46:36.603		0.83456			4
2025.01.09	01:46:40.963		0.83457			4
2025.01.09	01:46:41.873	0.83452				2
2025.01.09	01:46:43.574		0.83455			4
2025.01.09	01:46:44.008		0.83457			4
2025.01.09	01:46:44.440		0.83455			4
2025.01.09	01:46:44.931		0.83457			4
2025.01.09	01:46:51.031		0.83454			4
2025.01.09	01:46:53.162		0.83453			4
2025.01.09	01:47:00.522	0.83452				2
2025.01.09	01:47:19.598		0.83454			4
2025.01.09	01:47:22.780		0.83456			4
2025.01.09	01:47:23.166		0.83455			4
2025.01.09	01:47:24.349		0.83456			4
2025.01.09	01:47:26.411		0.83454			4
2025.01.09	01:47:26.729		0.83456			4
2025.01.09	01:47:27.137		0.83457			4
2025.01.09	01:47:31.710		0.83454			4
2025.01.09	01:47:36.874	0.83451				2
2025.01.09	01:47:41.704		0.83457			4
2025.01.09	01:47:42.005		0.83455			4
2025.01.09	01:47:42.329		0.83454			4
2025.01.09	01:47:48.568		0.83456			4
2025.01.09	01:47:53.382		0.83454			4
2025.01.09	01:47:59.650		0.83456			4
2025.01.09	01:48:00.358	0.83451				2
2025.01.09	01:48:02.693	0.83446	0.83450			6
2025.01.09	01:48:03.683		0.83451			4
2025.01.09	01:48:21.401		0.83452			4
2025.01.09	01:48:26.103		0.83451			4
2025.01.09	01:48:36.586		0.83450			4
2025.01.09	01:48:37.009		0.83451			4
2025.01.09	01:48:45.486	0.83445				2
2025.01.09	01:48:48.182	0.83448	0.83452			6
2025.01.09	01:48:48.490	0.83446	0.83450			6
2025.01.09	01:48:51.369		0.83449			4
2025.01.09	01:48:55.182	0.83445				2
2025.01.09	01:48:57.670	0.83446				2
2025.01.09	01:49:01.417	0.83446				2
2025.01.09	01:49:11.501		0.83448			4
2025.01.09	01:49:25.640	0.83445	0.83450			6
2025.01.09	01:49:25.963	0.83446	0.83449			6
2025.01.09	01:49:30.186	0.83445				2
2025.01.09	01:49:30.488	0.83446	0.83448			6
2025.01.09	01:49:47.968		0.83450			4
2025.01.09	01:49:49.876		0.83449			4
2025.01.09	01:50:00.994	0.83446				2
2025.01.09	01:50:02.005		0.83450			4
2025.01.09	01:50:02.466	0.83447	0.83451			6
2025.01.09	01:50:07.037	0.83446				2
2025.01.09	01:50:08.177	0.83447				2
2025.01.09	01:50:10.917	0.83446				2
2025.01.09	01:50:29.708	0.83445				2
2025.01.09	01:50:31.487	0.83446				2
2025.01.09	01:50:38.367		0.83452			4
2025.01.09	01:50:53.359	0.83448				2
2025.01.09	01:50:59.388	0.83451	0.83454			6
2025.01.09	01:51:00.464	0.83451				2
2025.01.09	01:51:16.429	0.83452	0.83455			6
2025.01.09	01:51:29.540	0.83453	0.83456			6
2025.01.09	01:51:30.211	0.83452	0.83455			6
2025.01.09	01:51:36.181	0.83453	0.83456			6
2025.01.09	01:51:39.130	0.83455	0.83457			6
2025.01.09	01:51:39.454		0.83458			4
2025.01.09	01:51:40.359	0.83456	0.83459			6
2025.01.09	01:51:41.261	0.83458				2
2025.01.09	01:51:43.121		0.83460			4
2025.01.09	01:51:51.780		0.83461			4
2025.01.09	01:52:04.060	0.83458				2
2025.01.09	01:52:53.697		0.83461			4
2025.01.09	01:53:00.463	0.83458				2
2025.01.09	01:53:52.504		0.83460			4
2025.01.09	01:53:56.562	0.83462	0.83464			6
2025.01.09	01:53:57.631	0.83461	0.83463			6
2025.01.09	01:54:00.400	0.83461	0.83464			6
2025.01.09	01:54:01.099	0.83462				2
2025.01.09	01:54:06.806		0.83465			4
2025.01.09	01:54:21.427	0.83461	0.83464			6
2025.01.09	01:54:26.988	0.83462	0.83465			6
2025.01.09	01:54:36.825	0.83465	0.83468			6
2025.01.09	01:54:38.350	0.83466				2
2025.01.09	01:54:45.772	0.83468	0.83470			6
2025.01.09	01:54:46.122	0.83467				2
2025.01.09	01:54:50.794	0.83465	0.83468			6
2025.01.09	01:54:54.390	0.83466				2
2025.01.09	01:54:58.619	0.83465				2
2025.01.09	01:55:00.315	0.83465				2
2025.01.09	01:55:20.025		0.83467			4
2025.01.09	01:55:21.171	0.83464				2
2025.01.09	01:55:28.233	0.83465				2
2025.01.09	01:55:33.760	0.83464				2
2025.01.09	01:56:00.433	0.83464				2
2025.01.09	01:56:00.954	0.83465				2
2025.01.09	01:56:02.962		0.83466			4
2025.01.09	01:56:06.615	0.83464	0.83467			6
2025.01.09	01:56:09.421		0.83465			4
2025.01.09	01:56:13.706	0.83465	0.83466			6
2025.01.09	01:56:19.271	0.83464	0.83465			6
2025.01.09	01:56:23.451	0.83463	0.83466			6
2025.01.09	01:56:24.878		0.83465			4
2025.01.09	01:56:25.207	0.83462				2
2025.01.09	01:56:26.234		0.83466			4
2025.01.09	01:56:29.692		0.83465			4
2025.01.09	01:56:32.001		0.83463			4
2025.01.09	01:56:32.548	0.83461				2
2025.01.09	01:56:33.507		0.83462			4
2025.01.09	01:56:37.168	0.83459	0.83461			6
2025.01.09	01:56:38.899		0.83462			4
2025.01.09	01:56:46.841	0.83460	0.83463			6
2025.01.09	01:56:47.148		0.83462			4
2025.01.09	01:56:51.672	0.83458	0.83461			6
2025.01.09	01:56:54.123	0.83460	0.83463			6
2025.01.09	01:57:00.356	0.83460				2
2025.01.09	01:57:04.541		0.83462			4
2025.01.09	01:57:08.705	0.83461	0.83463			6
2025.01.09	01:57:27.548		0.83462			4
2025.01.09	01:57:34.451	0.83460	0.83461			6
2025.01.09	01:57:35.016	0.83461	0.83462			6
2025.01.09	01:58:00.814	0.83461				2
2025.01.09	01:58:04.030	0.83459	0.83461			6
2025.01.09	01:58:04.351	0.83455	0.83458			6
2025.01.09	01:58:04.700		0.83457			4
2025.01.09	01:58:07.618		0.83456			4
2025.01.09	01:58:12.400	0.83454				2
2025.01.09	01:58:13.199	0.83455				2
2025.01.09	01:58:21.903		0.83457			4
2025.01.09	01:58:22.209	0.83457	0.83459			6
2025.01.09	01:58:22.550	0.83458	0.83460			6
2025.01.09	01:58:23.910		0.83461			4
2025.01.09	01:58:33.092	0.83457	0.83460			6
2025.01.09	01:58:35.633	0.83458				2
2025.01.09	01:58:56.239	0.83459	0.83461			6
2025.01.09	01:58:56.767	0.83458				2
2025.01.09	01:59:02.709	0.83458				2
2025.01.09	01:59:11.770	0.83457	0.83460			6
2025.01.09	01:59:15.275	0.83456	0.83459			6
2025.01.09	01:59:25.762		0.83458			4
2025.01.09	01:59:31.011	0.83455	0.83457			6
2025.01.09	01:59:31.324	0.83454				2
2025.01.09	01:59:37.304	0.83455				2
2025.01.09	01:59:37.611		0.83458			4
2025.01.09	01:59:57.569	0.83453	0.83455			6
2025.01.09	01:59:59.323	0.83452				2
2025.01.09	01:59:59.672	0.83451	0.83454			6
2025.01.09	02:00:00.381	0.83451	0.83452			6
2025.01.09	02:00:01.419	0.83452	0.83453			6
2025.01.09	02:00:03.820	0.83454	0.83455			6
2025.01.09	02:00:05.340	0.83455	0.83456			6
2025.01.09	02:00:06.304	0.83454	0.83455			6
2025.01.09	02:00:10.171	0.83453	0.83454			6
2025.01.09	02:00:37.862	0.83454	0.83455			6
2025.01.09	02:00:39.172	0.83453	0.83456			6
2025.01.09	02:00:39.484	0.83454	0.83455			6
2025.01.09	02:00:39.800		0.83456			4
2025.01.09	02:00:40.103		0.83455			4
2025.01.09	02:01:00.070	0.83454				2
2025.01.09	02:01:09.801	0.83455	0.83456			6
2025.01.09	02:01:16.485	0.83454	0.83455			6
2025.01.09	02:01:20.287	0.83452	0.83453			6
2025.01.09	02:01:26.143	0.83450	0.83451			6
2025.01.09	02:01:26.446	0.83455	0.83456			6
2025.01.09	02:01:26.825	0.83452	0.83454			6
2025.01.09	02:01:27.611	0.83451	0.83452			6
2025.01.09	02:01:28.727	0.83453	0.83454			6
2025.01.09	02:01:31.502	0.83454	0.83455			6
2025.01.09	02:01:35.261	0.83446	0.83447			6
2025.01.09	02:01:36.004	0.83445	0.83446			6
2025.01.09	02:02:01.932	0.83444	0.83445			6
2025.01.09	02:02:02.310	0.83446	0.83447			6
2025.01.09	02:02:03.080	0.83445	0.83446			6
2025.01.09	02:02:06.048	0.83444	0.83445			6
2025.01.09	02:02:09.005	0.83443	0.83444			6
2025.01.09	02:02:12.516	0.83444	0.83445			6
2025.01.09	02:02:14.061	0.83445	0.83446			6
2025.01.09	02:02:14.371	0.83444	0.83445			6
2025.01.09	02:02:33.655	0.83443	0.83444			6
2025.01.09	02:02:34.192	0.83444	0.83445			6
2025.01.09	02:02:38.828	0.83445	0.83446			6
2025.01.09	02:02:40.401	0.83448	0.83449			6
2025.01.09	02:02:44.091	0.83449	0.83450			6
2025.01.09	02:03:00.405	0.83449				2
2025.01.09	02:03:17.331	0.83451	0.83452			6
2025.01.09	02:03:17.952	0.83450	0.83451			6
2025.01.09	02:03:21.104	0.83451	0.83452			6
2025.01.09	02:03:21.423	0.83450	0.83451			6
2025.01.09	02:03:23.130	0.83449	0.83450			6
2025.01.09	02:03:24.977	0.83450	0.83451			6
2025.01.09	02:03:39.048	0.83451	0.83452			6
2025.01.09	02:03:41.787		0.83453			4
2025.01.09	02:03:42.498	0.83453	0.83454			6
2025.01.09	02:03:45.921	0.83455	0.83456			6
2025.01.09	02:03:50.550	0.83454	0.83455			6
2025.01.09	02:03:51.097	0.83455	0.83456			6
2025.01.09	02:04:00.278	0.83455				2
2025.01.09	02:04:24.934	0.83453	0.83457			6
2025.01.09	02:04:27.062	0.83455	0.83456			6
2025.01.09	02:04:32.799	0.83456	0.83457			6
2025.01.09	02:04:37.976	0.83455	0.83456			6
2025.01.09	02:04:58.852	0.83456	0.83457			6
2025.01.09	02:05:00.212	0.83456				2
2025.01.09	02:05:16.234	0.83455				2
2025.01.09	02:05:16.552		0.83456			4
2025.01.09	02:05:24.374	0.83456	0.83457			6
2025.01.09	02:05:27.630	0.83455	0.83458			6
2025.01.09	02:05:42.507	0.83456	0.83457			6
2025.01.09	02:05:42.969	0.83455	0.83456			6
2025.01.09	02:05:46.373	0.83456	0.83457			6
2025.01.09	02:05:47.697	0.83455				2
2025.01.09	02:05:49.830	0.83456				2
2025.01.09	02:05:55.106	0.83457	0.83458			6
2025.01.09	02:05:55.934	0.83456	0.83457			6
2025.01.09	02:06:00.203	0.83456				2
2025.01.09	02:06:01.493	0.83454	0.83455			6
2025.01.09	02:06:17.677	0.83453	0.83454			6
2025.01.09	02:06:18.240	0.83452	0.83453			6
2025.01.09	02:06:19.321	0.83453	0.83454			6
2025.01.09	02:06:25.852	0.83455	0.83456			6
2025.01.09	02:06:28.874	0.83454	0.83455			6
2025.01.09	02:06:41.744	0.83453				2
2025.01.09	02:06:44.510	0.83452				2
2025.01.09	02:06:45.915	0.83454				2
2025.01.09	02:06:49.181	0.83455	0.83456			6
2025.01.09	02:06:50.073	0.83453	0.83455			6
2025.01.09	02:06:54.552	0.83452				2
2025.01.09	02:07:01.553	0.83452				2
2025.01.09	02:07:02.213		0.83454			4
2025.01.09	02:07:03.069	0.83453	0.83455			6
2025.01.09	02:07:03.834		0.83454			4
2025.01.09	02:07:05.841	0.83454	0.83455			6
2025.01.09	02:07:06.147	0.83452	0.83454			6
2025.01.09	02:07:07.249	0.83455	0.83456			6
2025.01.09	02:07:07.560	0.83454	0.83455			6
2025.01.09	02:07:14.103		0.83456			4
2025.01.09	02:07:14.423		0.83455			4
2025.01.09	02:07:22.156	0.83453	0.83454			6
2025.01.09	02:07:22.511		0.83455			4
2025.01.09	02:07:30.906		0.83454			4
2025.01.09	02:07:39.815	0.83452				2
2025.01.09	02:07:54.912	0.83453				2
2025.01.09	02:07:58.417	0.83452	0.83453			6
2025.01.09	02:08:01.020	0.83452				2
2025.01.09	02:08:04.973	0.83451	0.83452			6
2025.01.09	02:08:12.137	0.83452	0.83453			6
2025.01.09	02:08:28.913	0.83451	0.83452			6
2025.01.09	02:08:31.069	0.83452	0.83453			6
2025.01.09	02:08:34.629	0.83451	0.83452			6
2025.01.09	02:08:57.301	0.83450	0.83451			6
2025.01.09	02:09:00.835	0.83450				2
2025.01.09	02:09:01.343	0.83451	0.83452			6
2025.01.09	02:09:04.988	0.83452	0.83453			6
2025.01.09	02:09:05.305	0.83451	0.83452			6
2025.01.09	02:09:13.575	0.83450	0.83451			6
2025.01.09	02:09:13.932	0.83451	0.83452			6
2025.01.09	02:09:14.241	0.83452	0.83453			6
2025.01.09	02:09:17.061	0.83454	0.83455			6
2025.01.09	02:09:17.417	0.83453	0.83454			6
2025.01.09	02:09:21.492	0.83454	0.83455			6
2025.01.09	02:09:22.603	0.83455	0.83456			6
2025.01.09	02:09:27.862	0.83454				2
2025.01.09	02:09:30.362	0.83455				2
2025.01.09	02:09:31.541	0.83454	0.83457			6
2025.01.09	02:09:32.078		0.83456			4
2025.01.09	02:09:33.397	0.83455				2
2025.01.09	02:09:34.212	0.83453	0.83457			6
2025.01.09	02:09:35.131	0.83455	0.83456			6
2025.01.09	02:09:35.706	0.83454	0.83455			6
2025.01.09	02:09:38.235	0.83453	0.83454			6
2025.01.09	02:09:39.130	0.83456	0.83457			6
2025.01.09	02:09:39.434	0.83453	0.83454			6
2025.01.09	02:09:40.603	0.83454	0.83455			6
2025.01.09	02:09:46.462	0.83453	0.83454			6
2025.01.09	02:09:46.935	0.83452	0.83453			6
2025.01.09	02:09:47.405	0.83453	0.83454			6
2025.01.09	02:09:55.370	0.83454	0.83455			6
2025.01.09	02:09:57.314	0.83453	0.83454			6
2025.01.09	02:09:58.259	0.83449	0.83451			6
2025.01.09	02:09:59.081	0.83452	0.83453			6
2025.01.09	02:09:59.387	0.83451				2
2025.01.09	02:10:00.159	0.83451				2
2025.01.09	02:10:04.391	0.83453	0.83454			6
2025.01.09	02:10:04.709		0.83455			4
2025.01.09	02:10:05.200		0.83454			4
2025.01.09	02:10:06.298	0.83455	0.83456			6
2025.01.09	02:10:09.613	0.83454				2
2025.01.09	02:10:15.107		0.83455			4
2025.01.09	02:10:16.857	0.83452	0.83454			6
2025.01.09	02:10:21.003		0.83453			4
2025.01.09	02:10:22.197	0.83454	0.83455			6
2025.01.09	02:10:26.535	0.83455	0.83456			6
2025.01.09	02:10:48.386	0.83456	0.83457			6
2025.01.09	02:11:00.147	0.83457	0.83458			6
2025.01.09	02:11:02.298	0.83458	0.83459			6
2025.01.09	02:11:06.832	0.83457	0.83458			6
2025.01.09	02:11:09.689	0.83458	0.83459			6
2025.01.09	02:11:11.403	0.83457	0.83458			6
2025.01.09	02:11:11.858	0.83458	0.83459			6
2025.01.09	02:11:12.190	0.83457	0.83458			6
2025.01.09	02:11:12.590	0.83458	0.83459			6
2025.01.09	02:11:13.241	0.83457	0.83458			6
2025.01.09	02:11:23.499	0.83456	0.83457			6
2025.01.09	02:11:26.482	0.83457	0.83458			6
2025.01.09	02:11:35.538	0.83456	0.83457			6
2025.01.09	02:11:36.066	0.83453	0.83454			6
2025.01.09	02:11:38.902	0.83451				2
2025.01.09	02:11:41.208		0.83453			4
2025.01.09	02:11:53.704		0.83454			4
2025.01.09	02:11:57.963		0.83453			4
2025.01.09	02:12:06.348	0.83452				2
2025.01.09	02:12:06.665	0.83451				2
2025.01.09	02:12:06.971	0.83452	0.83454			6
2025.01.09	02:12:07.656	0.83453				2
2025.01.09	02:12:10.177	0.83452	0.83453			6
2025.01.09	02:12:15.281	0.83453	0.83454			6
2025.01.09	02:12:17.497		0.83455			4
2025.01.09	02:12:37.057		0.83454			4
2025.01.09	02:12:38.464	0.83452				2
2025.01.09	02:12:38.901	0.83451				2
2025.01.09	02:12:42.404	0.83454	0.83455			6
2025.01.09	02:12:42.907		0.83456			4
2025.01.09	02:12:43.263		0.83457			4
2025.01.09	02:12:43.904		0.83456			4
2025.01.09	02:12:44.521	0.83455				2
2025.01.09	02:12:45.453	0.83454	0.83455			6
2025.01.09	02:12:51.798	0.83453	0.83457			6
2025.01.09	02:12:53.408	0.83455	0.83456			6
2025.01.09	02:12:53.826	0.83454	0.83455			6
2025.01.09	02:12:55.132	0.83455	0.83456			6
2025.01.09	02:13:00.360	0.83455				2
2025.01.09	02:13:17.870	0.83453	0.83457			6
2025.01.09	02:13:18.823	0.83454	0.83456			6
2025.01.09	02:13:26.377	0.83455				2
2025.01.09	02:13:26.760	0.83453	0.83457			6
2025.01.09	02:13:37.122		0.83454			4
2025.01.09	02:13:38.414		0.83455			4
2025.01.09	02:13:38.722		0.83454			4
2025.01.09	02:13:59.483	0.83452	0.83453			6
2025.01.09	02:14:00.371	0.83452				2
2025.01.09	02:14:51.868	0.83451	0.83452			6
2025.01.09	02:14:52.183	0.83450	0.83451			6
2025.01.09	02:14:58.522	0.83449	0.83450			6
2025.01.09	02:14:58.848	0.83450	0.83451			6
2025.01.09	02:15:00.384	0.83450				2
2025.01.09	02:15:00.946	0.83449	0.83450			6
2025.01.09	02:15:03.009	0.83450	0.83451			6
2025.01.09	02:15:09.695	0.83449	0.83450			6
2025.01.09	02:15:21.524	0.83450	0.83451			6
2025.01.09	02:15:23.858	0.83448				2
2025.01.09	02:15:24.188	0.83450				2
2025.01.09	02:15:27.929	0.83449	0.83450			6
2025.01.09	02:15:32.562	0.83447	0.83448			6
2025.01.09	02:15:36.592	0.83448	0.83450			6
2025.01.09	02:15:37.852		0.83449			4
2025.01.09	02:15:39.143		0.83450			4
2025.01.09	02:15:44.075	0.83447				2
2025.01.09	02:15:44.387	0.83448				2
2025.01.09	02:15:45.417	0.83447				2
2025.01.09	02:15:47.132	0.83448				2
2025.01.09	02:15:50.706	0.83449				2
2025.01.09	02:15:55.122	0.83448	0.83449			6
2025.01.09	02:15:59.921	0.83449	0.83450			6
2025.01.09	02:16:00.529	0.83449				2
2025.01.09	02:16:07.648	0.83448	0.83449			6
2025.01.09	02:16:10.239		0.83450			4
2025.01.09	02:16:12.881		0.83449			4
2025.01.09	02:16:15.037	0.83447	0.83450			6
2025.01.09	02:16:16.770	0.83448	0.83449			6
2025.01.09	02:16:27.536	0.83446	0.83447			6
2025.01.09	02:16:31.984	0.83447	0.83448			6
2025.01.09	02:16:38.423	0.83446				2
2025.01.09	02:16:39.130		0.83447			4
2025.01.09	02:16:39.694	0.83447	0.83448			6
2025.01.09	02:16:45.276	0.83449	0.83450			6
2025.01.09	02:16:46.810	0.83448	0.83449			6
2025.01.09	02:16:49.610	0.83449	0.83450			6
2025.01.09	02:16:50.047	0.83445	0.83446			6
2025.01.09	02:16:50.352	0.83446	0.83447			6
2025.01.09	02:17:00.361	0.83446				2
2025.01.09	02:17:02.771	0.83447	0.83448			6
2025.01.09	02:17:05.072	0.83448	0.83449			6
2025.01.09	02:17:06.564	0.83449	0.83450			6
2025.01.09	02:17:07.907	0.83447	0.83448			6
2025.01.09	02:17:27.241	0.83446	0.83447			6
2025.01.09	02:17:46.334		0.83448			4
2025.01.09	02:17:46.647		0.83447			4
2025.01.09	02:17:52.048	0.83445	0.83446			6
2025.01.09	02:17:55.479	0.83446	0.83447			6
2025.01.09	02:18:01.579	0.83446				2
2025.01.09	02:18:07.654	0.83447	0.83448			6
2025.01.09	02:18:14.305	0.83448	0.83449			6
2025.01.09	02:18:18.641	0.83449	0.83450			6
2025.01.09	02:18:28.394	0.83450	0.83451			6
2025.01.09	02:18:28.834	0.83449	0.83450			6
2025.01.09	02:18:32.349	0.83450	0.83451			6
2025.01.09	02:18:35.077	0.83449	0.83450			6
2025.01.09	02:18:43.491	0.83450	0.83451			6
2025.01.09	02:18:46.386	0.83452	0.83453			6
2025.01.09	02:18:50.084	0.83453	0.83454			6
2025.01.09	02:18:53.405	0.83452	0.83455			6
2025.01.09	02:18:53.726	0.83453				2
2025.01.09	02:18:54.033		0.83454			4
2025.01.09	02:18:55.850		0.83455			4
2025.01.09	02:18:56.283		0.83454			4
2025.01.09	02:19:03.852	0.83454	0.83455			6
2025.01.09	02:19:05.087	0.83453	0.83454			6
2025.01.09	02:19:12.306	0.83451	0.83452			6
2025.01.09	02:19:18.846	0.83450	0.83451			6
2025.01.09	02:19:39.102	0.83449	0.83450			6
2025.01.09	02:20:00.438	0.83448				2
2025.01.09	02:20:00.847	0.83449				2
2025.01.09	02:20:05.276	0.83448	0.83449			6
2025.01.09	02:20:31.828	0.83447	0.83448			6
2025.01.09	02:20:32.333	0.83446	0.83447			6
2025.01.09	02:20:34.041	0.83445	0.83446			6
2025.01.09	02:20:36.326	0.83444				2
2025.01.09	02:20:44.077	0.83446	0.83447			6
2025.01.09	02:20:51.363	0.83447	0.83448			6
2025.01.09	02:20:52.826	0.83445	0.83446			6
2025.01.09	02:21:00.380	0.83445				2
2025.01.09	02:21:07.678	0.83444	0.83445			6
2025.01.09	02:21:26.852	0.83443	0.83444			6
2025.01.09	02:21:38.289	0.83445	0.83446			6
2025.01.09	02:21:44.113	0.83444	0.83445			6
2025.01.09	02:21:48.068	0.83445	0.83446			6
2025.01.09	02:21:52.397	0.83444				2
2025.01.09	02:21:55.400		0.83445			4
2025.01.09	02:21:55.702	0.83443	0.83444			6
2025.01.09	02:22:00.327	0.83443				2
2025.01.09	02:22:02.099	0.83442	0.83443			6
2025.01.09	02:22:11.812	0.83441	0.83442			6
2025.01.09	02:22:13.822	0.83440	0.83441			6
2025.01.09	02:22:14.464	0.83444	0.83445			6
2025.01.09	02:22:18.994	0.83443	0.83444			6
2025.01.09	02:22:20.587	0.83444	0.83445			6
2025.01.09	02:22:22.098	0.83442	0.83443			6
2025.01.09	02:22:24.125	0.83444	0.83445			6
2025.01.09	02:22:29.142	0.83443	0.83444			6
2025.01.09	02:22:32.273	0.83441				2
2025.01.09	02:22:32.582	0.83442				2
2025.01.09	02:22:32.944		0.83443			4
2025.01.09	02:22:35.458	0.83443	0.83444			6
2025.01.09	02:22:35.773	0.83444	0.83445			6
2025.01.09	02:22:38.806	0.83445	0.83446			6
2025.01.09	02:22:39.111	0.83444	0.83445			6
2025.01.09	02:22:39.719	0.83443	0.83444			6
2025.01.09	02:22:42.829	0.83441	0.83442			6
2025.01.09	02:22:43.223	0.83442	0.83443			6
2025.01.09	02:22:44.323	0.83443	0.83444			6
2025.01.09	02:22:49.307	0.83441	0.83442			6
2025.01.09	02:22:49.614	0.83440	0.83441			6
2025.01.09	02:22:55.453	0.83439	0.83440			6
2025.01.09	02:22:56.677		0.83441			4
2025.01.09	02:22:57.662	0.83441	0.83442			6
2025.01.09	02:22:58.135	0.83442	0.83443			6
2025.01.09	02:23:00.362	0.83442				2
2025.01.09	02:23:10.601	0.83441	0.83442			6
2025.01.09	02:23:12.721	0.83439	0.83440			6
2025.01.09	02:23:31.235	0.83438	0.83439			6
2025.01.09	02:23:41.404	0.83437	0.83438			6
2025.01.09	02:23:44.151	0.83438	0.83439			6
2025.01.09	02:23:45.369	0.83439	0.83440			6
2025.01.09	02:24:05.872	0.83439				2
2025.01.09	02:24:08.992	0.83438	0.83439			6
2025.01.09	02:24:09.836	0.83439	0.83440			6
2025.01.09	02:24:11.735	0.83438	0.83439			6
2025.01.09	02:24:19.843	0.83437				2
2025.01.09	02:24:20.218	0.83438				2
2025.01.09	02:24:56.558		0.83440			4
2025.01.09	02:24:59.301		0.83439			4
2025.01.09	02:25:00.541	0.83438				2
2025.01.09	02:25:20.798	0.83437	0.83440			6
2025.01.09	02:25:21.207	0.83438	0.83439			6
2025.01.09	02:25:21.527		0.83441			4
2025.01.09	02:25:24.499		0.83442			4
2025.01.09	02:25:26.802		0.83441			4
2025.01.09	02:25:29.433	0.83439	0.83440			6
2025.01.09	02:25:30.183	0.83438	0.83441			6
2025.01.09	02:25:31.188	0.83439	0.83440			6
2025.01.09	02:25:35.006	0.83438	0.83439			6
2025.01.09	02:25:35.372		0.83441			4
2025.01.09	02:25:37.453	0.83439	0.83440			6
2025.01.09	02:25:38.033	0.83438	0.83439			6
2025.01.09	02:25:38.786	0.83439	0.83440			6
2025.01.09	02:25:39.797	0.83438	0.83441			6
2025.01.09	02:25:40.102		0.83439			4
2025.01.09	02:25:40.839		0.83442			4
2025.01.09	02:25:48.961		0.83440			4
2025.01.09	02:25:49.437		0.83441			4
2025.01.09	02:25:50.277		0.83440			4
2025.01.09	02:26:00.389	0.83438	0.83441			6
2025.01.09	02:26:02.503	0.83439				2
2025.01.09	02:26:03.774	0.83438				2
2025.01.09	02:26:05.388	0.83435	0.83436			6
2025.01.09	02:26:05.788	0.83436	0.83437			6
2025.01.09	02:27:00.356	0.83438	0.83439			6
2025.01.09	02:27:02.828	0.83437	0.83438			6
2025.01.09	02:27:17.541	0.83439	0.83440			6
2025.01.09	02:27:51.194	0.83438	0.83439			6
2025.01.09	02:28:00.376	0.83439	0.83441			6
2025.01.09	02:28:05.705	0.83438				2
2025.01.09	02:28:06.482	0.83439				2
2025.01.09	02:28:06.978	0.83438				2
2025.01.09	02:28:07.615	0.83439				2
2025.01.09	02:28:08.645	0.83438				2
2025.01.09	02:28:17.727	0.83439				2
2025.01.09	02:28:21.358	0.83438	0.83442			6
2025.01.09	02:28:21.755	0.83439				2
2025.01.09	02:28:25.442	0.83440				2
2025.01.09	02:28:30.509	0.83439				2
2025.01.09	02:28:30.963	0.83438	0.83440			6
2025.01.09	02:28:32.751	0.83440	0.83442			6
2025.01.09	02:28:47.770		0.83443			4
2025.01.09	02:28:50.348	0.83439				2
2025.01.09	02:29:00.721	0.83440				2
2025.01.09	02:29:17.667	0.83439				2
2025.01.09	02:29:18.004	0.83440				2
2025.01.09	02:29:23.000		0.83444			4
2025.01.09	02:29:27.519		0.83443			4
2025.01.09	02:29:30.369		0.83442			4
2025.01.09	02:29:30.742	0.83439				2
2025.01.09	02:29:31.122		0.83443			4
2025.01.09	02:29:35.435	0.83441				2
2025.01.09	02:29:35.827	0.83440				2
2025.01.09	02:29:36.445	0.83439				2
2025.01.09	02:29:36.823	0.83440				2
2025.01.09	02:29:37.171	0.83439				2
2025.01.09	02:29:42.453		0.83442			4
2025.01.09	02:29:43.662	0.83440				2
2025.01.09	02:29:44.046	0.83439				2
2025.01.09	02:29:45.729	0.83440				2
2025.01.09	02:29:46.681		0.83443			4
2025.01.09	02:29:50.557	0.83441				2
2025.01.09	02:29:50.952	0.83440				2
2025.01.09	02:29:51.261	0.83441				2
2025.01.09	02:29:55.391		0.83442			4
2025.01.09	02:29:58.360	0.83440				2
2025.01.09	02:30:00.478	0.83440				2
2025.01.09	02:30:01.811		0.83444			4
2025.01.09	02:30:02.706	0.83441				2
2025.01.09	02:30:03.014	0.83442				2
2025.01.09	02:30:07.015	0.83441	0.83443			6
2025.01.09	02:30:07.338		0.83444			4
2025.01.09	02:30:07.646	0.83440				2
2025.01.09	02:30:09.033	0.83442	0.83443			6
2025.01.09	02:30:09.345	0.83440	0.83444			6
2025.01.09	02:30:15.540		0.83445			4
2025.01.09	02:30:16.070	0.83441				2
2025.01.09	02:30:22.452	0.83440				2
2025.01.09	02:30:23.374	0.83441				2
2025.01.09	02:30:25.552	0.83446	0.83447			6
2025.01.09	02:30:29.365	0.83445	0.83446			6
2025.01.09	02:30:32.350	0.83446	0.83447			6
2025.01.09	02:30:40.565	0.83445	0.83446			6
2025.01.09	02:30:43.583		0.83448			4
2025.01.09	02:30:44.012	0.83446				2
2025.01.09	02:30:44.628	0.83447				2
2025.01.09	02:30:48.033	0.83446	0.83447			6
2025.01.09	02:30:50.179	0.83447	0.83448			6
2025.01.09	02:30:50.702	0.83448	0.83449			6
2025.01.09	02:31:00.999	0.83448				2
2025.01.09	02:31:02.402	0.83447	0.83448			6
2025.01.09	02:31:07.384		0.83449			4
2025.01.09	02:31:08.348	0.83446				2
2025.01.09	02:31:10.360	0.83447				2
2025.01.09	02:31:11.863	0.83448				2
2025.01.09	02:31:17.594		0.83450			4
2025.01.09	02:31:17.935	0.83447				2
2025.01.09	02:31:19.487	0.83448				2
2025.01.09	02:31:30.815	0.83449				2
2025.01.09	02:31:33.180	0.83445	0.83446			6
2025.01.09	02:31:35.143	0.83444	0.83445			6
2025.01.09	02:32:01.148	0.83444				2
2025.01.09	02:32:01.616		0.83447			4
2025.01.09	02:32:01.927	0.83445				2
2025.01.09	02:32:02.957	0.83446				2
2025.01.09	02:32:04.382	0.83447	0.83448			6
2025.01.09	02:32:05.050	0.83446	0.83447			6
2025.01.09	02:32:07.559	0.83443	0.83444			6
2025.01.09	02:32:10.097	0.83440	0.83441			6
2025.01.09	02:32:35.882	0.83441	0.83442			6
2025.01.09	02:32:36.193	0.83436	0.83437			6
2025.01.09	02:32:37.925	0.83437	0.83438			6
2025.01.09	02:32:38.237	0.83439	0.83440			6
2025.01.09	02:32:38.888	0.83440	0.83441			6
2025.01.09	02:32:46.883	0.83438	0.83439			6
2025.01.09	02:32:47.734	0.83437	0.83438			6
2025.01.09	02:32:48.122	0.83435	0.83436			6
2025.01.09	02:32:48.431	0.83436	0.83437			6
2025.01.09	02:32:49.372	0.83435	0.83436			6
2025.01.09	02:32:58.555	0.83434	0.83435			6
2025.01.09	02:33:01.000	0.83434				2
2025.01.09	02:33:02.116	0.83435	0.83436			6
2025.01.09	02:33:04.665	0.83434	0.83435			6
2025.01.09	02:33:08.285	0.83435	0.83436			6
2025.01.09	02:33:20.671	0.83434				2
2025.01.09	02:33:21.330		0.83435			4
2025.01.09	02:33:23.384	0.83427	0.83428			6
2025.01.09	02:33:23.685	0.83429	0.83430			6
2025.01.09	02:33:24.096	0.83430	0.83431			6
2025.01.09	02:33:24.402	0.83431	0.83432			6
2025.01.09	02:33:26.410	0.83430	0.83431			6
2025.01.09	02:33:33.492	0.83429	0.83430			6
2025.01.09	02:33:34.070	0.83427	0.83428			6
2025.01.09	02:33:35.101	0.83428	0.83429			6
2025.01.09	02:33:35.404	0.83427	0.83428			6
2025.01.09	02:33:36.879	0.83426	0.83427			6
2025.01.09	02:33:37.579	0.83425	0.83426			6
2025.01.09	02:33:42.969	0.83426	0.83427			6
2025.01.09	02:33:43.423	0.83425	0.83426			6
2025.01.09	02:33:43.803	0.83426	0.83427			6
2025.01.09	02:33:44.404	0.83427	0.83428			6
2025.01.09	02:33:53.476	0.83426	0.83427			6
2025.01.09	02:33:54.570	0.83427	0.83428			6
2025.01.09	02:33:55.116		0.83429			4
2025.01.09	02:33:55.427		0.83428			4
2025.01.09	02:33:55.769	0.83428	0.83429			6
2025.01.09	02:33:57.611	0.83430	0.83431			6
2025.01.09	02:33:57.948	0.83429				2
2025.01.09	02:34:00.224	0.83429				2
2025.01.09	02:34:01.171		0.83430			4
2025.01.09	02:34:07.053		0.83431			4
2025.01.09	02:34:07.364		0.83430			4
2025.01.09	02:34:10.357		0.83431			4
2025.01.09	02:34:11.234	0.83431	0.83432			6
2025.01.09	02:34:13.989	0.83430	0.83433			6
2025.01.09	02:34:17.356	0.83431	0.83434			6
2025.01.09	02:34:17.697	0.83430				2
2025.01.09	02:34:19.681	0.83428	0.83432			6
2025.01.09	02:34:20.008	0.83431				2
2025.01.09	02:34:20.315	0.83430	0.83431			6
2025.01.09	02:34:27.369	0.83429				2
2025.01.09	02:34:27.719	0.83433	0.83435			6
2025.01.09	02:34:28.385	0.83434				2
2025.01.09	02:34:30.330		0.83436			4
2025.01.09	02:34:32.432	0.83435				2
2025.01.09	02:34:33.466	0.83434	0.83435			6
2025.01.09	02:34:35.790	0.83435	0.83436			6
2025.01.09	02:34:45.391	0.83432	0.83433			6
2025.01.09	02:34:46.165	0.83433	0.83434			6
2025.01.09	02:34:47.470	0.83432	0.83433			6
2025.01.09	02:34:51.687	0.83430	0.83431			6
2025.01.09	02:34:54.161	0.83433	0.83434			6
2025.01.09	02:34:54.955	0.83432	0.83433			6
2025.01.09	02:35:00.403	0.83431	0.83432			6
2025.01.09	02:35:00.731	0.83434	0.83435			6
2025.01.09	02:35:01.044	0.83435	0.83436			6
2025.01.09	02:35:03.800	0.83434				2
2025.01.09	02:35:05.676	0.83436	0.83437			6
2025.01.09	02:35:05.984		0.83439			4
2025.01.09	02:35:08.089	0.83437	0.83438			6
2025.01.09	02:35:08.403	0.83436	0.83440			6
2025.01.09	02:35:09.391	0.83439	0.83442			6
2025.01.09	02:35:10.077	0.83438				2
2025.01.09	02:35:11.581	0.83440	0.83443			6
2025.01.09	02:35:13.453	0.83441				2
2025.01.09	02:35:17.443	0.83440	0.83442			6
2025.01.09	02:35:18.751	0.83439	0.83443			6
2025.01.09	02:35:27.280		0.83442			4
2025.01.09	02:35:28.665		0.83441			4
2025.01.09	02:35:30.356	0.83442	0.83443			6
2025.01.09	02:35:30.871	0.83443	0.83444			6
2025.01.09	02:35:40.116	0.83441	0.83442			6
2025.01.09	02:35:40.437	0.83442	0.83443			6
2025.01.09	02:35:40.744		0.83444			4
2025.01.09	02:35:41.236	0.83443	0.83445			6
2025.01.09	02:35:41.543	0.83444				2
2025.01.09	02:35:54.215	0.83443	0.83444			6
2025.01.09	02:35:54.553	0.83444	0.83445			6
2025.01.09	02:35:57.830		0.83446			4
2025.01.09	02:35:58.505	0.83446	0.83447			6
2025.01.09	02:36:00.757	0.83445	0.83446			6
2025.01.09	02:36:01.733	0.83446	0.83447			6
2025.01.09	02:36:03.766	0.83445	0.83446			6
2025.01.09	02:36:06.196	0.83446	0.83447			6
2025.01.09	02:36:07.657	0.83445	0.83446			6
2025.01.09	02:36:09.565	0.83448	0.83449			6
2025.01.09	02:36:09.901	0.83449	0.83450			6
2025.01.09	02:36:10.304	0.83450	0.83451			6
2025.01.09	02:36:11.300	0.83449	0.83450			6
2025.01.09	02:36:13.930	0.83448	0.83449			6
2025.01.09	02:36:15.984	0.83446	0.83447			6
2025.01.09	02:36:18.109	0.83447	0.83448			6
2025.01.09	02:36:21.157	0.83445	0.83446			6
2025.01.09	02:36:21.629	0.83446	0.83447			6
2025.01.09	02:36:21.944	0.83445	0.83446			6
2025.01.09	02:36:27.743	0.83447	0.83448			6
2025.01.09	02:36:30.675	0.83448	0.83449			6
2025.01.09	02:36:31.026	0.83449	0.83450			6
2025.01.09	02:36:31.332	0.83448	0.83449			6
2025.01.09	02:36:40.144	0.83447	0.83448			6
2025.01.09	02:36:44.468	0.83449	0.83450			6
2025.01.09	02:36:44.871	0.83456	0.83457			6
2025.01.09	02:36:50.104	0.83458	0.83459			6
2025.01.09	02:36:53.108	0.83459	0.83460			6
2025.01.09	02:37:00.033	0.83459				2
2025.01.09	02:37:10.806	0.83458				2
2025.01.09	02:37:11.124	0.83456	0.83457			6
2025.01.09	02:37:12.446	0.83457	0.83458			6
2025.01.09	02:37:13.105	0.83456	0.83457			6
2025.01.09	02:37:14.093	0.83458	0.83459			6
2025.01.09	02:37:15.134	0.83456	0.83457			6
2025.01.09	02:37:15.440	0.83458	0.83459			6
2025.01.09	02:37:15.751	0.83459	0.83460			6
2025.01.09	02:37:24.849	0.83458	0.83459			6
2025.01.09	02:37:27.231	0.83460	0.83461			6
2025.01.09	02:37:27.560	0.83458	0.83459			6
2025.01.09	02:37:36.270	0.83460	0.83461			6
2025.01.09	02:37:38.346	0.83461	0.83462			6
2025.01.09	02:37:38.663	0.83460	0.83461			6
2025.01.09	02:37:43.989	0.83461	0.83462			6
2025.01.09	02:37:45.877	0.83459	0.83460			6
2025.01.09	02:37:46.194	0.83461	0.83462			6
2025.01.09	02:37:46.506	0.83460	0.83461			6
2025.01.09	02:37:52.930	0.83461	0.83462			6
2025.01.09	02:37:55.307	0.83460	0.83461			6
2025.01.09	02:37:59.275	0.83462	0.83463			6
2025.01.09	02:37:59.644	0.83461	0.83462			6
2025.01.09	02:38:00.239	0.83461				2
2025.01.09	02:38:02.339	0.83462	0.83463			6
2025.01.09	02:38:02.768	0.83461	0.83462			6
2025.01.09	02:38:03.905	0.83462	0.83463			6
2025.01.09	02:38:10.646	0.83461	0.83462			6
2025.01.09	02:38:11.373	0.83460	0.83461			6
2025.01.09	02:38:11.684	0.83458	0.83459			6
2025.01.09	02:38:16.667	0.83457	0.83458			6
2025.01.09	02:38:23.990	0.83456	0.83457			6
2025.01.09	02:38:24.304	0.83461	0.83462			6
2025.01.09	02:38:27.298	0.83462	0.83463			6
2025.01.09	02:38:28.300	0.83461	0.83462			6
2025.01.09	02:38:28.605	0.83462	0.83463			6
2025.01.09	02:38:31.951		0.83464			4
2025.01.09	02:38:32.319		0.83463			4
2025.01.09	02:38:34.199	0.83466	0.83467			6
2025.01.09	02:38:42.524	0.83465	0.83466			6
2025.01.09	02:38:42.842	0.83464	0.83465			6
2025.01.09	02:38:47.248	0.83463	0.83464			6
2025.01.09	02:38:52.150	0.83464	0.83465			6
2025.01.09	02:38:57.339	0.83465	0.83466			6
2025.01.09	02:38:57.647	0.83464	0.83465			6
2025.01.09	02:39:00.163	0.83464				2
2025.01.09	02:39:09.874	0.83465	0.83466			6
2025.01.09	02:39:12.403	0.83464	0.83465			6
2025.01.09	02:39:19.426	0.83466	0.83467			6
2025.01.09	02:39:19.948	0.83465	0.83466			6
2025.01.09	02:39:25.582	0.83464	0.83465			6
2025.01.09	02:39:27.381	0.83465	0.83466			6
2025.01.09	02:39:29.476	0.83466	0.83467			6
2025.01.09	02:39:32.673	0.83468	0.83469			6
2025.01.09	02:39:35.676	0.83467	0.83468			6
2025.01.09	02:39:37.303	0.83466	0.83467			6
2025.01.09	02:39:37.613	0.83468	0.83469			6
2025.01.09	02:39:38.345	0.83467	0.83468			6
2025.01.09	02:39:39.382	0.83469	0.83470			6
2025.01.09	02:39:43.072	0.83472	0.83473			6
2025.01.09	02:39:44.595	0.83471	0.83472			6
2025.01.09	02:39:49.239	0.83469	0.83470			6
2025.01.09	02:39:51.215	0.83470	0.83471			6
2025.01.09	02:39:51.876	0.83471	0.83472			6
2025.01.09	02:39:53.147	0.83470	0.83471			6
2025.01.09	02:39:54.957	0.83471	0.83472			6
2025.01.09	02:39:56.600	0.83469	0.83470			6
2025.01.09	02:40:00.382	0.83469				2
2025.01.09	02:40:01.246	0.83471	0.83472			6
2025.01.09	02:40:02.698	0.83470	0.83471			6
2025.01.09	02:40:03.005	0.83469	0.83470			6
2025.01.09	02:40:08.142	0.83470	0.83471			6
2025.01.09	02:40:09.031	0.83469	0.83470			6
2025.01.09	02:40:10.241	0.83472	0.83473			6
2025.01.09	02:40:19.408	0.83471	0.83472			6
2025.01.09	02:40:19.711	0.83472	0.83473			6
2025.01.09	02:40:22.406	0.83470	0.83471			6
2025.01.09	02:40:32.147	0.83471	0.83472			6
2025.01.09	02:40:32.842	0.83470	0.83471			6
2025.01.09	02:40:35.449	0.83471	0.83472			6
2025.01.09	02:40:36.393	0.83470	0.83471			6
2025.01.09	02:40:37.176	0.83471	0.83472			6
2025.01.09	02:40:37.551	0.83470	0.83471			6
2025.01.09	02:40:38.633	0.83471	0.83472			6
2025.01.09	02:40:39.267	0.83470	0.83471			6
2025.01.09	02:40:49.465	0.83471	0.83472			6
2025.01.09	02:40:51.027	0.83470	0.83471			6
2025.01.09	02:40:51.593	0.83471	0.83472			6
2025.01.09	02:40:52.426	0.83470	0.83471			6
2025.01.09	02:40:52.729	0.83471	0.83472			6
2025.01.09	02:40:53.522	0.83470	0.83471			6
2025.01.09	02:41:00.637	0.83470				2
2025.01.09	02:41:03.992	0.83469	0.83470			6
2025.01.09	02:41:04.300	0.83471	0.83472			6
2025.01.09	02:41:12.510	0.83470	0.83471			6
2025.01.09	02:41:15.889	0.83469	0.83470			6
2025.01.09	02:41:41.704	0.83471	0.83472			6
2025.01.09	02:41:49.641	0.83472	0.83473			6
2025.01.09	02:41:50.940	0.83473	0.83474			6
2025.01.09	02:41:57.579	0.83471	0.83472			6
2025.01.09	02:41:59.415	0.83472	0.83473			6
2025.01.09	02:42:00.240	0.83472				2
2025.01.09	02:42:01.117	0.83473	0.83474			6
2025.01.09	02:42:17.570	0.83470	0.83471			6
2025.01.09	02:42:17.952	0.83471	0.83472			6
2025.01.09	02:42:18.342	0.83470	0.83471			6
2025.01.09	02:42:21.465	0.83471	0.83472			6
2025.01.09	02:42:21.804	0.83470	0.83471			6
2025.01.09	02:42:24.638	0.83469	0.83472			6
2025.01.09	02:42:25.185	0.83472	0.83473			6
2025.01.09	02:42:25.499	0.83469	0.83471			6
2025.01.09	02:42:34.264	0.83468	0.83470			6
2025.01.09	02:42:34.688	0.83467	0.83471			6
2025.01.09	02:42:35.327		0.83469			4
2025.01.09	02:42:35.632	0.83469	0.83470			6
2025.01.09	02:42:38.415	0.83468	0.83469			6
2025.01.09	02:42:40.153	0.83470	0.83471			6
2025.01.09	02:42:40.807	0.83469	0.83470			6
2025.01.09	02:42:41.417	0.83470	0.83471			6
2025.01.09	02:42:41.729	0.83469	0.83470			6
2025.01.09	02:42:42.747	0.83468	0.83469			6
2025.01.09	02:42:43.654	0.83469	0.83470			6
2025.01.09	02:42:48.302	0.83468				2
2025.01.09	02:42:50.762	0.83469				2
2025.01.09	02:42:56.197		0.83471			4
2025.01.09	02:42:56.948	0.83468				2
2025.01.09	02:42:57.337	0.83469				2
2025.01.09	02:43:00.441	0.83469				2
2025.01.09	02:43:01.383	0.83470	0.83472			6
2025.01.09	02:43:02.170	0.83469	0.83471			6
2025.01.09	02:43:09.276	0.83471	0.83472			6
2025.01.09	02:43:09.752	0.83469	0.83471			6
2025.01.09	02:43:16.434	0.83468				2
2025.01.09	02:43:19.348	0.83469				2
2025.01.09	02:43:30.458		0.83472			4
2025.01.09	02:43:32.427		0.83471			4
2025.01.09	02:43:36.538	0.83470	0.83472			6
2025.01.09	02:43:37.620	0.83469	0.83471			6
2025.01.09	02:43:38.472	0.83473	0.83474			6
2025.01.09	02:43:49.275	0.83469	0.83472			6
2025.01.09	02:43:51.131	0.83470				2
2025.01.09	02:43:51.623	0.83469				2
2025.01.09	02:43:51.981	0.83470				2
2025.01.09	02:43:52.793	0.83469				2
2025.01.09	02:43:54.821	0.83470				2
2025.01.09	02:44:02.387	0.83474	0.83476			6
2025.01.09	02:44:05.365		0.83475			4
2025.01.09	02:44:07.790	0.83475	0.83476			6
2025.01.09	02:44:08.344	0.83476	0.83477			6
2025.01.09	02:44:12.181	0.83475	0.83476			6
2025.01.09	02:44:13.252	0.83476	0.83477			6
2025.01.09	02:44:13.563	0.83475	0.83476			6
2025.01.09	02:44:16.362	0.83476	0.83477			6
2025.01.09	02:44:19.398	0.83475	0.83476			6
2025.01.09	02:44:33.996	0.83474	0.83475			6
2025.01.09	02:44:34.922	0.83475	0.83476			6
2025.01.09	02:44:41.385	0.83473	0.83474			6
2025.01.09	02:44:45.533	0.83474	0.83475			6
2025.01.09	02:44:45.975	0.83473	0.83474			6
2025.01.09	02:44:59.324	0.83474	0.83475			6
2025.01.09	02:45:01.472	0.83474				2
2025.01.09	02:45:01.908	0.83475	0.83476			6
2025.01.09	02:45:09.304	0.83476	0.83477			6
2025.01.09	02:45:09.607	0.83475	0.83476			6
2025.01.09	02:45:09.910	0.83476	0.83477			6
2025.01.09	02:45:10.223	0.83474	0.83475			6
2025.01.09	02:45:10.624	0.83475	0.83476			6
2025.01.09	02:45:14.561	0.83474	0.83475			6
2025.01.09	02:45:22.918	0.83473	0.83474			6
2025.01.09	02:45:26.634	0.83474	0.83475			6
2025.01.09	02:45:28.071	0.83473	0.83474			6
2025.01.09	02:45:29.799	0.83474	0.83475			6
2025.01.09	02:45:31.354	0.83475	0.83476			6
2025.01.09	02:45:48.887	0.83474	0.83475			6
2025.01.09	02:45:51.891	0.83475	0.83476			6
2025.01.09	02:45:54.912	0.83478	0.83479			6
2025.01.09	02:45:58.012	0.83477	0.83478			6
2025.01.09	02:46:00.551	0.83477				2
2025.01.09	02:46:01.384	0.83479	0.83480			6
2025.01.09	02:46:05.173	0.83478	0.83479			6
2025.01.09	02:46:05.704	0.83477	0.83478			6
2025.01.09	02:46:06.363	0.83478	0.83479			6
2025.01.09	02:46:19.451	0.83475	0.83476			6
2025.01.09	02:46:19.775	0.83476	0.83477			6
2025.01.09	02:46:21.087	0.83475	0.83476			6
2025.01.09	02:46:22.068	0.83474	0.83475			6
2025.01.09	02:46:23.104	0.83475	0.83476			6
2025.01.09	02:46:24.678	0.83470	0.83471			6
2025.01.09	02:46:25.303	0.83471	0.83472			6
2025.01.09	02:46:26.356	0.83470	0.83471			6
2025.01.09	02:46:26.665	0.83472	0.83473			6
2025.01.09	02:46:26.971	0.83473	0.83474			6
2025.01.09	02:46:35.467	0.83470	0.83471			6
2025.01.09	02:46:42.084	0.83469	0.83470			6
2025.01.09	02:46:43.319	0.83470	0.83471			6
2025.01.09	02:46:47.891	0.83471	0.83472			6
2025.01.09	02:46:48.232	0.83472	0.83473			6
2025.01.09	02:47:00.398	0.83471	0.83472			6
2025.01.09	02:47:02.804	0.83470	0.83471			6
2025.01.09	02:47:03.110	0.83467	0.83468			6
2025.01.09	02:47:04.104	0.83465	0.83466			6
2025.01.09	02:47:07.319	0.83467	0.83469			6
2025.01.09	02:47:07.630	0.83469	0.83470			6
2025.01.09	02:47:17.763	0.83468	0.83469			6
2025.01.09	02:47:21.300	0.83466	0.83467			6
2025.01.09	02:47:23.143	0.83465	0.83466			6
2025.01.09	02:47:23.961	0.83464	0.83465			6
2025.01.09	02:47:24.965	0.83465	0.83466			6
2025.01.09	02:47:27.001	0.83464	0.83465			6
2025.01.09	02:47:44.909	0.83466	0.83467			6
2025.01.09	02:47:46.903	0.83465	0.83466			6
2025.01.09	02:47:47.205	0.83464	0.83465			6
2025.01.09	02:47:56.637	0.83460	0.83461			6
2025.01.09	02:47:59.746	0.83459	0.83460			6
2025.01.09	02:48:00.048	0.83457	0.83458			6
2025.01.09	02:48:00.380	0.83458	0.83459			6
2025.01.09	02:48:00.684	0.83457	0.83458			6
2025.01.09	02:48:01.052	0.83458	0.83459			6
2025.01.09	02:48:07.523	0.83457	0.83458			6
2025.01.09	02:48:18.975	0.83458	0.83459			6
2025.01.09	02:48:19.687	0.83457	0.83458			6
2025.01.09	02:48:57.920	0.83462	0.83463			6
2025.01.09	02:49:00.183	0.83462				2
2025.01.09	02:49:11.484	0.83460	0.83461			6
2025.01.09	02:49:11.981	0.83457	0.83458			6
2025.01.09	02:49:20.886	0.83462	0.83463			6
2025.01.09	02:49:23.971	0.83461	0.83462			6
2025.01.09	02:49:24.300	0.83457	0.83458			6
2025.01.09	02:49:37.715	0.83456	0.83457			6
2025.01.09	02:49:41.609	0.83455	0.83456			6
2025.01.09	02:49:53.914	0.83456	0.83457			6
2025.01.09	02:49:54.556	0.83455	0.83456			6
2025.01.09	02:50:01.171	0.83455				2
2025.01.09	02:50:02.566	0.83454	0.83455			6
2025.01.09	02:50:04.292	0.83455	0.83456			6
2025.01.09	02:50:04.791	0.83456	0.83457			6
2025.01.09	02:50:08.110	0.83455	0.83456			6
2025.01.09	02:50:08.433	0.83456	0.83457			6
2025.01.09	02:50:12.937	0.83455	0.83456			6
2025.01.09	02:50:14.794	0.83456	0.83457			6
2025.01.09	02:50:15.480	0.83454	0.83455			6
2025.01.09	02:50:17.455	0.83455	0.83456			6
2025.01.09	02:50:19.884	0.83456	0.83457			6
2025.01.09	02:50:22.349	0.83454	0.83455			6
2025.01.09	02:50:24.896	0.83455	0.83456			6
2025.01.09	02:50:25.204	0.83458	0.83459			6
2025.01.09	02:50:25.523	0.83460	0.83461			6
2025.01.09	02:50:25.825	0.83457	0.83458			6
2025.01.09	02:50:28.002	0.83456	0.83457			6
2025.01.09	02:50:28.317	0.83457	0.83458			6
2025.01.09	02:50:29.824	0.83456	0.83457			6
2025.01.09	02:50:40.922	0.83455	0.83456			6
2025.01.09	02:50:51.305	0.83454	0.83455			6
2025.01.09	02:50:52.066	0.83455	0.83456			6
2025.01.09	02:51:00.354	0.83455				2
2025.01.09	02:51:01.518	0.83456	0.83457			6
2025.01.09	02:51:01.949	0.83455	0.83456			6
2025.01.09	02:51:02.343	0.83456	0.83457			6
2025.01.09	02:51:04.982	0.83455	0.83456			6
2025.01.09	02:51:05.390	0.83456	0.83457			6
2025.01.09	02:51:21.679	0.83455	0.83456			6
2025.01.09	02:51:28.406	0.83456	0.83457			6
2025.01.09	02:51:33.176	0.83455	0.83456			6
2025.01.09	02:51:44.441	0.83453	0.83454			6
2025.01.09	02:51:44.748	0.83452	0.83453			6
2025.01.09	02:51:46.084	0.83453	0.83454			6
2025.01.09	02:52:00.541	0.83453				2
2025.01.09	02:52:02.433	0.83452	0.83453			6
2025.01.09	02:52:15.559		0.83454			4
2025.01.09	02:52:15.865		0.83453			4
2025.01.09	02:52:16.165	0.83450	0.83451			6
2025.01.09	02:52:16.483	0.83449	0.83450			6
2025.01.09	02:52:17.548	0.83450	0.83451			6
2025.01.09	02:52:19.214	0.83451	0.83452			6
2025.01.09	02:52:19.749	0.83450	0.83451			6
2025.01.09	02:52:20.476	0.83449	0.83450			6
2025.01.09	02:52:21.761	0.83450	0.83451			6
2025.01.09	02:52:45.241	0.83453	0.83454			6
2025.01.09	02:52:46.809	0.83452	0.83453			6
2025.01.09	02:52:52.528	0.83453	0.83454			6
2025.01.09	02:52:53.071	0.83454	0.83455			6
2025.01.09	02:52:57.736	0.83453	0.83454			6
2025.01.09	02:53:00.598	0.83454	0.83455			6
2025.01.09	02:53:02.405	0.83453	0.83454			6
2025.01.09	02:53:05.936	0.83454	0.83455			6
2025.01.09	02:53:09.510	0.83455	0.83456			6
2025.01.09	02:53:19.459	0.83456	0.83457			6
2025.01.09	02:53:20.183	0.83454	0.83455			6
2025.01.09	02:53:20.517	0.83455	0.83456			6
2025.01.09	02:53:21.383	0.83454				2
2025.01.09	02:53:21.852		0.83455			4
2025.01.09	02:53:22.492	0.83455	0.83456			6
2025.01.09	02:53:22.852	0.83454	0.83455			6
2025.01.09	02:53:28.849	0.83453	0.83454			6
2025.01.09	02:53:29.695	0.83455	0.83456			6
2025.01.09	02:53:32.495	0.83454	0.83455			6
2025.01.09	02:53:33.122	0.83455	0.83456			6
2025.01.09	02:53:36.194	0.83454	0.83455			6
2025.01.09	02:53:42.848	0.83453	0.83454			6
2025.01.09	02:53:46.314	0.83454	0.83455			6
2025.01.09	02:53:46.655	0.83453	0.83454			6
2025.01.09	02:53:46.967	0.83454	0.83455			6
2025.01.09	02:53:47.790	0.83452	0.83453			6
2025.01.09	02:53:48.593	0.83454	0.83455			6
2025.01.09	02:53:51.369	0.83453	0.83454			6
2025.01.09	02:53:52.943	0.83454	0.83455			6
2025.01.09	02:53:55.569	0.83455	0.83456			6
2025.01.09	02:53:57.596	0.83454	0.83455			6
2025.01.09	02:53:58.644	0.83453	0.83454			6
2025.01.09	02:54:00.648	0.83453				2
2025.01.09	02:54:03.633	0.83454	0.83455			6
2025.01.09	02:54:04.455	0.83453	0.83454			6
2025.01.09	02:54:05.158	0.83454	0.83455			6
2025.01.09	02:54:05.792	0.83453	0.83454			6
2025.01.09	02:54:07.127	0.83451	0.83452			6
2025.01.09	02:54:08.128	0.83450	0.83451			6
2025.01.09	02:54:10.227	0.83451	0.83452			6
2025.01.09	02:54:10.872	0.83452	0.83453			6
2025.01.09	02:54:11.806	0.83451	0.83452			6
2025.01.09	02:54:12.244	0.83450	0.83451			6
2025.01.09	02:54:27.966	0.83448	0.83449			6
2025.01.09	02:54:29.939	0.83449	0.83450			6
2025.01.09	02:54:37.933	0.83450	0.83451			6
2025.01.09	02:54:39.470	0.83449	0.83450			6
2025.01.09	02:54:43.277	0.83451	0.83452			6
2025.01.09	02:54:43.613	0.83450	0.83451			6
2025.01.09	02:54:44.356	0.83451	0.83452			6
2025.01.09	02:54:45.298	0.83450	0.83451			6
2025.01.09	02:54:45.787	0.83451	0.83452			6
2025.01.09	02:54:46.288	0.83450	0.83451			6
2025.01.09	02:54:46.688	0.83448	0.83449			6
2025.01.09	02:54:47.004	0.83447	0.83448			6
2025.01.09	02:54:48.368	0.83446	0.83447			6
2025.01.09	02:54:48.713	0.83447	0.83448			6
2025.01.09	02:54:49.024	0.83448	0.83449			6
2025.01.09	02:54:49.850	0.83447	0.83448			6
2025.01.09	02:54:50.599	0.83448	0.83449			6
2025.01.09	02:54:51.562	0.83449	0.83450			6
2025.01.09	02:54:54.317	0.83450	0.83451			6
2025.01.09	02:54:55.298	0.83449	0.83450			6
2025.01.09	02:54:55.604	0.83450	0.83451			6
2025.01.09	02:54:55.924	0.83449	0.83450			6
2025.01.09	02:54:56.244	0.83447	0.83449			6
2025.01.09	02:54:56.595		0.83448			4
2025.01.09	02:54:57.105	0.83446	0.83447			6
2025.01.09	02:54:59.344	0.83445	0.83446			6
2025.01.09	02:54:59.965	0.83446	0.83447			6
2025.01.09	02:55:00.273	0.83445	0.83446			6
2025.01.09	02:55:00.584	0.83444	0.83445			6
2025.01.09	02:55:00.924	0.83445	0.83446			6
2025.01.09	02:55:05.492	0.83446	0.83447			6
2025.01.09	02:55:08.357	0.83445	0.83446			6
2025.01.09	02:55:09.191	0.83443	0.83444			6
2025.01.09	02:55:10.356	0.83444	0.83445			6
2025.01.09	02:55:14.713	0.83447	0.83448			6
2025.01.09	02:55:19.377	0.83448	0.83449			6
2025.01.09	02:55:20.952	0.83450	0.83451			6
2025.01.09	02:55:21.588	0.83451	0.83452			6
2025.01.09	02:55:26.346	0.83452	0.83453			6
2025.01.09	02:55:26.679	0.83453	0.83454			6
2025.01.09	02:55:26.983	0.83452	0.83453			6
2025.01.09	02:55:27.301	0.83453	0.83454			6
2025.01.09	02:55:27.617	0.83452	0.83453			6
2025.01.09	02:55:28.192	0.83455	0.83456			6
2025.01.09	02:55:28.616	0.83454	0.83455			6
2025.01.09	02:55:32.877	0.83457	0.83459			6
2025.01.09	02:55:33.920		0.83458			4
2025.01.09	02:55:34.615	0.83456	0.83457			6
2025.01.09	02:55:36.350	0.83455	0.83456			6
2025.01.09	02:55:37.261	0.83456	0.83457			6
2025.01.09	02:55:37.834	0.83455	0.83456			6
2025.01.09	02:55:43.122	0.83456	0.83457			6
2025.01.09	02:55:43.981	0.83455	0.83456			6
2025.01.09	02:55:44.916	0.83456	0.83457			6
2025.01.09	02:55:47.371	0.83451	0.83452			6
2025.01.09	02:55:48.003	0.83453	0.83454			6
2025.01.09	02:55:48.319	0.83452	0.83453			6
2025.01.09	02:55:48.630	0.83453	0.83454			6
2025.01.09	02:55:52.351	0.83455	0.83456			6
2025.01.09	02:55:53.417	0.83456	0.83457			6
2025.01.09	02:55:53.926	0.83455	0.83456			6
2025.01.09	02:55:54.248	0.83456	0.83457			6
2025.01.09	02:55:57.380	0.83458	0.83459			6
2025.01.09	02:55:58.899	0.83459	0.83460			6
2025.01.09	02:55:59.272	0.83460	0.83461			6
2025.01.09	02:56:00.361	0.83460				2
2025.01.09	02:56:00.662	0.83459				2
2025.01.09	02:56:01.343	0.83460				2
2025.01.09	02:56:01.646	0.83459	0.83460			6
2025.01.09	02:56:02.669	0.83458	0.83459			6
2025.01.09	02:56:03.129	0.83457				2
2025.01.09	02:56:03.501	0.83458				2
2025.01.09	02:56:04.087	0.83457				2
2025.01.09	02:56:06.841	0.83458	0.83461			6
2025.01.09	02:56:07.142	0.83460				2
2025.01.09	02:56:07.752	0.83459	0.83460			6
2025.01.09	02:56:08.081	0.83460	0.83461			6
2025.01.09	02:56:10.088	0.83459	0.83460			6
2025.01.09	02:56:10.535	0.83460	0.83461			6
2025.01.09	02:56:10.845	0.83462	0.83463			6
2025.01.09	02:56:11.147	0.83463	0.83464			6
2025.01.09	02:56:11.855	0.83464	0.83465			6
2025.01.09	02:56:17.401	0.83463	0.83464			6
2025.01.09	02:56:18.718	0.83462	0.83463			6
2025.01.09	02:56:23.443	0.83461	0.83462			6
2025.01.09	02:56:23.815	0.83462	0.83463			6
2025.01.09	02:56:28.423	0.83463	0.83464			6
2025.01.09	02:56:33.380	0.83461	0.83462			6
2025.01.09	02:56:41.587	0.83460	0.83461			6
2025.01.09	02:56:43.377	0.83461	0.83462			6
2025.01.09	02:56:44.185	0.83460	0.83461			6
2025.01.09	02:56:44.572	0.83462	0.83463			6
2025.01.09	02:56:49.401	0.83461	0.83462			6
2025.01.09	02:56:55.331	0.83460	0.83461			6
2025.01.09	02:56:55.632	0.83459	0.83460			6
2025.01.09	02:56:56.001	0.83458				2
2025.01.09	02:56:59.371	0.83460	0.83461			6
2025.01.09	02:57:00.408	0.83461	0.83462			6
2025.01.09	02:57:02.346	0.83460	0.83461			6
2025.01.09	02:57:04.333	0.83459	0.83460			6
2025.01.09	02:57:04.737	0.83460	0.83461			6
2025.01.09	02:57:09.172	0.83461	0.83462			6
2025.01.09	02:57:14.975	0.83462	0.83463			6
2025.01.09	02:57:15.740	0.83460	0.83461			6
2025.01.09	02:57:18.642	0.83461	0.83462			6
2025.01.09	02:57:19.698	0.83462	0.83463			6
2025.01.09	02:57:20.381	0.83461	0.83462			6
2025.01.09	02:57:23.306	0.83460	0.83461			6
2025.01.09	02:57:29.675	0.83461	0.83462			6
2025.01.09	02:57:30.371	0.83458	0.83459			6
2025.01.09	02:57:30.682		0.83461			4
2025.01.09	02:57:31.861		0.83459			4
2025.01.09	02:57:36.151	0.83459	0.83460			6
2025.01.09	02:57:38.126	0.83460	0.83461			6
2025.01.09	02:57:38.443	0.83459	0.83460			6
2025.01.09	02:57:41.917	0.83458				2
2025.01.09	02:57:42.389	0.83460	0.83461			6
2025.01.09	02:57:46.337	0.83461	0.83462			6
2025.01.09	02:57:47.371	0.83460	0.83461			6
2025.01.09	02:57:48.204	0.83461	0.83462			6
2025.01.09	02:57:59.856	0.83462	0.83463			6
2025.01.09	02:58:00.362	0.83463	0.83464			6
2025.01.09	02:58:00.663	0.83462	0.83463			6
2025.01.09	02:58:01.282	0.83463	0.83464			6
2025.01.09	02:58:01.591	0.83462	0.83463			6
2025.01.09	02:58:06.837	0.83461	0.83462			6
2025.01.09	02:58:07.467	0.83462	0.83463			6
2025.01.09	02:58:10.374	0.83463	0.83464			6
2025.01.09	02:58:14.716	0.83461	0.83462			6
2025.01.09	02:58:16.024	0.83462	0.83463			6
2025.01.09	02:58:17.146	0.83461	0.83462			6
2025.01.09	02:58:17.450	0.83462	0.83463			6
2025.01.09	02:58:18.742	0.83463	0.83464			6
2025.01.09	02:58:19.214	0.83462	0.83463			6
2025.01.09	02:58:19.843	0.83461	0.83462			6
2025.01.09	02:58:21.834	0.83462	0.83463			6
2025.01.09	02:58:27.527	0.83461	0.83462			6
2025.01.09	02:58:30.305	0.83462	0.83463			6
2025.01.09	02:58:32.086	0.83461	0.83462			6
2025.01.09	02:58:33.941	0.83462	0.83463			6
2025.01.09	02:58:40.202	0.83461	0.83462			6
2025.01.09	02:58:40.508	0.83460				2
2025.01.09	02:58:41.748	0.83459	0.83460			6
2025.01.09	02:58:42.058		0.83461			4
2025.01.09	02:58:42.363		0.83460			4
2025.01.09	02:58:43.446	0.83460	0.83461			6
2025.01.09	02:58:44.078	0.83458				2
2025.01.09	02:58:45.367	0.83460				2
2025.01.09	02:58:45.771	0.83461	0.83462			6
2025.01.09	02:58:47.105	0.83462	0.83463			6
2025.01.09	02:58:48.417	0.83461	0.83462			6
2025.01.09	02:58:49.140	0.83460	0.83461			6
2025.01.09	02:58:51.272	0.83458	0.83459			6
2025.01.09	02:58:54.301	0.83459	0.83460			6
2025.01.09	02:58:55.378	0.83455	0.83458			6
2025.01.09	02:58:55.682	0.83454	0.83455			6
2025.01.09	02:58:56.336	0.83455	0.83456			6
2025.01.09	02:58:58.082	0.83454	0.83455			6
2025.01.09	02:59:00.176	0.83454				2
2025.01.09	02:59:00.537	0.83457	0.83458			6
2025.01.09	02:59:01.466	0.83456	0.83457			6
2025.01.09	02:59:02.251	0.83455	0.83456			6
2025.01.09	02:59:03.996	0.83454	0.83455			6
2025.01.09	02:59:05.975	0.83455	0.83456			6
2025.01.09	02:59:06.348	0.83457	0.83458			6
2025.01.09	02:59:07.380	0.83458	0.83459			6
2025.01.09	02:59:08.351	0.83459	0.83461			6
2025.01.09	02:59:08.654	0.83460				2
2025.01.09	02:59:09.351	0.83459	0.83460			6
2025.01.09	02:59:10.395	0.83461	0.83462			6
2025.01.09	02:59:11.042		0.83463			4
2025.01.09	02:59:11.375	0.83463	0.83464			6
2025.01.09	02:59:11.714	0.83465	0.83466			6
2025.01.09	02:59:13.646	0.83462	0.83463			6
2025.01.09	02:59:15.245	0.83461	0.83462			6
2025.01.09	02:59:17.427	0.83460	0.83461			6
2025.01.09	02:59:18.258	0.83461	0.83462			6
2025.01.09	02:59:19.386	0.83460	0.83461			6
2025.01.09	02:59:20.418	0.83461	0.83462			6
2025.01.09	02:59:20.859	0.83460	0.83461			6
2025.01.09	02:59:21.160	0.83461	0.83462			6
2025.01.09	02:59:40.571	0.83462	0.83463			6
2025.01.09	02:59:51.186	0.83463	0.83464			6
2025.01.09	02:59:51.972	0.83464	0.83465			6
2025.01.09	02:59:54.900	0.83463	0.83464			6
2025.01.09	02:59:59.320	0.83464	0.83465			6
2025.01.09	02:59:59.623	0.83463	0.83464			6
2025.01.09	03:00:00.055	0.83463				2
2025.01.09	03:00:00.363	0.83464	0.83465			6
2025.01.09	03:00:00.676	0.83462	0.83463			6
2025.01.09	03:00:01.419		0.83465			4
2025.01.09	03:00:01.728	0.83460	0.83461			6
2025.01.09	03:00:02.219	0.83461	0.83462			6
2025.01.09	03:00:03.289	0.83460	0.83461			6
2025.01.09	03:00:03.613	0.83461	0.83462			6
2025.01.09	03:00:03.978	0.83460	0.83461			6
2025.01.09	03:00:06.812	0.83458	0.83459			6
2025.01.09	03:00:08.347	0.83456	0.83457			6
2025.01.09	03:00:11.372	0.83457	0.83459			6
2025.01.09	03:00:11.704	0.83458				2
2025.01.09	03:00:12.347	0.83459	0.83460			6
2025.01.09	03:00:14.314	0.83458				2
2025.01.09	03:00:14.780	0.83459				2
2025.01.09	03:00:15.083		0.83461			4
2025.01.09	03:00:16.388	0.83456	0.83457			6
2025.01.09	03:00:19.727	0.83457	0.83458			6
2025.01.09	03:00:21.023	0.83456	0.83457			6
2025.01.09	03:00:21.343	0.83457	0.83458			6
2025.01.09	03:00:22.281	0.83458	0.83459			6
2025.01.09	03:00:22.583	0.83459	0.83460			6
2025.01.09	03:00:22.975	0.83458	0.83459			6
2025.01.09	03:00:23.282	0.83457				2
2025.01.09	03:00:24.688		0.83458			4
2025.01.09	03:00:25.583	0.83456	0.83457			6
2025.01.09	03:00:26.376	0.83458	0.83459			6
2025.01.09	03:00:28.166	0.83459	0.83460			6
2025.01.09	03:00:28.468	0.83458	0.83459			6
2025.01.09	03:00:29.259	0.83457	0.83458			6
2025.01.09	03:00:33.073	0.83456				2
2025.01.09	03:00:33.400	0.83457				2
2025.01.09	03:00:34.350	0.83458	0.83459			6
2025.01.09	03:00:35.024	0.83459	0.83460			6
2025.01.09	03:00:38.051	0.83458				2
2025.01.09	03:00:38.378	0.83459				2
2025.01.09	03:00:38.684	0.83458	0.83459			6
2025.01.09	03:00:40.127	0.83459	0.83460			6
2025.01.09	03:00:40.481	0.83456	0.83457			6
2025.01.09	03:00:42.312		0.83458			4
2025.01.09	03:00:42.634	0.83457				2
2025.01.09	03:00:43.294	0.83455	0.83456			6
2025.01.09	03:00:43.908	0.83454	0.83455			6
2025.01.09	03:00:46.280	0.83452	0.83453			6
2025.01.09	03:00:46.582	0.83453	0.83454			6
2025.01.09	03:00:48.904	0.83454	0.83455			6
2025.01.09	03:00:49.209	0.83457	0.83458			6
2025.01.09	03:00:49.526	0.83456	0.83457			6
2025.01.09	03:00:52.406	0.83457	0.83458			6
2025.01.09	03:00:54.483	0.83454	0.83455			6
2025.01.09	03:00:56.701	0.83453	0.83454			6
2025.01.09	03:01:00.067	0.83453				2
2025.01.09	03:01:00.599	0.83455	0.83456			6
2025.01.09	03:01:00.904	0.83454	0.83455			6
2025.01.09	03:01:01.276	0.83453	0.83454			6
2025.01.09	03:01:01.576	0.83454	0.83455			6
2025.01.09	03:01:01.971	0.83455	0.83456			6
2025.01.09	03:01:03.862	0.83456	0.83457			6
2025.01.09	03:01:04.172	0.83455	0.83456			6
2025.01.09	03:01:10.929	0.83454	0.83455			6
2025.01.09	03:01:11.379	0.83455	0.83456			6
2025.01.09	03:01:12.936	0.83454	0.83455			6
2025.01.09	03:01:13.271	0.83452	0.83453			6
2025.01.09	03:01:13.583	0.83453	0.83454			6
2025.01.09	03:01:13.888	0.83454	0.83455			6
2025.01.09	03:01:16.217	0.83453	0.83454			6
2025.01.09	03:01:18.681	0.83455	0.83456			6
2025.01.09	03:01:21.264	0.83456	0.83457			6
2025.01.09	03:01:26.890	0.83457	0.83458			6
2025.01.09	03:01:27.586	0.83456	0.83457			6
2025.01.09	03:01:28.419	0.83455	0.83456			6
2025.01.09	03:01:30.585	0.83456	0.83457			6
2025.01.09	03:01:32.211	0.83457	0.83458			6
2025.01.09	03:01:32.574	0.83456	0.83457			6
2025.01.09	03:01:38.174	0.83458	0.83459			6
2025.01.09	03:01:38.485	0.83457	0.83458			6
2025.01.09	03:01:38.817	0.83458	0.83459			6
2025.01.09	03:01:39.705	0.83456	0.83457			6
2025.01.09	03:01:44.459	0.83457	0.83458			6
2025.01.09	03:01:47.022		0.83459			4
2025.01.09	03:01:47.329		0.83458			4
2025.01.09	03:01:47.653	0.83456	0.83457			6
2025.01.09	03:01:48.006		0.83459			4
2025.01.09	03:01:48.326	0.83457	0.83458			6
2025.01.09	03:01:52.123	0.83458	0.83459			6
2025.01.09	03:01:52.861	0.83459	0.83460			6
2025.01.09	03:01:53.162	0.83457	0.83458			6
2025.01.09	03:01:54.781	0.83456	0.83457			6
2025.01.09	03:01:59.278	0.83457	0.83458			6
2025.01.09	03:02:00.057	0.83458	0.83459			6
2025.01.09	03:02:00.685	0.83459	0.83460			6
2025.01.09	03:02:01.324	0.83458	0.83459			6
2025.01.09	03:02:02.888	0.83457	0.83458			6
2025.01.09	03:02:04.753	0.83460	0.83461			6
2025.01.09	03:02:06.781	0.83461	0.83462			6
2025.01.09	03:02:08.112	0.83462	0.83463			6
2025.01.09	03:02:08.422	0.83461	0.83462			6
2025.01.09	03:02:08.737	0.83460	0.83461			6
2025.01.09	03:02:13.412	0.83458	0.83459			6
2025.01.09	03:02:13.715	0.83457	0.83458			6
2025.01.09	03:02:15.829	0.83456	0.83457			6
2025.01.09	03:02:16.350	0.83457	0.83458			6
2025.01.09	03:02:17.341	0.83456	0.83457			6
2025.01.09	03:02:18.772	0.83455	0.83456			6
2025.01.09	03:02:27.369	0.83453	0.83454			6
2025.01.09	03:02:28.007	0.83452	0.83453			6
2025.01.09	03:02:29.210	0.83453	0.83454			6
2025.01.09	03:02:29.847	0.83454	0.83455			6
2025.01.09	03:02:30.170	0.83453	0.83454			6
2025.01.09	03:02:30.578	0.83454	0.83455			6
2025.01.09	03:02:32.618	0.83456	0.83457			6
2025.01.09	03:02:34.755	0.83458	0.83459			6
2025.01.09	03:02:35.437	0.83457	0.83458			6
2025.01.09	03:02:36.117	0.83458	0.83459			6
2025.01.09	03:02:40.617	0.83457	0.83458			6
2025.01.09	03:02:48.095	0.83456	0.83457			6
2025.01.09	03:02:48.864	0.83457	0.83458			6
2025.01.09	03:02:49.823	0.83456	0.83457			6
2025.01.09	03:02:50.387	0.83457	0.83458			6
2025.01.09	03:02:56.810	0.83456	0.83457			6
2025.01.09	03:02:58.136	0.83455	0.83456			6
2025.01.09	03:03:00.098	0.83455				2
2025.01.09	03:03:02.172	0.83456	0.83457			6
2025.01.09	03:03:03.520	0.83457	0.83458			6
2025.01.09	03:03:04.304	0.83458	0.83459			6
2025.01.09	03:03:04.760	0.83457				2
2025.01.09	03:03:05.066	0.83458				2
2025.01.09	03:03:07.350	0.83459	0.83460			6
2025.01.09	03:03:07.796	0.83458				2
2025.01.09	03:03:08.411	0.83457	0.83458			6
2025.01.09	03:03:15.045	0.83458	0.83459			6
2025.01.09	03:03:15.388	0.83455	0.83456			6
2025.01.09	03:03:16.786	0.83457	0.83458			6
2025.01.09	03:03:22.222	0.83456	0.83457			6
2025.01.09	03:03:26.115	0.83458	0.83459			6
2025.01.09	03:03:27.962	0.83457	0.83458			6
2025.01.09	03:03:31.256	0.83456	0.83457			6
2025.01.09	03:03:42.348	0.83455	0.83456			6
2025.01.09	03:03:42.784	0.83456	0.83457			6
2025.01.09	03:03:53.216	0.83454	0.83455			6
2025.01.09	03:03:57.386	0.83456	0.83457			6
2025.01.09	03:04:00.635	0.83455	0.83456			6
2025.01.09	03:04:05.131	0.83456	0.83457			6
2025.01.09	03:04:09.425	0.83454	0.83455			6
2025.01.09	03:04:09.943	0.83456	0.83457			6
2025.01.09	03:04:10.713	0.83455	0.83456			6
2025.01.09	03:04:13.280	0.83456	0.83457			6
2025.01.09	03:04:16.002	0.83457	0.83460			6
2025.01.09	03:04:16.347		0.83459			4
2025.01.09	03:04:17.252		0.83460			4
2025.01.09	03:04:17.619		0.83459			4
2025.01.09	03:04:21.977		0.83458			4
2025.01.09	03:04:22.467		0.83459			4
2025.01.09	03:04:26.319		0.83460			4
2025.01.09	03:04:30.324	0.83458	0.83459			6
2025.01.09	03:04:30.719	0.83457	0.83460			6
2025.01.09	03:04:31.023		0.83459			4
2025.01.09	03:04:31.451		0.83460			4
2025.01.09	03:04:32.644		0.83458			4
2025.01.09	03:04:34.003	0.83458	0.83459			6
2025.01.09	03:04:34.327	0.83457	0.83458			6
2025.01.09	03:04:36.457	0.83456	0.83457			6
2025.01.09	03:04:42.195	0.83457	0.83458			6
2025.01.09	03:04:54.104		0.83459			4
2025.01.09	03:04:54.425	0.83458				2
2025.01.09	03:04:58.090	0.83459	0.83460			6
2025.01.09	03:05:00.350	0.83459				2
2025.01.09	03:05:01.372	0.83458	0.83459			6
2025.01.09	03:05:02.257	0.83459	0.83460			6
2025.01.09	03:05:05.508	0.83458	0.83459			6
