<DATE>	<TIME>	<BID>	<ASK>	<LAST>	<VOLUME>	<FLAGS>
2025.07.07	00:03:30.181	0.86192	0.86388			6
2025.07.07	00:03:38.689	0.86188	0.86384			6
2025.07.07	00:03:46.257	0.86178	0.86374			6
2025.07.07	00:04:00.178	0.86178				2
2025.07.07	00:04:05.018	0.86185	0.86381			6
2025.07.07	00:04:20.455	0.86186	0.86382			6
2025.07.07	00:05:00.086	0.86186				2
2025.07.07	00:05:09.281	0.86209	0.86405			6
2025.07.07	00:05:09.890	0.86208	0.86404			6
2025.07.07	00:05:12.018	0.86210	0.86406			6
2025.07.07	00:05:14.760	0.86211	0.86407			6
2025.07.07	00:05:16.882	0.86190	0.86386			6
2025.07.07	00:05:30.800	0.86189	0.86385			6
2025.07.07	00:05:31.407	0.86186	0.86382			6
2025.07.07	00:05:37.454	0.86187	0.86383			6
2025.07.07	00:05:37.754	0.86186	0.86382			6
2025.07.07	00:05:38.359	0.86187	0.86383			6
2025.07.07	00:05:38.975	0.86188	0.86384			6
2025.07.07	00:05:40.813	0.86189	0.86385			6
2025.07.07	00:05:42.325	0.86190	0.86386			6
2025.07.07	00:05:49.280	0.86191	0.86387			6
2025.07.07	00:05:55.332	0.86192	0.86388			6
2025.07.07	00:05:58.662	0.86191	0.86387			6
2025.07.07	00:06:00.174	0.86191				2
2025.07.07	00:06:00.779	0.86192	0.86388			6
2025.07.07	00:06:03.502	0.86189	0.86385			6
2025.07.07	00:06:04.105	0.86184	0.86380			6
2025.07.07	00:06:06.221	0.86185	0.86381			6
2025.07.07	00:06:11.364	0.86184	0.86380			6
2025.07.07	00:06:25.888	0.86186	0.86382			6
2025.07.07	00:06:41.338	0.86187	0.86383			6
2025.07.07	00:06:42.851	0.86188	0.86384			6
2025.07.07	00:07:00.118	0.86188				2
2025.07.07	00:07:07.076	0.86189	0.86385			6
2025.07.07	00:07:14.641	0.86188	0.86384			6
2025.07.07	00:07:15.851	0.86189	0.86385			6
2025.07.07	00:07:41.877	0.86190	0.86386			6
2025.07.07	00:07:43.996	0.86206	0.86402			6
2025.07.07	00:07:44.300	0.86202	0.86398			6
2025.07.07	00:08:00.041	0.86202				2
2025.07.07	00:08:02.765	0.86196	0.86392			6
2025.07.07	00:08:11.541	0.86192	0.86388			6
2025.07.07	00:08:12.750	0.86193	0.86389			6
2025.07.07	00:08:13.356	0.86194	0.86390			6
2025.07.07	00:08:16.688	0.86195	0.86391			6
2025.07.07	00:08:17.294	0.86196	0.86392			6
2025.07.07	00:08:18.504	0.86200	0.86396			6
2025.07.07	00:08:25.770	0.86201	0.86397			6
2025.07.07	00:08:26.980	0.86202	0.86398			6
2025.07.07	00:08:27.891	0.86201	0.86397			6
2025.07.07	00:08:29.402	0.86202	0.86398			6
2025.07.07	00:08:48.181	0.86198	0.86394			6
2025.07.07	00:09:00.303	0.86198				2
2025.07.07	00:09:08.195	0.86201	0.86397			6
2025.07.07	00:09:17.600	0.86200	0.86396			6
2025.07.07	00:09:20.029	0.86201	0.86397			6
2025.07.07	00:09:36.717	0.86199	0.86395			6
2025.07.07	00:09:38.533	0.86198	0.86394			6
2025.07.07	00:09:48.549	0.86199	0.86395			6
2025.07.07	00:09:53.998	0.86203	0.86396			6
2025.07.07	00:09:58.889		0.86397			4
2025.07.07	00:10:00.099	0.86203				2
2025.07.07	00:10:00.403	0.86177	0.86370			6
2025.07.07	00:10:02.956	0.86175				2
2025.07.07	00:10:04.234	0.86179	0.86372			6
2025.07.07	00:10:29.480	0.86184	0.86368			6
2025.07.07	00:10:30.556	0.86183				2
2025.07.07	00:10:34.453	0.86186	0.86365			6
2025.07.07	00:10:42.857	0.86187				2
2025.07.07	00:10:45.417	0.86186				2
2025.07.07	00:10:47.057	0.86185	0.86366			6
2025.07.07	00:10:47.694		0.86365			4
2025.07.07	00:10:51.608	0.86182	0.86364			6
2025.07.07	00:11:00.407	0.86182				2
2025.07.07	00:11:12.864		0.86363			4
2025.07.07	00:11:17.359	0.86183				2
2025.07.07	00:11:46.066	0.86184	0.86361			6
2025.07.07	00:11:50.407	0.86185				2
2025.07.07	00:12:00.559	0.86185				2
2025.07.07	00:12:15.547	0.86190	0.86364			6
2025.07.07	00:12:28.456		0.86363			4
2025.07.07	00:13:04.459	0.86190				2
2025.07.07	00:13:20.058	0.86180	0.86360			6
2025.07.07	00:13:20.663		0.86361			4
2025.07.07	00:13:32.061		0.86360			4
2025.07.07	00:13:47.575	0.86184	0.86361			6
2025.07.07	00:13:48.857	0.86183				2
2025.07.07	00:13:50.357	0.86180				2
2025.07.07	00:13:53.659	0.86181				2
2025.07.07	00:13:57.256	0.86182				2
2025.07.07	00:13:57.616	0.86181	0.86360			6
2025.07.07	00:13:59.153	0.86177				2
2025.07.07	00:14:00.858	0.86177				2
2025.07.07	00:14:12.556	0.86178				2
2025.07.07	00:14:18.557	0.86180	0.86358			6
2025.07.07	00:14:22.569	0.86179				2
2025.07.07	00:14:23.657	0.86178	0.86359			6
2025.07.07	00:14:24.647	0.86170				2
2025.07.07	00:14:30.931		0.86357			4
2025.07.07	00:14:38.360		0.86356			4
2025.07.07	00:14:43.883	0.86177				2
2025.07.07	00:15:00.259	0.86177				2
2025.07.07	00:15:00.833	0.86174	0.86360			6
2025.07.07	00:15:02.659	0.86173				2
2025.07.07	00:15:04.462	0.86174	0.86359			6
2025.07.07	00:15:20.661	0.86175	0.86358			6
2025.07.07	00:15:35.367	0.86170	0.86347			6
2025.07.07	00:15:37.159	0.86171				2
2025.07.07	00:15:38.359	0.86170				2
2025.07.07	00:15:42.757	0.86168				2
2025.07.07	00:15:51.257	0.86171				2
2025.07.07	00:15:56.657	0.86172				2
2025.07.07	00:16:00.259	0.86172				2
2025.07.07	00:16:12.855	0.86173	0.86346			6
2025.07.07	00:16:34.776	0.86185	0.86333			6
2025.07.07	00:16:35.376	0.86184	0.86334			6
2025.07.07	00:16:47.358	0.86185				2
2025.07.07	00:16:50.661	0.86184				2
2025.07.07	00:16:58.460	0.86185				2
2025.07.07	00:17:00.558	0.86184				2
2025.07.07	00:17:02.661	0.86185				2
2025.07.07	00:17:11.056	0.86186	0.86333			6
2025.07.07	00:17:11.357		0.86332			4
2025.07.07	00:17:13.459		0.86333			4
2025.07.07	00:17:15.257		0.86332			4
2025.07.07	00:17:20.375	0.86185	0.86333			6
2025.07.07	00:17:23.658	0.86186				2
2025.07.07	00:17:24.285	0.86185				2
2025.07.07	00:17:27.018	0.86186				2
2025.07.07	00:17:35.118	0.86187	0.86331			6
2025.07.07	00:17:36.562		0.86332			4
2025.07.07	00:17:37.763		0.86331			4
2025.07.07	00:17:50.959	0.86188				2
2025.07.07	00:17:59.957		0.86330			4
2025.07.07	00:18:02.960	0.86189				2
2025.07.07	00:18:10.705	0.86188				2
2025.07.07	00:18:20.377	0.86187				2
2025.07.07	00:18:22.157	0.86188				2
2025.07.07	00:18:25.159	0.86187				2
2025.07.07	00:18:28.761	0.86188				2
2025.07.07	00:18:35.373	0.86187	0.86331			6
2025.07.07	00:18:46.107	0.86188				2
2025.07.07	00:18:55.969	0.86189	0.86329			6
2025.07.07	00:19:02.356	0.86189				2
2025.07.07	00:19:05.373	0.86188	0.86330			6
2025.07.07	00:19:20.659	0.86187				2
2025.07.07	00:19:40.817	0.86189	0.86329			6
2025.07.07	00:19:43.056	0.86190	0.86327			6
2025.07.07	00:19:44.060	0.86189	0.86329			6
2025.07.07	00:19:50.376	0.86188	0.86330			6
2025.07.07	00:20:00.558	0.86189				2
2025.07.07	00:20:15.328	0.86197				2
2025.07.07	00:20:17.192	0.86206				2
2025.07.07	00:20:26.068	0.86207	0.86328			6
2025.07.07	00:20:33.339	0.86201				2
2025.07.07	00:20:35.375	0.86200	0.86329			6
2025.07.07	00:20:50.959	0.86199				2
2025.07.07	00:20:51.429	0.86195				2
2025.07.07	00:20:52.531	0.86199				2
2025.07.07	00:21:00.560	0.86199				2
2025.07.07	00:21:04.758	0.86198	0.86330			6
2025.07.07	00:21:10.921	0.86200	0.86329			6
2025.07.07	00:21:20.352	0.86201				2
2025.07.07	00:21:20.657	0.86200	0.86330			6
2025.07.07	00:21:26.875	0.86195				2
2025.07.07	00:21:30.409	0.86191	0.86329			6
2025.07.07	00:21:31.367	0.86195				2
2025.07.07	00:21:36.856		0.86330			4
2025.07.07	00:21:44.061	0.86198	0.86327			6
2025.07.07	00:21:56.178	0.86200	0.86325			6
2025.07.07	00:22:05.376	0.86198	0.86327			6
2025.07.07	00:22:31.459	0.86194				2
2025.07.07	00:22:33.015	0.86197				2
2025.07.07	00:22:40.760	0.86200	0.86325			6
2025.07.07	00:22:50.381	0.86198	0.86327			6
2025.07.07	00:23:01.157	0.86197				2
2025.07.07	00:23:04.759	0.86198				2
2025.07.07	00:23:25.156	0.86197				2
2025.07.07	00:23:25.864	0.86199	0.86325			6
2025.07.07	00:23:26.875	0.86200				2
2025.07.07	00:23:30.899	0.86201	0.86327			6
2025.07.07	00:23:32.357	0.86202				2
2025.07.07	00:23:32.660	0.86200	0.86325			6
2025.07.07	00:23:35.059	0.86199	0.86326			6
2025.07.07	00:23:35.657	0.86198				2
2025.07.07	00:23:40.543	0.86189	0.86321			6
2025.07.07	00:23:44.658		0.86320			4
2025.07.07	00:23:50.660		0.86321			4
2025.07.07	00:23:54.557		0.86320			4
2025.07.07	00:24:08.965	0.86189				2
2025.07.07	00:24:11.124		0.86318			4
2025.07.07	00:24:12.698		0.86313			4
2025.07.07	00:24:29.258	0.86168				2
2025.07.07	00:24:36.856		0.86312			4
2025.07.07	00:24:48.353	0.86171	0.86310			6
2025.07.07	00:24:57.703	0.86169	0.86311			6
2025.07.07	00:25:00.409	0.86169				2
2025.07.07	00:25:02.898	0.86159	0.86334			6
2025.07.07	00:25:26.490	0.86174				2
2025.07.07	00:25:30.419	0.86169	0.86312			6
2025.07.07	00:25:33.602	0.86171	0.86310			6
2025.07.07	00:25:36.258	0.86163				2
2025.07.07	00:25:41.580	0.86162				2
2025.07.07	00:25:42.698	0.86161	0.86312			6
2025.07.07	00:25:57.700	0.86160				2
2025.07.07	00:26:00.409	0.86160				2
2025.07.07	00:26:01.760		0.86313			4
2025.07.07	00:26:18.457	0.86162	0.86311			6
2025.07.07	00:26:27.716	0.86160	0.86312			6
2025.07.07	00:26:28.761	0.86161	0.86313			6
2025.07.07	00:26:42.858	0.86160				2
2025.07.07	00:26:43.786	0.86162	0.86312			6
2025.07.07	00:26:45.558	0.86163	0.86311			6
2025.07.07	00:26:53.958	0.86162				2
2025.07.07	00:26:56.268	0.86161				2
2025.07.07	00:27:00.690	0.86161	0.86312			6
2025.07.07	00:27:03.301	0.86163	0.86309			6
2025.07.07	00:27:12.480	0.86161	0.86311			6
2025.07.07	00:27:21.260		0.86312			4
2025.07.07	00:27:29.957	0.86160				2
2025.07.07	00:27:42.837	0.86163				2
2025.07.07	00:27:48.149	0.86165	0.86310			6
2025.07.07	00:27:57.705	0.86163	0.86312			6
2025.07.07	00:28:00.409	0.86163				2
2025.07.07	00:28:13.463	0.86162	0.86313			6
2025.07.07	00:28:33.399	0.86164	0.86311			6
2025.07.07	00:28:42.702	0.86163	0.86312			6
2025.07.07	00:28:44.058	0.86162	0.86313			6
2025.07.07	00:29:07.463	0.86162				2
2025.07.07	00:29:13.459		0.86314			4
2025.07.07	00:29:18.250	0.86164	0.86311			6
2025.07.07	00:29:18.905	0.86162				2
2025.07.07	00:29:19.512	0.86160				2
2025.07.07	00:29:31.708	0.86169	0.86308			6
2025.07.07	00:29:32.817	0.86166				2
2025.07.07	00:29:34.058	0.86168	0.86309			6
2025.07.07	00:29:42.856		0.86308			4
2025.07.07	00:30:00.379	0.86205	0.86318			6
2025.07.07	00:30:00.883	0.86211				2
2025.07.07	00:30:01.460	0.86186				2
2025.07.07	00:30:01.766	0.86172				2
2025.07.07	00:30:02.069	0.86213				2
2025.07.07	00:30:02.662	0.86159				2
2025.07.07	00:30:13.133	0.86183				2
2025.07.07	00:31:02.357	0.86183	0.86318			6
2025.07.07	00:31:12.961	0.86200				2
2025.07.07	00:31:13.265	0.86201				2
2025.07.07	00:31:14.343	0.86159				2
2025.07.07	00:31:19.498	0.86206				2
2025.07.07	00:31:19.835	0.86207				2
2025.07.07	00:31:20.340	0.86201				2
2025.07.07	00:31:20.669	0.86212				2
2025.07.07	00:31:21.070	0.86189				2
2025.07.07	00:31:26.565	0.86211				2
2025.07.07	00:31:27.067	0.86173				2
2025.07.07	00:31:27.384	0.86159				2
2025.07.07	00:31:40.757	0.86163				2
2025.07.07	00:31:41.059	0.86206				2
2025.07.07	00:31:41.364	0.86159				2
2025.07.07	00:32:00.389	0.86159				2
2025.07.07	00:32:02.657		0.86318			4
2025.07.07	00:32:11.621	0.86206				2
2025.07.07	00:32:11.958	0.86212				2
2025.07.07	00:32:13.151	0.86218				2
2025.07.07	00:32:13.653	0.86159				2
2025.07.07	00:32:30.709	0.86191				2
2025.07.07	00:32:31.019	0.86208				2
2025.07.07	00:32:31.685	0.86159				2
2025.07.07	00:32:39.568	0.86197				2
2025.07.07	00:32:39.882	0.86172				2
2025.07.07	00:32:40.198	0.86159				2
2025.07.07	00:32:47.167	0.86206				2
2025.07.07	00:32:47.541	0.86205				2
2025.07.07	00:32:48.044	0.86198				2
2025.07.07	00:32:48.356	0.86216				2
2025.07.07	00:32:49.043	0.86217				2
2025.07.07	00:32:49.542	0.86159				2
2025.07.07	00:33:01.332	0.86159				2
2025.07.07	00:33:02.858		0.86318			4
2025.07.07	00:33:04.144	0.86206				2
2025.07.07	00:33:04.474	0.86159				2
2025.07.07	00:33:04.847		0.86315			4
2025.07.07	00:33:09.953		0.86314			4
2025.07.07	00:33:12.695		0.86315			4
2025.07.07	00:33:13.759		0.86314			4
2025.07.07	00:33:22.160		0.86313			4
2025.07.07	00:33:30.627	0.86206	0.86318			6
2025.07.07	00:33:30.935	0.86159	0.86314			6
2025.07.07	00:33:31.960	0.86186	0.86318			6
2025.07.07	00:33:32.279	0.86178				2
2025.07.07	00:33:32.583	0.86190				2
2025.07.07	00:33:33.832	0.86184				2
2025.07.07	00:33:34.146	0.86185				2
2025.07.07	00:33:34.461	0.86159	0.86312			6
2025.07.07	00:33:36.858		0.86311			4
2025.07.07	00:33:39.688		0.86309			4
2025.07.07	00:34:05.707	0.86159				2
2025.07.07	00:34:12.353		0.86311			4
2025.07.07	00:34:12.680	0.86184				2
2025.07.07	00:34:30.408	0.86191				2
2025.07.07	00:34:30.735	0.86182				2
2025.07.07	00:34:31.060	0.86159				2
2025.07.07	00:34:40.536	0.86206				2
2025.07.07	00:34:40.905	0.86159				2
2025.07.07	00:34:41.219	0.86185				2
2025.07.07	00:34:41.519	0.86192				2
2025.07.07	00:34:41.836	0.86184				2
2025.07.07	00:34:42.189	0.86187				2
2025.07.07	00:34:42.525	0.86195				2
2025.07.07	00:34:43.150	0.86209				2
2025.07.07	00:34:43.459	0.86184				2
2025.07.07	00:34:43.766	0.86202				2
2025.07.07	00:34:44.081	0.86159				2
2025.07.07	00:34:44.453	0.86196				2
2025.07.07	00:34:44.758	0.86160				2
2025.07.07	00:34:46.794		0.86310			4
2025.07.07	00:34:49.168	0.86177	0.86311			6
2025.07.07	00:34:49.485	0.86201				2
2025.07.07	00:34:49.785	0.86175				2
2025.07.07	00:34:50.087	0.86159	0.86310			6
2025.07.07	00:34:54.467		0.86311			4
2025.07.07	00:35:01.721	0.86159				2
2025.07.07	00:35:11.416	0.86200				2
2025.07.07	00:35:11.717	0.86202				2
2025.07.07	00:35:12.029	0.86159				2
2025.07.07	00:35:12.365	0.86202				2
2025.07.07	00:35:12.678	0.86181				2
2025.07.07	00:35:13.032	0.86203				2
2025.07.07	00:35:14.279	0.86161	0.86310			6
2025.07.07	00:35:14.960		0.86309			4
2025.07.07	00:35:35.617	0.86159	0.86308			6
2025.07.07	00:35:37.227	0.86160	0.86311			6
2025.07.07	00:35:45.558		0.86310			4
2025.07.07	00:35:49.149		0.86311			4
2025.07.07	00:36:03.786	0.86160				2
2025.07.07	00:36:30.122	0.86159				2
2025.07.07	00:36:49.153		0.86311			4
2025.07.07	00:37:00.413	0.86159				2
2025.07.07	00:37:20.542	0.86167				2
2025.07.07	00:37:49.157		0.86311			4
2025.07.07	00:38:00.122	0.86167				2
2025.07.07	00:38:16.941	0.86174				2
2025.07.07	00:38:18.800	0.86167				2
2025.07.07	00:38:19.316	0.86185				2
2025.07.07	00:38:20.297	0.86162				2
2025.07.07	00:38:22.752	0.86174				2
2025.07.07	00:38:23.278	0.86167				2
2025.07.07	00:38:23.754	0.86176				2
2025.07.07	00:38:24.132	0.86177				2
2025.07.07	00:38:50.359		0.86311			4
2025.07.07	00:38:56.303		0.86307			4
2025.07.07	00:39:01.157	0.86177				2
2025.07.07	00:39:58.759		0.86307			4
2025.07.07	00:40:00.415	0.86177				2
2025.07.07	00:40:48.060	0.86190				2
2025.07.07	00:40:59.057		0.86307			4
2025.07.07	00:41:00.410	0.86190				2
2025.07.07	00:41:09.791	0.86180				2
2025.07.07	00:41:10.157	0.86198				2
2025.07.07	00:41:10.573	0.86182				2
2025.07.07	00:41:11.069	0.86181				2
2025.07.07	00:41:11.377	0.86176				2
2025.07.07	00:41:11.777	0.86199				2
2025.07.07	00:41:12.148	0.86176				2
2025.07.07	00:41:12.529	0.86189				2
2025.07.07	00:41:13.019	0.86176				2
2025.07.07	00:41:13.519	0.86185				2
2025.07.07	00:41:14.025	0.86176				2
2025.07.07	00:41:14.523	0.86192				2
2025.07.07	00:41:14.843	0.86182				2
2025.07.07	00:41:15.265	0.86183				2
2025.07.07	00:41:15.859	0.86185				2
2025.07.07	00:41:16.181	0.86192				2
2025.07.07	00:41:17.757	0.86176				2
2025.07.07	00:41:18.258	0.86179				2
2025.07.07	00:41:18.716	0.86177				2
2025.07.07	00:41:19.109	0.86178				2
2025.07.07	00:41:19.410	0.86176				2
2025.07.07	00:41:19.803	0.86177				2
2025.07.07	00:41:20.142	0.86192				2
2025.07.07	00:41:49.127	0.86195				2
2025.07.07	00:41:59.111		0.86307			4
2025.07.07	00:42:00.257	0.86195				2
2025.07.07	00:42:36.308		0.86308			4
2025.07.07	00:42:49.126	0.86198				2
2025.07.07	00:42:54.303	0.86188				2
2025.07.07	00:43:01.461	0.86188				2
2025.07.07	00:43:11.313		0.86311			4
2025.07.07	00:43:14.141		0.86312			4
2025.07.07	00:43:27.125	0.86189				2
2025.07.07	00:43:27.615	0.86194				2
2025.07.07	00:43:27.956	0.86189				2
2025.07.07	00:43:47.122	0.86188				2
2025.07.07	00:43:47.632	0.86189				2
2025.07.07	00:43:47.947	0.86188				2
2025.07.07	00:44:01.158	0.86188				2
2025.07.07	00:44:09.303		0.86314			4
2025.07.07	00:44:12.940		0.86309			4
2025.07.07	00:44:20.121	0.86187				2
2025.07.07	00:44:20.623	0.86188				2
2025.07.07	00:44:21.257	0.86198				2
2025.07.07	00:44:46.459		0.86314			4
2025.07.07	00:45:00.262	0.86198				2
2025.07.07	00:45:03.151	0.86203	0.86342			6
2025.07.07	00:45:06.532	0.86198	0.86314			6
2025.07.07	00:45:10.216	0.86210	0.86302			6
2025.07.07	00:46:02.127	0.86210				2
2025.07.07	00:46:12.858		0.86302			4
2025.07.07	00:46:15.124	0.86216				2
2025.07.07	00:46:36.717		0.86297			4
2025.07.07	00:46:55.627	0.86208				2
2025.07.07	00:47:00.256	0.86208				2
2025.07.07	00:47:03.008	0.86216	0.86331			6
2025.07.07	00:47:06.678	0.86208	0.86297			6
2025.07.07	00:47:10.121	0.86214				2
2025.07.07	00:47:35.316		0.86312			4
2025.07.07	00:48:01.462	0.86214				2
2025.07.07	00:48:37.913		0.86312			4
2025.07.07	00:49:03.857	0.86214				2
2025.07.07	00:49:10.428	0.86231	0.86310			6
2025.07.07	00:49:20.624	0.86222	0.86318			6
2025.07.07	00:49:21.299	0.86195				2
2025.07.07	00:49:21.857		0.86317			4
2025.07.07	00:49:42.560		0.86316			4
2025.07.07	00:50:00.407	0.86195				2
2025.07.07	00:50:12.257		0.86317			4
2025.07.07	00:50:13.014		0.86316			4
2025.07.07	00:50:14.828	0.86216	0.86317			6
2025.07.07	00:50:27.557		0.86316			4
2025.07.07	00:50:48.455	0.86231	0.86312			6
2025.07.07	00:50:49.244	0.86207	0.86316			6
2025.07.07	00:50:51.859		0.86317			4
2025.07.07	00:50:57.876		0.86319			4
2025.07.07	00:51:00.490	0.86207	0.86320			6
2025.07.07	00:51:20.957		0.86319			4
2025.07.07	00:51:36.123	0.86225	0.86315			6
2025.07.07	00:51:36.624	0.86217	0.86319			6
2025.07.07	00:51:57.880		0.86321			4
2025.07.07	00:52:00.423	0.86217				2
2025.07.07	00:52:59.957		0.86320			4
2025.07.07	00:53:01.158	0.86217				2
2025.07.07	00:53:07.458		0.86321			4
2025.07.07	00:53:10.156		0.86320			4
2025.07.07	00:53:16.156		0.86321			4
2025.07.07	00:53:36.978	0.86192				2
2025.07.07	00:53:51.738		0.86320			4
2025.07.07	00:53:55.459		0.86321			4
2025.07.07	00:54:00.265	0.86192				2
2025.07.07	00:54:20.656		0.86320			4
2025.07.07	00:54:34.158		0.86321			4
2025.07.07	00:54:43.012		0.86325			4
2025.07.07	00:54:48.731	0.86234	0.86327			6
2025.07.07	00:54:52.883		0.86328			4
2025.07.07	00:54:57.257		0.86327			4
2025.07.07	00:54:57.609		0.86329			4
2025.07.07	00:54:59.957		0.86330			4
2025.07.07	00:55:01.159	0.86234				2
2025.07.07	00:55:07.756		0.86329			4
2025.07.07	00:55:23.357		0.86328			4
2025.07.07	00:55:47.056		0.86327			4
2025.07.07	00:55:53.177		0.86328			4
2025.07.07	00:55:58.760		0.86327			4
2025.07.07	00:56:00.451	0.86234	0.86328			6
2025.07.07	00:56:02.657		0.86327			4
2025.07.07	00:56:03.447		0.86328			4
2025.07.07	00:56:05.135		0.86327			4
2025.07.07	00:56:05.453		0.86326			4
2025.07.07	00:56:08.051	0.86231				2
2025.07.07	00:56:28.158		0.86327			4
2025.07.07	00:56:36.149		0.86326			4
2025.07.07	00:57:02.359	0.86231				2
2025.07.07	00:57:03.033	0.86228				2
2025.07.07	00:57:03.558		0.86327			4
2025.07.07	00:57:08.740		0.86326			4
2025.07.07	00:57:24.238	0.86227	0.86330			6
2025.07.07	00:57:24.784		0.86331			4
2025.07.07	00:57:40.160		0.86330			4
2025.07.07	00:57:42.562		0.86331			4
2025.07.07	00:57:44.359		0.86330			4
2025.07.07	00:57:47.079		0.86329			4
2025.07.07	00:57:50.657		0.86328			4
2025.07.07	00:57:58.138		0.86327			4
2025.07.07	00:58:00.410	0.86227	0.86326			6
2025.07.07	00:58:12.557		0.86325			4
2025.07.07	00:58:18.414		0.86331			4
2025.07.07	00:59:00.414	0.86227				2
2025.07.07	00:59:22.555		0.86331			4
2025.07.07	00:59:24.880	0.86172	0.86329			6
2025.07.07	00:59:27.597	0.86173	0.86328			6
2025.07.07	00:59:29.656		0.86329			4
2025.07.07	00:59:31.374		0.86328			4
2025.07.07	00:59:34.459	0.86174				2
2025.07.07	00:59:38.474	0.86176	0.86330			6
2025.07.07	00:59:39.567		0.86329			4
2025.07.07	00:59:40.318	0.86177	0.86328			6
2025.07.07	00:59:41.658	0.86180	0.86326			6
2025.07.07	00:59:44.057		0.86325			4
2025.07.07	00:59:44.792	0.86178	0.86324			6
2025.07.07	00:59:50.592	0.86179				2
2025.07.07	00:59:56.968	0.86178				2
2025.07.07	00:59:59.366	0.86179				2
2025.07.07	01:00:00.308	0.86213	0.86292			6
2025.07.07	01:00:00.619	0.86220	0.86311			6
2025.07.07	01:00:00.933		0.86323			4
2025.07.07	01:00:01.260		0.86322			4
2025.07.07	01:00:01.580		0.86330			4
2025.07.07	01:00:02.056		0.86331			4
2025.07.07	01:00:02.384	0.86212	0.86332			6
2025.07.07	01:00:02.698	0.86219	0.86331			6
2025.07.07	01:00:03.630	0.86222	0.86325			6
2025.07.07	01:00:03.949	0.86225	0.86327			6
2025.07.07	01:00:04.250	0.86224	0.86326			6
2025.07.07	01:00:04.554		0.86327			4
2025.07.07	01:00:05.160	0.86223	0.86326			6
2025.07.07	01:00:05.466	0.86221	0.86325			6
2025.07.07	01:00:05.766	0.86222	0.86327			6
2025.07.07	01:00:06.071	0.86223	0.86325			6
2025.07.07	01:00:06.373	0.86222				2
2025.07.07	01:00:06.678	0.86220	0.86324			6
2025.07.07	01:00:07.283	0.86238	0.86326			6
2025.07.07	01:00:08.012		0.86325			4
2025.07.07	01:00:08.934		0.86323			4
2025.07.07	01:00:10.398		0.86321			4
2025.07.07	01:00:11.061		0.86322			4
2025.07.07	01:00:11.812	0.86227	0.86304			6
2025.07.07	01:00:12.152		0.86308			4
2025.07.07	01:00:12.802		0.86307			4
2025.07.07	01:00:13.102		0.86309			4
2025.07.07	01:00:13.408		0.86307			4
2025.07.07	01:00:14.098		0.86305			4
2025.07.07	01:00:14.423		0.86306			4
2025.07.07	01:00:15.621		0.86305			4
2025.07.07	01:00:16.348		0.86300			4
2025.07.07	01:00:16.667		0.86309			4
2025.07.07	01:00:17.181		0.86305			4
2025.07.07	01:00:17.498		0.86307			4
2025.07.07	01:00:17.879		0.86308			4
2025.07.07	01:00:18.697		0.86307			4
2025.07.07	01:00:19.015		0.86309			4
2025.07.07	01:00:20.323		0.86304			4
2025.07.07	01:00:21.400		0.86303			4
2025.07.07	01:00:23.483		0.86306			4
2025.07.07	01:00:24.389		0.86304			4
2025.07.07	01:00:26.057		0.86305			4
2025.07.07	01:00:27.259		0.86304			4
2025.07.07	01:00:30.316	0.86257	0.86301			6
2025.07.07	01:00:30.879		0.86305			4
2025.07.07	01:00:31.182		0.86310			4
2025.07.07	01:00:31.513		0.86311			4
2025.07.07	01:00:32.275		0.86307			4
2025.07.07	01:00:32.656		0.86306			4
2025.07.07	01:00:34.061		0.86307			4
2025.07.07	01:00:35.301		0.86306			4
2025.07.07	01:00:35.965		0.86304			4
2025.07.07	01:00:36.268		0.86305			4
2025.07.07	01:00:38.659		0.86304			4
2025.07.07	01:00:39.381		0.86299			4
2025.07.07	01:00:42.417	0.86243				2
2025.07.07	01:00:45.814	0.86248	0.86290			6
2025.07.07	01:00:58.394		0.86289			4
2025.07.07	01:00:58.704		0.86287			4
2025.07.07	01:00:59.009		0.86289			4
2025.07.07	01:01:00.076	0.86248	0.86288			6
2025.07.07	01:01:00.384		0.86285			4
2025.07.07	01:01:01.577		0.86286			4
2025.07.07	01:01:01.901	0.86260	0.86289			6
2025.07.07	01:01:02.228		0.86290			4
2025.07.07	01:01:03.858	0.86262	0.86288			6
2025.07.07	01:01:04.409		0.86289			4
2025.07.07	01:01:04.950		0.86290			4
2025.07.07	01:01:10.700		0.86289			4
2025.07.07	01:01:11.418		0.86290			4
2025.07.07	01:01:14.258	0.86260				2
2025.07.07	01:01:27.857		0.86297			4
2025.07.07	01:01:30.260		0.86298			4
2025.07.07	01:01:33.657	0.86269	0.86293			6
2025.07.07	01:01:33.958		0.86297			4
2025.07.07	01:01:35.503	0.86272				2
2025.07.07	01:01:51.118	0.86273				2
2025.07.07	01:01:52.456	0.86261	0.86280			6
2025.07.07	01:01:52.765	0.86254	0.86275			6
2025.07.07	01:01:53.781	0.86252	0.86274			6
2025.07.07	01:01:54.257		0.86272			4
2025.07.07	01:01:58.973		0.86275			4
2025.07.07	01:01:59.282		0.86276			4
2025.07.07	01:02:00.411	0.86252				2
2025.07.07	01:02:01.652	0.86256	0.86275			6
2025.07.07	01:02:02.345		0.86274			4
2025.07.07	01:02:07.160	0.86260	0.86275			6
2025.07.07	01:02:10.331	0.86264	0.86281			6
2025.07.07	01:02:10.641	0.86261	0.86279			6
2025.07.07	01:02:10.991	0.86263	0.86280			6
2025.07.07	01:02:12.405	0.86260	0.86279			6
2025.07.07	01:02:12.763	0.86263	0.86280			6
2025.07.07	01:02:13.083	0.86261	0.86279			6
2025.07.07	01:02:13.913	0.86264	0.86281			6
2025.07.07	01:02:15.568	0.86260	0.86282			6
2025.07.07	01:02:15.913		0.86281			4
2025.07.07	01:02:16.413	0.86259	0.86276			6
2025.07.07	01:02:16.718	0.86260	0.86281			6
2025.07.07	01:02:17.064		0.86280			4
2025.07.07	01:02:17.392		0.86281			4
2025.07.07	01:02:18.616		0.86280			4
2025.07.07	01:02:20.613		0.86279			4
2025.07.07	01:02:27.916		0.86280			4
2025.07.07	01:02:32.426		0.86279			4
2025.07.07	01:02:32.733		0.86280			4
2025.07.07	01:02:33.403		0.86279			4
2025.07.07	01:02:42.405		0.86281			4
2025.07.07	01:02:43.068		0.86280			4
2025.07.07	01:02:43.923		0.86279			4
2025.07.07	01:02:45.379	0.86261	0.86282			6
2025.07.07	01:02:46.047	0.86260				2
2025.07.07	01:03:00.559	0.86260				2
2025.07.07	01:03:01.155	0.86261				2
2025.07.07	01:03:02.026		0.86280			4
2025.07.07	01:03:14.259	0.86257	0.86276			6
2025.07.07	01:03:30.197	0.86259	0.86277			6
2025.07.07	01:03:32.135	0.86257				2
2025.07.07	01:03:32.659		0.86276			4
2025.07.07	01:03:33.133	0.86259	0.86277			6
2025.07.07	01:03:33.677	0.86257	0.86276			6
2025.07.07	01:03:34.133		0.86277			4
2025.07.07	01:03:35.183		0.86276			4
2025.07.07	01:03:35.657	0.86258				2
2025.07.07	01:03:38.659	0.86260				2
2025.07.07	01:03:49.413		0.86279			4
2025.07.07	01:03:51.497		0.86280			4
2025.07.07	01:03:53.958	0.86261				2
2025.07.07	01:04:00.857	0.86261				2
2025.07.07	01:04:02.882	0.86263	0.86281			6
2025.07.07	01:04:03.558	0.86264				2
2025.07.07	01:04:07.915	0.86266	0.86283			6
2025.07.07	01:04:14.957	0.86264				2
2025.07.07	01:04:16.857		0.86282			4
2025.07.07	01:04:17.224		0.86283			4
2025.07.07	01:04:17.843		0.86282			4
2025.07.07	01:04:18.843		0.86281			4
2025.07.07	01:04:22.845	0.86265				2
2025.07.07	01:04:28.222	0.86266				2
2025.07.07	01:04:29.058	0.86265				2
2025.07.07	01:04:36.711	0.86266				2
2025.07.07	01:04:38.057	0.86267				2
2025.07.07	01:05:00.382	0.86269	0.86283			6
2025.07.07	01:05:03.857	0.86266				2
2025.07.07	01:05:08.799	0.86267	0.86281			6
2025.07.07	01:05:09.278	0.86266	0.86283			6
2025.07.07	01:05:10.864		0.86286			4
2025.07.07	01:05:12.461	0.86269	0.86285			6
2025.07.07	01:05:12.764	0.86275	0.86294			6
2025.07.07	01:05:13.074	0.86273				2
2025.07.07	01:05:13.381		0.86293			4
2025.07.07	01:05:13.804	0.86271	0.86291			6
2025.07.07	01:05:14.116		0.86292			4
2025.07.07	01:05:14.803		0.86291			4
2025.07.07	01:05:16.767		0.86292			4
2025.07.07	01:05:17.358		0.86293			4
2025.07.07	01:05:17.805		0.86291			4
2025.07.07	01:05:18.335		0.86292			4
2025.07.07	01:05:18.804		0.86291			4
2025.07.07	01:05:30.588	0.86273				2
2025.07.07	01:05:30.926	0.86274				2
2025.07.07	01:05:32.057	0.86275				2
2025.07.07	01:05:32.454	0.86274				2
2025.07.07	01:05:33.853	0.86275	0.86292			6
2025.07.07	01:05:34.845		0.86293			4
2025.07.07	01:05:35.634		0.86292			4
2025.07.07	01:05:36.028	0.86273				2
2025.07.07	01:05:36.352	0.86274				2
2025.07.07	01:05:36.734	0.86272	0.86291			6
2025.07.07	01:05:37.362	0.86270	0.86287			6
2025.07.07	01:05:37.844		0.86286			4
2025.07.07	01:05:38.957	0.86269				2
2025.07.07	01:05:39.644		0.86287			4
2025.07.07	01:05:40.585		0.86286			4
2025.07.07	01:05:41.059	0.86270				2
2025.07.07	01:05:43.804		0.86287			4
2025.07.07	01:05:44.804		0.86286			4
2025.07.07	01:05:45.803		0.86287			4
2025.07.07	01:05:47.114		0.86286			4
2025.07.07	01:05:47.652	0.86271				2
2025.07.07	01:05:50.057	0.86272	0.86289			6
2025.07.07	01:05:51.826	0.86271				2
2025.07.07	01:05:55.781	0.86274				2
2025.07.07	01:05:57.259	0.86273				2
2025.07.07	01:06:00.285	0.86273				2
2025.07.07	01:06:04.827	0.86274	0.86287			6
2025.07.07	01:06:06.857	0.86273				2
2025.07.07	01:06:08.356	0.86274				2
2025.07.07	01:06:09.286	0.86273	0.86286			6
2025.07.07	01:06:10.461	0.86272				2
2025.07.07	01:06:13.157	0.86273				2
2025.07.07	01:06:19.616	0.86274	0.86288			6
2025.07.07	01:06:20.361	0.86275	0.86291			6
2025.07.07	01:06:22.179	0.86274	0.86289			6
2025.07.07	01:06:30.837		0.86290			4
2025.07.07	01:06:32.351	0.86275	0.86289			6
2025.07.07	01:06:40.162		0.86287			4
2025.07.07	01:06:41.373		0.86286			4
2025.07.07	01:06:47.380	0.86274	0.86289			6
2025.07.07	01:06:51.963	0.86275				2
2025.07.07	01:06:52.428	0.86273	0.86286			6
2025.07.07	01:06:54.346	0.86272				2
2025.07.07	01:06:58.981	0.86270	0.86283			6
2025.07.07	01:07:00.356	0.86270				2
2025.07.07	01:07:10.194	0.86265	0.86282			6
2025.07.07	01:07:10.498	0.86267	0.86283			6
2025.07.07	01:07:14.558	0.86268				2
2025.07.07	01:07:16.537	0.86266				2
2025.07.07	01:07:18.348	0.86267				2
2025.07.07	01:07:19.840	0.86263	0.86277			6
2025.07.07	01:07:20.142	0.86260				2
2025.07.07	01:07:21.968	0.86257				2
2025.07.07	01:07:23.002	0.86253	0.86270			6
2025.07.07	01:07:27.361	0.86255	0.86272			6
2025.07.07	01:07:27.948	0.86257	0.86273			6
2025.07.07	01:07:29.058	0.86256				2
2025.07.07	01:07:29.495	0.86250	0.86270			6
2025.07.07	01:07:29.797	0.86252	0.86268			6
2025.07.07	01:07:30.428	0.86255	0.86270			6
2025.07.07	01:07:32.957	0.86256				2
2025.07.07	01:07:35.877	0.86257				2
2025.07.07	01:07:36.228	0.86256				2
2025.07.07	01:07:52.393	0.86257				2
2025.07.07	01:07:54.348	0.86256	0.86267			6
2025.07.07	01:07:54.682	0.86257	0.86265			6
2025.07.07	01:07:56.675	0.86258				2
2025.07.07	01:07:56.982	0.86257				2
2025.07.07	01:07:59.366	0.86255	0.86269			6
2025.07.07	01:08:01.379	0.86255				2
2025.07.07	01:08:04.814	0.86257				2
2025.07.07	01:08:05.778	0.86256	0.86270			6
2025.07.07	01:08:09.208	0.86260				2
2025.07.07	01:08:11.180		0.86269			4
2025.07.07	01:08:12.159	0.86254	0.86265			6
2025.07.07	01:08:24.598	0.86255	0.86266			6
2025.07.07	01:08:34.269	0.86256	0.86267			6
2025.07.07	01:08:46.309	0.86255	0.86266			6
2025.07.07	01:08:50.514		0.86265			4
2025.07.07	01:08:57.957	0.86256	0.86266			6
2025.07.07	01:09:00.031	0.86256				2
2025.07.07	01:09:01.817		0.86267			4
2025.07.07	01:09:06.908	0.86257	0.86268			6
2025.07.07	01:09:16.980	0.86260	0.86270			6
2025.07.07	01:09:25.217		0.86269			4
2025.07.07	01:09:30.741		0.86270			4
2025.07.07	01:09:32.390	0.86257	0.86267			6
2025.07.07	01:09:41.410	0.86260	0.86270			6
2025.07.07	01:09:46.437	0.86262	0.86273			6
2025.07.07	01:10:00.632	0.86262				2
2025.07.07	01:10:02.731	0.86264	0.86274			6
2025.07.07	01:10:04.542	0.86263				2
2025.07.07	01:10:06.540	0.86264	0.86275			6
2025.07.07	01:10:08.358		0.86273			4
2025.07.07	01:10:09.320		0.86275			4
2025.07.07	01:10:12.155		0.86274			4
2025.07.07	01:10:15.370		0.86275			4
2025.07.07	01:10:22.174		0.86274			4
2025.07.07	01:10:22.702		0.86275			4
2025.07.07	01:10:28.324	0.86265	0.86276			6
2025.07.07	01:10:35.238	0.86264	0.86273			6
2025.07.07	01:10:47.259		0.86274			4
2025.07.07	01:10:48.324		0.86275			4
2025.07.07	01:10:50.374	0.86266	0.86277			6
2025.07.07	01:10:50.679	0.86267				2
2025.07.07	01:10:51.755		0.86278			4
2025.07.07	01:11:00.324	0.86267				2
2025.07.07	01:11:01.323		0.86277			4
2025.07.07	01:11:02.345		0.86278			4
2025.07.07	01:11:07.323		0.86277			4
2025.07.07	01:11:10.396	0.86269				2
2025.07.07	01:11:28.409	0.86271	0.86280			6
2025.07.07	01:11:35.504		0.86282			4
2025.07.07	01:11:42.257	0.86274	0.86284			6
2025.07.07	01:11:51.777	0.86277	0.86287			6
2025.07.07	01:11:53.811	0.86278				2
2025.07.07	01:12:01.076	0.86279	0.86288			6
2025.07.07	01:12:14.569		0.86287			4
2025.07.07	01:12:16.992		0.86290			4
2025.07.07	01:12:20.668	0.86277	0.86286			6
2025.07.07	01:12:35.360	0.86276	0.86285			6
2025.07.07	01:12:44.578		0.86286			4
2025.07.07	01:12:44.936		0.86284			4
2025.07.07	01:12:45.239		0.86286			4
2025.07.07	01:12:50.871	0.86277				2
2025.07.07	01:12:57.152		0.86284			4
2025.07.07	01:12:57.459	0.86275	0.86283			6
2025.07.07	01:12:59.647	0.86271	0.86280			6
2025.07.07	01:13:01.158	0.86271				2
2025.07.07	01:13:09.258	0.86273	0.86283			6
2025.07.07	01:13:09.776	0.86272				2
2025.07.07	01:13:26.311	0.86271	0.86279			6
2025.07.07	01:13:26.618	0.86270				2
2025.07.07	01:13:27.325		0.86280			4
2025.07.07	01:13:28.349	0.86269				2
2025.07.07	01:13:31.243		0.86279			4
2025.07.07	01:13:32.199		0.86278			4
2025.07.07	01:13:41.777		0.86280			4
2025.07.07	01:13:46.957		0.86279			4
2025.07.07	01:13:53.156		0.86278			4
2025.07.07	01:14:00.155	0.86269				2
2025.07.07	01:14:01.367	0.86270	0.86281			6
2025.07.07	01:15:00.372	0.86270				2
2025.07.07	01:15:01.480		0.86281			4
2025.07.07	01:15:02.808	0.86272	0.86282			6
2025.07.07	01:15:06.218	0.86271				2
2025.07.07	01:15:07.112	0.86272				2
2025.07.07	01:15:07.875	0.86271				2
2025.07.07	01:15:08.846	0.86273				2
2025.07.07	01:15:09.248	0.86271				2
2025.07.07	01:15:10.007	0.86272				2
2025.07.07	01:15:10.823	0.86271				2
2025.07.07	01:15:11.592	0.86272				2
2025.07.07	01:15:11.968	0.86271				2
2025.07.07	01:15:15.921	0.86272				2
2025.07.07	01:15:16.233	0.86271				2
2025.07.07	01:15:16.916	0.86272				2
2025.07.07	01:15:19.306		0.86283			4
2025.07.07	01:15:25.591	0.86273				2
2025.07.07	01:15:26.032	0.86272				2
2025.07.07	01:15:34.996	0.86270	0.86281			6
2025.07.07	01:15:35.773		0.86280			4
2025.07.07	01:15:36.503	0.86271	0.86282			6
2025.07.07	01:15:39.124	0.86272	0.86283			6
2025.07.07	01:15:41.058		0.86282			4
2025.07.07	01:15:54.657	0.86273				2
2025.07.07	01:15:56.129		0.86283			4
2025.07.07	01:15:57.055	0.86274	0.86284			6
2025.07.07	01:15:57.852	0.86273				2
2025.07.07	01:15:58.905	0.86274	0.86283			6
2025.07.07	01:15:59.215	0.86273				2
2025.07.07	01:16:00.063	0.86274				2
2025.07.07	01:16:04.083	0.86273				2
2025.07.07	01:16:05.116	0.86274				2
2025.07.07	01:16:05.606	0.86273				2
2025.07.07	01:16:06.662	0.86274				2
2025.07.07	01:16:09.669	0.86273				2
2025.07.07	01:16:12.259	0.86274				2
2025.07.07	01:16:16.791		0.86284			4
2025.07.07	01:16:17.120	0.86275	0.86285			6
2025.07.07	01:16:30.338	0.86274	0.86284			6
2025.07.07	01:16:30.641	0.86273				2
2025.07.07	01:16:42.222	0.86274				2
2025.07.07	01:16:43.043	0.86273				2
2025.07.07	01:16:45.256		0.86283			4
2025.07.07	01:16:45.624	0.86274				2
2025.07.07	01:16:46.074	0.86273				2
2025.07.07	01:16:53.247	0.86275	0.86284			6
2025.07.07	01:16:54.405	0.86276				2
2025.07.07	01:16:55.634	0.86275				2
2025.07.07	01:17:00.329	0.86275				2
2025.07.07	01:17:01.934	0.86272	0.86282			6
2025.07.07	01:17:03.341	0.86273	0.86283			6
2025.07.07	01:17:21.453	0.86275				2
2025.07.07	01:17:21.758	0.86273				2
2025.07.07	01:17:22.213	0.86274	0.86284			6
2025.07.07	01:17:23.211	0.86276				2
2025.07.07	01:17:23.527	0.86274				2
2025.07.07	01:17:24.168	0.86275				2
2025.07.07	01:17:24.536	0.86274				2
2025.07.07	01:17:24.870	0.86276				2
2025.07.07	01:17:25.178	0.86274				2
2025.07.07	01:17:26.232	0.86275				2
2025.07.07	01:17:26.549	0.86274				2
2025.07.07	01:17:26.901	0.86275	0.86281			6
2025.07.07	01:17:27.838	0.86273				2
2025.07.07	01:17:28.839	0.86274				2
2025.07.07	01:17:29.146	0.86275	0.86282			6
2025.07.07	01:17:29.457	0.86273				2
2025.07.07	01:17:30.362	0.86275				2
2025.07.07	01:17:30.832	0.86274				2
2025.07.07	01:17:31.132		0.86281			4
2025.07.07	01:17:31.457	0.86273				2
2025.07.07	01:17:32.097	0.86274				2
2025.07.07	01:17:32.455	0.86275				2
2025.07.07	01:17:32.778	0.86273				2
2025.07.07	01:17:33.849	0.86274	0.86282			6
2025.07.07	01:17:34.233	0.86273				2
2025.07.07	01:17:34.844	0.86275				2
2025.07.07	01:17:35.165	0.86274				2
2025.07.07	01:17:36.275	0.86273	0.86283			6
2025.07.07	01:17:36.578	0.86274				2
2025.07.07	01:17:38.568	0.86275				2
2025.07.07	01:17:40.605	0.86273				2
2025.07.07	01:17:44.883		0.86282			4
2025.07.07	01:17:45.886	0.86274				2
2025.07.07	01:17:46.653	0.86273				2
2025.07.07	01:17:47.127		0.86283			4
2025.07.07	01:17:47.579	0.86274				2
2025.07.07	01:17:48.809		0.86282			4
2025.07.07	01:17:49.677		0.86285			4
2025.07.07	01:17:50.354	0.86276	0.86286			6
2025.07.07	01:17:51.724	0.86277	0.86285			6
2025.07.07	01:17:52.333	0.86276				2
2025.07.07	01:17:53.432	0.86275				2
2025.07.07	01:17:54.216	0.86276				2
2025.07.07	01:17:54.678	0.86274	0.86283			6
2025.07.07	01:17:55.017	0.86273				2
2025.07.07	01:18:00.338	0.86273				2
2025.07.07	01:18:01.418	0.86274	0.86282			6
2025.07.07	01:18:02.492	0.86275				2
2025.07.07	01:18:03.770	0.86273				2
2025.07.07	01:18:04.158	0.86274				2
2025.07.07	01:18:04.671	0.86273				2
2025.07.07	01:18:05.174		0.86281			4
2025.07.07	01:18:08.545	0.86272				2
2025.07.07	01:18:25.391	0.86273				2
2025.07.07	01:18:25.744	0.86272				2
2025.07.07	01:18:26.077	0.86273				2
2025.07.07	01:18:27.425	0.86272				2
2025.07.07	01:18:29.152	0.86273				2
2025.07.07	01:18:29.628	0.86272				2
2025.07.07	01:18:30.027		0.86282			4
2025.07.07	01:18:37.240	0.86273				2
2025.07.07	01:18:38.668	0.86272				2
2025.07.07	01:18:40.726	0.86273				2
2025.07.07	01:18:42.677	0.86272				2
2025.07.07	01:18:43.157	0.86273				2
2025.07.07	01:18:52.533	0.86272				2
2025.07.07	01:18:56.255	0.86273				2
2025.07.07	01:18:56.784	0.86272				2
2025.07.07	01:18:57.099	0.86273				2
2025.07.07	01:18:57.857	0.86272				2
2025.07.07	01:18:58.163	0.86273				2
2025.07.07	01:18:58.491	0.86274				2
2025.07.07	01:18:58.800	0.86273				2
2025.07.07	01:18:59.467	0.86274				2
2025.07.07	01:19:00.264	0.86274				2
2025.07.07	01:19:01.551	0.86275				2
2025.07.07	01:19:02.294	0.86274				2
2025.07.07	01:19:02.665	0.86273				2
2025.07.07	01:19:04.983		0.86281			4
2025.07.07	01:19:06.070	0.86274				2
2025.07.07	01:19:06.497	0.86273				2
2025.07.07	01:19:15.541	0.86271	0.86279			6
2025.07.07	01:19:15.861		0.86280			4
2025.07.07	01:19:17.077	0.86273				2
2025.07.07	01:19:19.760	0.86272				2
2025.07.07	01:19:22.848	0.86273				2
2025.07.07	01:19:23.581	0.86276	0.86284			6
2025.07.07	01:19:25.301		0.86285			4
2025.07.07	01:19:26.501	0.86277				2
2025.07.07	01:19:31.325	0.86278				2
2025.07.07	01:19:32.374	0.86277				2
2025.07.07	01:19:37.863	0.86278				2
2025.07.07	01:19:38.813	0.86276				2
2025.07.07	01:19:39.167	0.86277				2
2025.07.07	01:19:40.161	0.86276				2
2025.07.07	01:19:40.767	0.86277				2
2025.07.07	01:19:44.142	0.86281	0.86289			6
2025.07.07	01:19:45.292	0.86280				2
2025.07.07	01:19:50.113	0.86281				2
2025.07.07	01:19:51.215	0.86280				2
2025.07.07	01:19:57.134	0.86281				2
2025.07.07	01:20:00.257	0.86281				2
2025.07.07	01:20:01.483	0.86280				2
2025.07.07	01:20:03.613	0.86281				2
2025.07.07	01:20:05.358	0.86280				2
2025.07.07	01:20:08.274	0.86281	0.86286			6
2025.07.07	01:20:09.560	0.86280				2
2025.07.07	01:20:12.257	0.86281				2
2025.07.07	01:20:13.553	0.86280				2
2025.07.07	01:20:30.558	0.86281				2
2025.07.07	01:20:31.047	0.86277				2
2025.07.07	01:20:32.657	0.86276				2
2025.07.07	01:20:33.061	0.86277				2
2025.07.07	01:20:38.270		0.86285			4
2025.07.07	01:20:46.383	0.86278				2
2025.07.07	01:20:47.315	0.86277				2
2025.07.07	01:20:48.538	0.86278				2
2025.07.07	01:20:48.896	0.86280	0.86286			6
2025.07.07	01:20:49.199	0.86279				2
2025.07.07	01:20:50.656	0.86278	0.86287			6
2025.07.07	01:20:56.959	0.86279				2
2025.07.07	01:20:57.389	0.86278				2
2025.07.07	01:21:00.257	0.86278				2
2025.07.07	01:21:03.667		0.86286			4
2025.07.07	01:21:05.171	0.86277				2
2025.07.07	01:21:06.465	0.86278				2
2025.07.07	01:21:15.406	0.86277				2
2025.07.07	01:21:15.722	0.86278				2
2025.07.07	01:21:17.058	0.86277				2
2025.07.07	01:21:21.130		0.86285			4
2025.07.07	01:21:25.231	0.86278				2
2025.07.07	01:21:29.830	0.86279				2
2025.07.07	01:21:30.265	0.86280				2
2025.07.07	01:21:31.260	0.86279				2
2025.07.07	01:21:32.310	0.86280				2
2025.07.07	01:21:34.461	0.86279				2
2025.07.07	01:21:36.257	0.86280				2
2025.07.07	01:21:37.461	0.86279				2
2025.07.07	01:21:38.871	0.86280	0.86286			6
2025.07.07	01:22:00.409	0.86280				2
2025.07.07	01:22:20.211	0.86277	0.86284			6
2025.07.07	01:22:20.520	0.86278				2
2025.07.07	01:22:23.648	0.86279				2
2025.07.07	01:22:30.017	0.86278	0.86289			6
2025.07.07	01:22:31.488	0.86279				2
2025.07.07	01:22:32.656	0.86278				2
2025.07.07	01:22:34.627	0.86280	0.86288			6
2025.07.07	01:22:34.939	0.86277	0.86286			6
2025.07.07	01:22:35.741	0.86276				2
2025.07.07	01:22:38.955	0.86277				2
2025.07.07	01:22:41.059	0.86278				2
2025.07.07	01:22:42.601	0.86277				2
2025.07.07	01:22:43.579	0.86278				2
2025.07.07	01:22:44.004	0.86277	0.86284			6
2025.07.07	01:22:46.039	0.86276				2
2025.07.07	01:22:46.993	0.86277				2
2025.07.07	01:22:47.677	0.86276				2
2025.07.07	01:22:48.658	0.86277				2
2025.07.07	01:22:49.131	0.86276				2
2025.07.07	01:22:50.047	0.86277				2
2025.07.07	01:22:50.589	0.86276				2
2025.07.07	01:22:51.491	0.86277	0.86285			6
2025.07.07	01:22:53.508	0.86278				2
2025.07.07	01:22:53.823	0.86276				2
2025.07.07	01:22:54.517	0.86278				2
2025.07.07	01:22:54.965	0.86277				2
2025.07.07	01:22:55.310	0.86276				2
2025.07.07	01:22:56.237	0.86277				2
2025.07.07	01:22:58.368	0.86276				2
2025.07.07	01:22:59.381	0.86277				2
2025.07.07	01:23:00.486	0.86277				2
2025.07.07	01:23:01.763		0.86284			4
2025.07.07	01:23:02.568	0.86276				2
2025.07.07	01:23:02.914	0.86278				2
2025.07.07	01:23:06.257	0.86277				2
2025.07.07	01:23:24.722	0.86278				2
2025.07.07	01:23:26.216	0.86277				2
2025.07.07	01:23:27.273	0.86278				2
2025.07.07	01:23:29.394	0.86276				2
2025.07.07	01:23:30.523	0.86277				2
2025.07.07	01:23:33.318	0.86276				2
2025.07.07	01:23:34.331	0.86277				2
2025.07.07	01:23:42.386	0.86276				2
2025.07.07	01:23:43.412	0.86277				2
2025.07.07	01:23:44.772	0.86276	0.86283			6
2025.07.07	01:23:45.075		0.86285			4
2025.07.07	01:23:45.451	0.86277				2
2025.07.07	01:23:48.110	0.86276				2
2025.07.07	01:23:53.533	0.86277				2
2025.07.07	01:23:55.156	0.86278				2
2025.07.07	01:24:00.660	0.86278				2
2025.07.07	01:24:00.972	0.86276	0.86284			6
2025.07.07	01:24:04.926	0.86277				2
2025.07.07	01:24:18.841	0.86276	0.86283			6
2025.07.07	01:24:20.057	0.86277				2
2025.07.07	01:24:36.990	0.86276				2
2025.07.07	01:24:37.688	0.86277	0.86284			6
2025.07.07	01:24:45.037		0.86283			4
2025.07.07	01:24:48.258	0.86278				2
2025.07.07	01:24:53.657	0.86277				2
2025.07.07	01:24:55.778	0.86275				2
2025.07.07	01:24:58.435		0.86279			4
2025.07.07	01:25:00.357	0.86275				2
2025.07.07	01:25:03.557	0.86273				2
2025.07.07	01:25:05.971	0.86274	0.86281			6
2025.07.07	01:25:09.430	0.86273	0.86280			6
2025.07.07	01:25:09.737	0.86272				2
2025.07.07	01:25:12.030		0.86279			4
2025.07.07	01:25:19.921	0.86271				2
2025.07.07	01:25:31.868	0.86272				2
2025.07.07	01:25:33.891	0.86273	0.86280			6
2025.07.07	01:25:34.194	0.86275				2
2025.07.07	01:25:35.046	0.86274				2
2025.07.07	01:25:38.340	0.86275				2
2025.07.07	01:25:47.410	0.86274				2
2025.07.07	01:25:48.259	0.86275				2
2025.07.07	01:25:52.591	0.86274	0.86282			6
2025.07.07	01:25:53.431	0.86273	0.86280			6
2025.07.07	01:25:55.191	0.86272				2
2025.07.07	01:25:56.731	0.86273				2
2025.07.07	01:25:59.751	0.86275	0.86281			6
2025.07.07	01:26:00.970	0.86274				2
2025.07.07	01:26:03.528	0.86273				2
2025.07.07	01:26:04.171	0.86274				2
2025.07.07	01:26:06.986	0.86275	0.86280			6
2025.07.07	01:26:11.656		0.86279			4
2025.07.07	01:26:17.004	0.86274				2
2025.07.07	01:26:19.015		0.86282			4
2025.07.07	01:26:19.317	0.86275				2
2025.07.07	01:26:21.174	0.86276				2
2025.07.07	01:26:21.511	0.86275				2
2025.07.07	01:26:22.658	0.86276				2
2025.07.07	01:26:26.358	0.86277				2
2025.07.07	01:26:28.928	0.86276				2
2025.07.07	01:26:33.696	0.86275				2
2025.07.07	01:26:36.975	0.86276				2
2025.07.07	01:26:39.169	0.86277				2
2025.07.07	01:26:39.828		0.86281			4
2025.07.07	01:26:40.482	0.86276	0.86282			6
2025.07.07	01:26:41.032	0.86278	0.86283			6
2025.07.07	01:26:41.355	0.86276				2
2025.07.07	01:26:43.066		0.86282			4
2025.07.07	01:26:48.557	0.86275				2
2025.07.07	01:26:52.458	0.86276				2
2025.07.07	01:26:53.078		0.86278			4
2025.07.07	01:26:55.758	0.86275				2
2025.07.07	01:26:57.287	0.86276				2
2025.07.07	01:27:00.720	0.86276				2
2025.07.07	01:27:01.242	0.86275				2
2025.07.07	01:27:03.663		0.86279			4
2025.07.07	01:27:04.019		0.86280			4
2025.07.07	01:27:04.343		0.86278			4
2025.07.07	01:27:04.778		0.86280			4
2025.07.07	01:27:05.322		0.86279			4
2025.07.07	01:27:05.815		0.86280			4
2025.07.07	01:27:07.404		0.86279			4
2025.07.07	01:27:08.461	0.86276	0.86278			6
2025.07.07	01:27:09.474		0.86279			4
2025.07.07	01:27:09.856	0.86275				2
2025.07.07	01:27:12.189	0.86274	0.86277			6
2025.07.07	01:27:12.928		0.86278			4
2025.07.07	01:27:16.822	0.86275	0.86277			6
2025.07.07	01:27:18.338	0.86274				2
2025.07.07	01:27:20.302		0.86278			4
2025.07.07	01:27:43.956	0.86275				2
2025.07.07	01:27:44.956	0.86274				2
2025.07.07	01:27:53.399		0.86279			4
2025.07.07	01:27:54.046	0.86273	0.86276			6
2025.07.07	01:27:55.462	0.86272				2
2025.07.07	01:27:56.062		0.86277			4
2025.07.07	01:27:58.758	0.86273				2
2025.07.07	01:28:00.645	0.86273	0.86276			6
2025.07.07	01:28:09.212		0.86277			4
2025.07.07	01:28:10.044		0.86276			4
2025.07.07	01:28:10.361		0.86277			4
2025.07.07	01:28:15.115	0.86272	0.86278			6
2025.07.07	01:28:17.167		0.86277			4
2025.07.07	01:28:21.749		0.86278			4
2025.07.07	01:28:23.847		0.86276			4
2025.07.07	01:28:24.541	0.86274	0.86278			6
2025.07.07	01:28:25.748	0.86273				2
2025.07.07	01:28:37.536		0.86277			4
2025.07.07	01:28:38.358	0.86274				2
2025.07.07	01:28:43.395	0.86273				2
2025.07.07	01:28:45.297		0.86278			4
2025.07.07	01:28:49.011		0.86277			4
2025.07.07	01:28:49.517		0.86278			4
2025.07.07	01:28:50.558		0.86279			4
2025.07.07	01:28:51.939		0.86278			4
2025.07.07	01:28:58.608	0.86274				2
2025.07.07	01:29:00.789	0.86274				2
2025.07.07	01:29:03.558	0.86273				2
2025.07.07	01:29:04.277	0.86274	0.86279			6
2025.07.07	01:29:05.716		0.86280			4
2025.07.07	01:29:10.158	0.86273				2
2025.07.07	01:29:12.054	0.86274				2
2025.07.07	01:29:13.168	0.86275	0.86279			6
2025.07.07	01:29:15.079	0.86274				2
2025.07.07	01:29:17.125	0.86275	0.86277			6
2025.07.07	01:29:17.599	0.86274				2
2025.07.07	01:29:18.109	0.86275				2
2025.07.07	01:29:18.967	0.86274	0.86279			6
2025.07.07	01:29:20.352		0.86280			4
2025.07.07	01:29:20.976		0.86279			4
2025.07.07	01:29:21.969	0.86275				2
2025.07.07	01:29:23.925		0.86278			4
2025.07.07	01:29:25.004	0.86274	0.86277			6
2025.07.07	01:29:25.697		0.86278			4
2025.07.07	01:29:29.421	0.86275				2
2025.07.07	01:29:35.761	0.86274				2
2025.07.07	01:29:39.768	0.86273				2
2025.07.07	01:29:44.957	0.86274				2
2025.07.07	01:29:57.557	0.86273				2
2025.07.07	01:29:58.946	0.86274	0.86277			6
2025.07.07	01:30:00.075	0.86273				2
2025.07.07	01:30:00.429	0.86274	0.86278			6
2025.07.07	01:30:03.358	0.86279	0.86280			6
2025.07.07	01:30:06.882	0.86274	0.86278			6
2025.07.07	01:30:07.908	0.86275	0.86279			6
2025.07.07	01:30:08.722	0.86276				2
2025.07.07	01:30:09.053	0.86277	0.86280			6
2025.07.07	01:30:09.385	0.86276				2
2025.07.07	01:30:11.958	0.86275				2
2025.07.07	01:30:12.632		0.86281			4
2025.07.07	01:30:12.937		0.86279			4
2025.07.07	01:30:20.812		0.86280			4
2025.07.07	01:30:27.980	0.86277				2
2025.07.07	01:30:28.887	0.86276				2
2025.07.07	01:30:29.660	0.86275				2
2025.07.07	01:30:33.096	0.86279	0.86282			6
2025.07.07	01:30:34.759	0.86278	0.86283			6
2025.07.07	01:30:36.707		0.86282			4
2025.07.07	01:30:40.610	0.86277				2
2025.07.07	01:30:43.460	0.86276				2
2025.07.07	01:30:44.350	0.86277				2
2025.07.07	01:30:49.866	0.86278	0.86280			6
2025.07.07	01:30:57.285		0.86281			4
2025.07.07	01:30:57.599		0.86282			4
2025.07.07	01:30:59.053	0.86277				2
2025.07.07	01:31:00.140	0.86277				2
2025.07.07	01:31:11.847	0.86278	0.86283			6
2025.07.07	01:31:12.161	0.86276	0.86282			6
2025.07.07	01:31:12.478		0.86281			4
2025.07.07	01:31:13.012	0.86278	0.86280			6
2025.07.07	01:31:30.287	0.86279				2
2025.07.07	01:31:31.374	0.86278				2
2025.07.07	01:31:44.959	0.86277				2
2025.07.07	01:31:46.871	0.86276	0.86279			6
2025.07.07	01:32:00.430	0.86276				2
2025.07.07	01:32:05.367	0.86278	0.86281			6
2025.07.07	01:32:05.678	0.86276	0.86279			6
2025.07.07	01:32:19.031	0.86277	0.86280			6
2025.07.07	01:32:19.597		0.86279			4
2025.07.07	01:32:21.087		0.86280			4
2025.07.07	01:32:23.841	0.86279	0.86282			6
2025.07.07	01:32:32.623	0.86278	0.86280			6
2025.07.07	01:32:38.208	0.86279	0.86282			6
2025.07.07	01:32:48.623	0.86278	0.86280			6
2025.07.07	01:32:49.038	0.86277				2
2025.07.07	01:32:49.843		0.86279			4
2025.07.07	01:32:50.778	0.86278	0.86280			6
2025.07.07	01:32:51.117	0.86279	0.86282			6
2025.07.07	01:32:51.417	0.86278	0.86280			6
2025.07.07	01:33:00.568	0.86278	0.86279			6
2025.07.07	01:33:06.114		0.86280			4
2025.07.07	01:33:06.420	0.86277	0.86279			6
2025.07.07	01:33:06.774	0.86279	0.86281			6
2025.07.07	01:33:07.079	0.86277	0.86279			6
2025.07.07	01:33:21.857	0.86278				2
2025.07.07	01:33:29.747	0.86277				2
2025.07.07	01:33:57.697	0.86278				2
2025.07.07	01:34:00.461	0.86277				2
2025.07.07	01:34:01.432	0.86279	0.86282			6
2025.07.07	01:34:04.347	0.86280				2
2025.07.07	01:34:06.776		0.86283			4
2025.07.07	01:34:11.961		0.86282			4
2025.07.07	01:34:12.975		0.86283			4
2025.07.07	01:34:21.695	0.86281				2
2025.07.07	01:34:24.381	0.86280				2
2025.07.07	01:34:33.556	0.86281				2
2025.07.07	01:34:44.521	0.86280				2
2025.07.07	01:34:45.258	0.86281				2
2025.07.07	01:35:00.407	0.86281				2
2025.07.07	01:35:01.457	0.86280				2
2025.07.07	01:35:03.633	0.86281				2
2025.07.07	01:35:06.381	0.86280				2
2025.07.07	01:35:13.355	0.86281	0.86283			6
2025.07.07	01:35:13.966	0.86280				2
2025.07.07	01:35:14.812	0.86281	0.86282			6
2025.07.07	01:35:15.119	0.86279				2
2025.07.07	01:35:22.597	0.86281	0.86283			6
2025.07.07	01:35:22.922	0.86280				2
2025.07.07	01:35:24.982	0.86281				2
2025.07.07	01:35:40.573		0.86282			4
2025.07.07	01:36:02.359	0.86281				2
2025.07.07	01:36:03.565	0.86282	0.86283			6
2025.07.07	01:36:06.558	0.86283	0.86284			6
2025.07.07	01:36:07.805	0.86284	0.86288			6
2025.07.07	01:36:08.888		0.86287			4
2025.07.07	01:36:13.733		0.86286			4
2025.07.07	01:36:29.058	0.86283	0.86285			6
2025.07.07	01:37:00.295	0.86283				2
2025.07.07	01:37:09.872	0.86282	0.86286			6
2025.07.07	01:37:23.990	0.86280	0.86284			6
2025.07.07	01:37:24.675	0.86281				2
2025.07.07	01:37:25.358	0.86280				2
2025.07.07	01:37:35.143	0.86279	0.86285			6
2025.07.07	01:37:35.471	0.86280				2
2025.07.07	01:37:35.780	0.86282				2
2025.07.07	01:37:36.381	0.86281				2
2025.07.07	01:37:39.279	0.86282				2
2025.07.07	01:37:39.583	0.86283				2
2025.07.07	01:37:45.878	0.86284				2
2025.07.07	01:37:46.513	0.86282				2
2025.07.07	01:37:51.075	0.86283				2
2025.07.07	01:37:55.575	0.86282				2
2025.07.07	01:37:57.636	0.86284				2
2025.07.07	01:37:58.396	0.86282				2
2025.07.07	01:38:00.152	0.86282				2
2025.07.07	01:38:00.778		0.86284			4
2025.07.07	01:38:01.222		0.86285			4
2025.07.07	01:38:29.704		0.86284			4
2025.07.07	01:38:30.007	0.86281				2
2025.07.07	01:38:43.457	0.86282				2
2025.07.07	01:38:44.854	0.86283	0.86285			6
2025.07.07	01:38:48.690	0.86282				2
2025.07.07	01:39:00.129	0.86282				2
2025.07.07	01:39:02.220	0.86281				2
2025.07.07	01:39:15.920		0.86284			4
2025.07.07	01:39:16.341	0.86280				2
2025.07.07	01:39:19.009		0.86283			4
2025.07.07	01:39:35.759	0.86279				2
2025.07.07	01:39:48.362	0.86280				2
2025.07.07	01:39:51.955	0.86279				2
2025.07.07	01:39:52.759	0.86280				2
2025.07.07	01:40:00.057	0.86280				2
2025.07.07	01:40:05.449		0.86284			4
2025.07.07	01:40:07.158	0.86281				2
2025.07.07	01:40:10.364	0.86280				2
2025.07.07	01:40:13.616	0.86281				2
2025.07.07	01:40:15.558	0.86280				2
2025.07.07	01:40:16.719	0.86281				2
2025.07.07	01:40:18.660	0.86280				2
2025.07.07	01:40:20.357	0.86281				2
2025.07.07	01:40:21.773	0.86280				2
2025.07.07	01:40:35.849	0.86281				2
2025.07.07	01:41:00.858	0.86281				2
2025.07.07	01:41:01.428	0.86282				2
2025.07.07	01:41:01.840	0.86281				2
2025.07.07	01:41:06.349		0.86284			4
2025.07.07	01:41:38.186	0.86282				2
2025.07.07	01:41:39.720	0.86283				2
2025.07.07	01:41:42.242	0.86282				2
2025.07.07	01:41:43.276	0.86281				2
2025.07.07	01:41:44.104	0.86282				2
2025.07.07	01:41:46.722	0.86281				2
2025.07.07	01:41:51.545	0.86282				2
2025.07.07	01:42:01.109	0.86282				2
2025.07.07	01:42:03.452	0.86283				2
2025.07.07	01:42:06.834		0.86284			4
2025.07.07	01:42:10.204	0.86282				2
2025.07.07	01:42:10.670		0.86285			4
2025.07.07	01:42:14.657	0.86283				2
2025.07.07	01:42:38.547	0.86282				2
2025.07.07	01:42:48.957	0.86280	0.86284			6
2025.07.07	01:42:51.558	0.86281				2
2025.07.07	01:42:58.143		0.86283			4
2025.07.07	01:42:58.569	0.86283	0.86284			6
2025.07.07	01:43:00.663	0.86283				2
2025.07.07	01:43:02.422	0.86282				2
2025.07.07	01:43:18.897	0.86283				2
2025.07.07	01:43:22.237	0.86282				2
2025.07.07	01:43:30.407	0.86283				2
2025.07.07	01:43:47.437	0.86282	0.86283			6
2025.07.07	01:43:58.456	0.86283	0.86284			6
2025.07.07	01:44:01.765	0.86283				2
2025.07.07	01:44:08.032	0.86282	0.86283			6
2025.07.07	01:44:21.820	0.86283	0.86284			6
2025.07.07	01:44:30.366	0.86284	0.86285			6
2025.07.07	01:44:30.671	0.86282	0.86283			6
2025.07.07	01:44:38.216	0.86281				2
2025.07.07	01:44:50.340	0.86282				2
2025.07.07	01:45:00.173	0.86282				2
2025.07.07	01:45:04.795	0.86285	0.86287			6
2025.07.07	01:45:19.688	0.86284	0.86285			6
2025.07.07	01:45:29.580	0.86282	0.86284			6
2025.07.07	01:45:56.740	0.86284	0.86285			6
2025.07.07	01:45:57.516	0.86282	0.86284			6
2025.07.07	01:45:59.964	0.86283				2
2025.07.07	01:46:00.499	0.86282				2
2025.07.07	01:46:01.936	0.86283				2
2025.07.07	01:46:16.264	0.86285	0.86286			6
2025.07.07	01:46:16.749	0.86284				2
2025.07.07	01:46:17.784		0.86285			4
2025.07.07	01:46:19.153	0.86285	0.86286			6
2025.07.07	01:46:20.752	0.86284	0.86285			6
2025.07.07	01:46:21.411	0.86285	0.86286			6
2025.07.07	01:46:25.872	0.86286	0.86287			6
2025.07.07	01:46:33.557		0.86288			4
2025.07.07	01:46:40.631	0.86285	0.86287			6
2025.07.07	01:46:43.065	0.86283	0.86284			6
2025.07.07	01:46:43.402	0.86284	0.86285			6
2025.07.07	01:46:43.765		0.86286			4
2025.07.07	01:46:49.876		0.86285			4
2025.07.07	01:46:57.037	0.86286	0.86287			6
2025.07.07	01:46:57.382	0.86283	0.86284			6
2025.07.07	01:46:58.350	0.86281	0.86282			6
2025.07.07	01:47:00.626	0.86280				2
2025.07.07	01:47:02.896	0.86282	0.86283			6
2025.07.07	01:47:07.634	0.86283	0.86284			6
2025.07.07	01:47:11.062	0.86284	0.86286			6
2025.07.07	01:47:12.057	0.86283	0.86285			6
2025.07.07	01:47:36.496	0.86285	0.86286			6
2025.07.07	01:47:43.322	0.86280	0.86282			6
2025.07.07	01:47:49.487	0.86281				2
2025.07.07	01:47:50.262	0.86282	0.86284			6
2025.07.07	01:47:50.789	0.86281	0.86282			6
2025.07.07	01:47:51.097	0.86284	0.86286			6
2025.07.07	01:47:51.826		0.86285			4
2025.07.07	01:47:55.333		0.86286			4
2025.07.07	01:48:00.671	0.86284				2
2025.07.07	01:48:01.079		0.86285			4
2025.07.07	01:48:01.622		0.86286			4
2025.07.07	01:48:12.548	0.86286	0.86287			6
2025.07.07	01:49:00.596	0.86286				2
2025.07.07	01:49:13.827		0.86287			4
2025.07.07	01:50:00.407	0.86286				2
2025.07.07	01:50:10.743	0.86285	0.86286			6
2025.07.07	01:50:11.062	0.86286	0.86287			6
2025.07.07	01:50:48.635	0.86287	0.86288			6
2025.07.07	01:51:00.455	0.86286	0.86287			6
2025.07.07	01:51:03.015	0.86284	0.86285			6
2025.07.07	01:51:03.377		0.86286			4
2025.07.07	01:51:03.927	0.86285				2
2025.07.07	01:51:06.878	0.86282	0.86283			6
2025.07.07	01:51:16.945	0.86281	0.86282			6
2025.07.07	01:51:19.268	0.86280				2
2025.07.07	01:51:27.821		0.86281			4
2025.07.07	01:51:39.992	0.86281	0.86282			6
2025.07.07	01:51:45.933	0.86280	0.86281			6
2025.07.07	01:52:02.018	0.86280				2
2025.07.07	01:52:08.132	0.86282	0.86283			6
2025.07.07	01:52:26.841	0.86283	0.86284			6
2025.07.07	01:52:34.395	0.86282	0.86283			6
2025.07.07	01:52:40.201	0.86283	0.86286			6
2025.07.07	01:52:50.323	0.86284				2
2025.07.07	01:52:50.725	0.86285				2
2025.07.07	01:52:51.634	0.86283				2
2025.07.07	01:53:00.124	0.86283	0.86285			6
2025.07.07	01:53:05.207	0.86282	0.86283			6
2025.07.07	01:53:05.863		0.86284			4
2025.07.07	01:53:10.422	0.86283				2
2025.07.07	01:53:16.350	0.86282	0.86283			6
2025.07.07	01:53:16.659	0.86279	0.86281			6
2025.07.07	01:53:17.120	0.86278				2
2025.07.07	01:53:18.640	0.86279				2
2025.07.07	01:53:18.996		0.86282			4
2025.07.07	01:53:19.837	0.86278	0.86281			6
2025.07.07	01:53:20.140	0.86279	0.86282			6
2025.07.07	01:53:23.847	0.86281				2
2025.07.07	01:53:26.099	0.86280	0.86283			6
2025.07.07	01:53:28.723	0.86281	0.86284			6
2025.07.07	01:53:31.104		0.86283			4
2025.07.07	01:53:31.677		0.86284			4
2025.07.07	01:54:02.863	0.86281				2
2025.07.07	01:54:16.697		0.86282			4
2025.07.07	01:54:17.533		0.86283			4
2025.07.07	01:54:29.300		0.86282			4
2025.07.07	01:54:53.707	0.86280	0.86281			6
2025.07.07	01:54:54.559	0.86279	0.86280			6
2025.07.07	01:54:54.867	0.86281	0.86282			6
2025.07.07	01:55:00.000	0.86281				2
2025.07.07	01:55:05.738	0.86276	0.86277			6
2025.07.07	01:55:16.105	0.86275	0.86276			6
2025.07.07	01:55:16.410	0.86276	0.86277			6
2025.07.07	01:55:58.121	0.86277	0.86278			6
2025.07.07	01:56:00.233	0.86277				2
2025.07.07	01:56:01.278	0.86276	0.86277			6
2025.07.07	01:56:23.230	0.86277	0.86278			6
2025.07.07	01:56:29.943	0.86276	0.86277			6
2025.07.07	01:56:34.756	0.86277	0.86278			6
2025.07.07	01:56:53.320	0.86276	0.86277			6
2025.07.07	01:57:00.478	0.86276				2
2025.07.07	01:57:19.439	0.86277	0.86278			6
2025.07.07	01:57:23.957	0.86276	0.86277			6
2025.07.07	01:58:01.343	0.86276				2
2025.07.07	01:58:03.459	0.86275	0.86276			6
2025.07.07	01:58:13.264	0.86276	0.86277			6
2025.07.07	01:58:55.323	0.86277	0.86278			6
2025.07.07	01:59:00.619	0.86277				2
2025.07.07	01:59:01.767		0.86279			4
2025.07.07	01:59:03.493	0.86280	0.86281			6
2025.07.07	01:59:03.818		0.86282			4
2025.07.07	01:59:07.333	0.86279	0.86283			6
2025.07.07	01:59:09.577		0.86281			4
2025.07.07	01:59:39.731	0.86278	0.86280			6
2025.07.07	01:59:40.683		0.86281			4
2025.07.07	02:00:00.339	0.86278				2
2025.07.07	02:00:00.739	0.86279				2
2025.07.07	02:00:03.023	0.86280				2
2025.07.07	02:00:03.922		0.86283			4
2025.07.07	02:00:04.538	0.86284	0.86287			6
2025.07.07	02:00:04.855		0.86286			4
2025.07.07	02:00:05.890	0.86285				2
2025.07.07	02:00:06.373		0.86287			4
2025.07.07	02:00:09.980		0.86286			4
2025.07.07	02:00:10.775	0.86284				2
2025.07.07	02:00:11.083		0.86287			4
2025.07.07	02:00:12.800	0.86287	0.86288			6
2025.07.07	02:00:13.126	0.86286	0.86287			6
2025.07.07	02:00:14.749	0.86288	0.86289			6
2025.07.07	02:00:17.242	0.86287	0.86288			6
2025.07.07	02:00:19.408	0.86288	0.86289			6
2025.07.07	02:00:32.214	0.86286	0.86287			6
2025.07.07	02:00:33.391	0.86287	0.86288			6
2025.07.07	02:00:38.451	0.86286	0.86287			6
2025.07.07	02:00:44.917	0.86283	0.86286			6
2025.07.07	02:00:47.832		0.86284			4
2025.07.07	02:00:50.621	0.86282	0.86283			6
2025.07.07	02:00:52.363		0.86284			4
2025.07.07	02:01:00.177	0.86282				2
2025.07.07	02:01:01.805	0.86283	0.86285			6
2025.07.07	02:01:02.232		0.86286			4
2025.07.07	02:01:03.407		0.86285			4
2025.07.07	02:01:03.726	0.86282	0.86287			6
2025.07.07	02:01:04.066	0.86283				2
2025.07.07	02:01:04.446		0.86286			4
2025.07.07	02:01:04.800	0.86285	0.86287			6
2025.07.07	02:01:12.008	0.86287	0.86289			6
2025.07.07	02:01:17.677		0.86288			4
2025.07.07	02:01:19.957	0.86286				2
2025.07.07	02:01:26.424	0.86285				2
2025.07.07	02:01:37.128	0.86286				2
2025.07.07	02:01:47.092	0.86287	0.86289			6
2025.07.07	02:01:47.781		0.86288			4
2025.07.07	02:01:51.491	0.86286				2
2025.07.07	02:01:58.314	0.86287	0.86289			6
2025.07.07	02:02:00.377	0.86287				2
2025.07.07	02:02:04.183		0.86288			4
2025.07.07	02:02:07.694		0.86289			4
2025.07.07	02:02:08.726	0.86289	0.86290			6
2025.07.07	02:02:19.385	0.86288				2
2025.07.07	02:02:19.700	0.86289				2
2025.07.07	02:02:28.283	0.86290	0.86291			6
2025.07.07	02:02:31.707	0.86289	0.86290			6
2025.07.07	02:02:34.181	0.86288	0.86289			6
2025.07.07	02:02:55.457	0.86289	0.86290			6
2025.07.07	02:03:00.366	0.86289				2
2025.07.07	02:03:03.476		0.86291			4
2025.07.07	02:03:03.780		0.86290			4
2025.07.07	02:03:06.897	0.86288	0.86289			6
2025.07.07	02:03:12.710	0.86289	0.86290			6
2025.07.07	02:03:15.221	0.86288	0.86289			6
2025.07.07	02:03:19.075	0.86292	0.86293			6
2025.07.07	02:03:25.216	0.86293	0.86294			6
2025.07.07	02:03:35.144	0.86294	0.86295			6
2025.07.07	02:03:41.540	0.86292	0.86293			6
2025.07.07	02:03:55.458	0.86293	0.86294			6
2025.07.07	02:03:55.766	0.86294	0.86295			6
2025.07.07	02:04:00.627	0.86294				2
2025.07.07	02:04:03.281	0.86293				2
2025.07.07	02:04:08.980	0.86294				2
2025.07.07	02:04:09.598	0.86293				2
2025.07.07	02:04:10.337	0.86294				2
2025.07.07	02:04:24.129	0.86297	0.86298			6
2025.07.07	02:04:28.285	0.86296	0.86301			6
2025.07.07	02:04:30.142		0.86300			4
2025.07.07	02:04:31.357	0.86297				2
2025.07.07	02:04:31.658		0.86298			4
2025.07.07	02:04:35.006	0.86298	0.86299			6
2025.07.07	02:04:35.640	0.86297	0.86298			6
2025.07.07	02:04:36.264	0.86296	0.86297			6
2025.07.07	02:04:36.617	0.86295	0.86296			6
2025.07.07	02:04:56.361	0.86294	0.86295			6
2025.07.07	02:04:57.072	0.86293	0.86294			6
2025.07.07	02:05:00.360	0.86290	0.86293			6
2025.07.07	02:05:04.755	0.86291				2
2025.07.07	02:05:20.787	0.86293	0.86294			6
2025.07.07	02:05:23.029	0.86291	0.86293			6
2025.07.07	02:05:30.474	0.86293	0.86294			6
2025.07.07	02:05:37.162	0.86294	0.86295			6
2025.07.07	02:05:39.967	0.86290	0.86293			6
2025.07.07	02:05:45.637		0.86292			4
2025.07.07	02:06:00.406	0.86290				2
2025.07.07	02:06:10.573		0.86291			4
2025.07.07	02:06:10.878	0.86289	0.86292			6
2025.07.07	02:06:11.182	0.86290				2
2025.07.07	02:06:21.233		0.86293			4
2025.07.07	02:06:44.309	0.86292				2
2025.07.07	02:06:59.517	0.86291				2
2025.07.07	02:07:00.167	0.86291				2
2025.07.07	02:07:02.161	0.86290				2
2025.07.07	02:07:19.524		0.86292			4
2025.07.07	02:07:39.924	0.86291				2
2025.07.07	02:07:49.506	0.86289				2
2025.07.07	02:08:00.345	0.86290				2
2025.07.07	02:08:03.557		0.86291			4
2025.07.07	02:08:22.321	0.86289	0.86290			6
2025.07.07	02:08:26.272		0.86291			4
2025.07.07	02:08:28.816	0.86290				2
2025.07.07	02:08:30.430	0.86291	0.86292			6
2025.07.07	02:08:40.623	0.86290	0.86291			6
2025.07.07	02:08:42.208	0.86289				2
2025.07.07	02:08:53.092	0.86287	0.86289			6
2025.07.07	02:09:00.110	0.86287				2
2025.07.07	02:09:06.286	0.86286	0.86288			6
2025.07.07	02:09:35.818	0.86287				2
2025.07.07	02:09:41.272	0.86286				2
2025.07.07	02:09:43.559	0.86290	0.86291			6
2025.07.07	02:09:43.895		0.86292			4
2025.07.07	02:09:51.445		0.86291			4
2025.07.07	02:09:52.333	0.86287	0.86290			6
2025.07.07	02:09:52.822		0.86289			4
2025.07.07	02:09:54.352		0.86290			4
2025.07.07	02:10:00.351	0.86287				2
2025.07.07	02:10:03.801	0.86288				2
2025.07.07	02:10:10.347		0.86291			4
2025.07.07	02:10:16.459	0.86289				2
2025.07.07	02:10:23.336	0.86290				2
2025.07.07	02:10:23.638	0.86291	0.86293			6
2025.07.07	02:10:28.682		0.86294			4
2025.07.07	02:10:31.077	0.86292				2
2025.07.07	02:10:31.458	0.86291				2
2025.07.07	02:10:40.022	0.86290	0.86293			6
2025.07.07	02:10:42.938	0.86291				2
2025.07.07	02:10:46.943	0.86290				2
2025.07.07	02:10:47.317	0.86291				2
2025.07.07	02:10:50.297	0.86290				2
2025.07.07	02:10:51.027		0.86292			4
2025.07.07	02:10:54.376		0.86291			4
2025.07.07	02:11:00.409	0.86290				2
2025.07.07	02:11:01.833	0.86289				2
2025.07.07	02:11:04.456		0.86290			4
2025.07.07	02:11:07.897	0.86288				2
2025.07.07	02:11:10.734	0.86289	0.86291			6
2025.07.07	02:11:17.599		0.86292			4
2025.07.07	02:11:31.082	0.86287	0.86290			6
2025.07.07	02:11:32.179	0.86288	0.86291			6
2025.07.07	02:11:49.756	0.86289				2
2025.07.07	02:11:51.123	0.86288				2
2025.07.07	02:11:52.294	0.86289	0.86292			6
2025.07.07	02:11:52.625		0.86291			4
2025.07.07	02:12:00.367	0.86289				2
2025.07.07	02:12:07.367	0.86288	0.86290			6
2025.07.07	02:12:31.798	0.86289				2
2025.07.07	02:12:33.852		0.86291			4
2025.07.07	02:12:41.234	0.86288				2
2025.07.07	02:12:50.212	0.86289				2
2025.07.07	02:13:00.654	0.86289				2
2025.07.07	02:13:07.459	0.86288				2
2025.07.07	02:13:14.913	0.86286	0.86289			6
2025.07.07	02:13:16.109	0.86285	0.86288			6
2025.07.07	02:13:17.460	0.86287				2
2025.07.07	02:13:20.006		0.86289			4
2025.07.07	02:13:22.459	0.86286				2
2025.07.07	02:13:23.762		0.86288			4
2025.07.07	02:13:27.607		0.86289			4
2025.07.07	02:13:36.366		0.86288			4
2025.07.07	02:13:36.680	0.86287	0.86289			6
2025.07.07	02:14:00.408	0.86287				2
2025.07.07	02:14:01.297		0.86288			4
2025.07.07	02:14:12.065	0.86286	0.86287			6
2025.07.07	02:14:13.096	0.86285				2
2025.07.07	02:14:27.209	0.86284				2
2025.07.07	02:14:49.972		0.86286			4
2025.07.07	02:15:00.019	0.86284				2
2025.07.07	02:15:12.083		0.86287			4
2025.07.07	02:15:13.252	0.86285				2
2025.07.07	02:15:25.171		0.86286			4
2025.07.07	02:15:25.584		0.86287			4
2025.07.07	02:15:31.493	0.86284				2
2025.07.07	02:15:55.678	0.86285				2
2025.07.07	02:15:55.979		0.86288			4
2025.07.07	02:15:57.782	0.86287	0.86290			6
2025.07.07	02:16:00.657	0.86287				2
2025.07.07	02:16:27.140		0.86289			4
2025.07.07	02:16:59.716	0.86286	0.86288			6
2025.07.07	02:17:00.485	0.86286				2
2025.07.07	02:17:05.746		0.86289			4
2025.07.07	02:17:06.416		0.86288			4
2025.07.07	02:17:07.079	0.86287	0.86289			6
2025.07.07	02:17:14.731	0.86286	0.86288			6
2025.07.07	02:17:15.456		0.86290			4
2025.07.07	02:17:19.373	0.86287				2
2025.07.07	02:17:30.407	0.86286	0.86289			6
2025.07.07	02:17:31.096		0.86288			4
2025.07.07	02:17:32.489	0.86285				2
2025.07.07	02:17:46.574	0.86286				2
2025.07.07	02:18:00.407	0.86286				2
2025.07.07	02:18:05.917		0.86290			4
2025.07.07	02:18:09.513		0.86289			4
2025.07.07	02:18:31.296	0.86288	0.86290			6
2025.07.07	02:18:31.661	0.86289				2
2025.07.07	02:18:36.684	0.86290	0.86291			6
2025.07.07	02:18:38.279	0.86289	0.86290			6
2025.07.07	02:18:45.702		0.86291			4
2025.07.07	02:18:50.550	0.86290				2
2025.07.07	02:19:00.227	0.86290				2
2025.07.07	02:19:00.650	0.86291	0.86292			6
2025.07.07	02:19:20.910	0.86290	0.86291			6
2025.07.07	02:19:34.066	0.86289	0.86290			6
2025.07.07	02:19:34.422	0.86291	0.86292			6
2025.07.07	02:19:36.074	0.86290	0.86291			6
2025.07.07	02:19:40.457	0.86291	0.86292			6
2025.07.07	02:20:00.350	0.86291				2
2025.07.07	02:20:11.240	0.86290	0.86291			6
2025.07.07	02:20:24.345	0.86291	0.86292			6
2025.07.07	02:20:33.905	0.86288	0.86290			6
2025.07.07	02:20:39.089		0.86289			4
2025.07.07	02:20:41.917	0.86287	0.86290			6
2025.07.07	02:20:53.790	0.86288				2
2025.07.07	02:21:00.473	0.86288				2
2025.07.07	02:21:42.615		0.86290			4
2025.07.07	02:21:45.356		0.86289			4
2025.07.07	02:21:52.520	0.86287				2
2025.07.07	02:22:00.457	0.86288				2
2025.07.07	02:22:02.478		0.86290			4
2025.07.07	02:22:02.781	0.86289	0.86291			6
2025.07.07	02:22:03.092	0.86288				2
2025.07.07	02:22:07.002	0.86290				2
2025.07.07	02:22:23.588		0.86292			4
2025.07.07	02:22:23.999		0.86291			4
2025.07.07	02:22:57.609	0.86291	0.86292			6
2025.07.07	02:23:00.010	0.86291				2
2025.07.07	02:23:02.469	0.86290	0.86291			6
2025.07.07	02:23:06.519	0.86291	0.86292			6
2025.07.07	02:23:14.714	0.86290	0.86291			6
2025.07.07	02:23:17.871		0.86292			4
2025.07.07	02:23:22.031		0.86293			4
2025.07.07	02:23:22.335		0.86292			4
2025.07.07	02:23:36.617		0.86291			4
2025.07.07	02:23:40.397	0.86289				2
2025.07.07	02:23:41.478	0.86290				2
2025.07.07	02:23:44.897		0.86292			4
2025.07.07	02:23:50.070	0.86291				2
2025.07.07	02:23:50.382	0.86290				2
2025.07.07	02:23:51.492	0.86291				2
2025.07.07	02:23:52.455	0.86289	0.86291			6
2025.07.07	02:24:00.542	0.86289				2
2025.07.07	02:24:01.525	0.86288				2
2025.07.07	02:24:09.073	0.86289				2
2025.07.07	02:24:21.382	0.86287	0.86290			6
2025.07.07	02:24:26.382		0.86289			4
2025.07.07	02:24:33.923	0.86286	0.86288			6
2025.07.07	02:24:34.371		0.86289			4
2025.07.07	02:24:35.721	0.86283	0.86286			6
2025.07.07	02:24:38.365		0.86285			4
2025.07.07	02:25:00.390	0.86283				2
2025.07.07	02:25:01.410	0.86284	0.86286			6
2025.07.07	02:25:01.862		0.86285			4
2025.07.07	02:25:14.692	0.86283				2
2025.07.07	02:25:18.454	0.86285	0.86286			6
2025.07.07	02:25:21.803	0.86283	0.86285			6
2025.07.07	02:25:23.229	0.86284				2
2025.07.07	02:25:24.786	0.86285	0.86287			6
2025.07.07	02:25:54.429	0.86286				2
2025.07.07	02:26:01.552	0.86286				2
2025.07.07	02:26:05.450		0.86288			4
2025.07.07	02:26:08.361	0.86285	0.86287			6
2025.07.07	02:26:12.899		0.86286			4
2025.07.07	02:26:14.751		0.86287			4
2025.07.07	02:26:21.498	0.86284				2
2025.07.07	02:27:01.389	0.86284	0.86286			6
2025.07.07	02:27:18.952	0.86285	0.86287			6
2025.07.07	02:27:19.614	0.86284	0.86286			6
2025.07.07	02:27:23.428	0.86283	0.86285			6
2025.07.07	02:27:26.659	0.86284	0.86286			6
2025.07.07	02:27:27.184	0.86285				2
2025.07.07	02:28:01.543	0.86285				2
2025.07.07	02:28:16.229	0.86284				2
2025.07.07	02:28:19.620	0.86285	0.86287			6
2025.07.07	02:28:24.345		0.86286			4
2025.07.07	02:28:30.738		0.86287			4
2025.07.07	02:28:40.092	0.86284				2
2025.07.07	02:28:50.972	0.86285	0.86286			6
2025.07.07	02:28:52.122	0.86284				2
2025.07.07	02:28:59.305	0.86285	0.86287			6
2025.07.07	02:29:00.176	0.86285				2
2025.07.07	02:29:04.595		0.86286			4
2025.07.07	02:29:14.360		0.86287			4
2025.07.07	02:29:30.421		0.86288			4
2025.07.07	02:29:33.974	0.86286				2
2025.07.07	02:29:47.699		0.86289			4
2025.07.07	02:29:56.690		0.86288			4
2025.07.07	02:30:00.362	0.86285	0.86287			6
2025.07.07	02:30:01.396	0.86286	0.86289			6
2025.07.07	02:30:01.764	0.86287				2
2025.07.07	02:30:10.758	0.86288				2
2025.07.07	02:30:13.060	0.86289	0.86290			6
2025.07.07	02:30:22.481	0.86287	0.86289			6
2025.07.07	02:30:26.974	0.86288	0.86290			6
2025.07.07	02:30:27.323		0.86291			4
2025.07.07	02:30:30.059	0.86289				2
2025.07.07	02:30:32.412		0.86290			4
2025.07.07	02:30:33.743		0.86291			4
2025.07.07	02:30:36.472		0.86290			4
2025.07.07	02:30:37.379		0.86291			4
2025.07.07	02:30:37.721	0.86288				2
2025.07.07	02:30:40.495		0.86290			4
2025.07.07	02:30:40.861	0.86287	0.86289			6
2025.07.07	02:30:51.087	0.86288				2
2025.07.07	02:31:00.464	0.86288				2
2025.07.07	02:31:18.544		0.86290			4
2025.07.07	02:31:22.340		0.86291			4
2025.07.07	02:31:23.364	0.86290	0.86292			6
2025.07.07	02:31:32.954	0.86291				2
2025.07.07	02:31:36.496		0.86293			4
2025.07.07	02:31:41.989		0.86292			4
2025.07.07	02:31:42.704	0.86290	0.86293			6
2025.07.07	02:31:43.282	0.86291				2
2025.07.07	02:31:44.216	0.86293	0.86294			6
2025.07.07	02:31:44.519	0.86292				2
2025.07.07	02:32:00.615	0.86292				2
2025.07.07	02:32:03.966		0.86293			4
2025.07.07	02:32:04.437	0.86291				2
2025.07.07	02:32:05.482		0.86294			4
2025.07.07	02:32:09.325	0.86292				2
2025.07.07	02:32:13.289	0.86290	0.86292			6
2025.07.07	02:32:34.649	0.86291	0.86293			6
2025.07.07	02:32:37.252	0.86290	0.86292			6
2025.07.07	02:32:54.936	0.86289				2
2025.07.07	02:33:00.369	0.86290				2
2025.07.07	02:33:16.358	0.86289	0.86291			6
2025.07.07	02:33:21.704		0.86290			4
2025.07.07	02:33:23.022		0.86291			4
2025.07.07	02:33:27.618	0.86291	0.86293			6
2025.07.07	02:33:27.977	0.86292				2
2025.07.07	02:33:28.706	0.86291	0.86292			6
2025.07.07	02:33:29.022	0.86290				2
2025.07.07	02:33:29.370	0.86292	0.86293			6
2025.07.07	02:33:29.680		0.86294			4
2025.07.07	02:33:34.622	0.86291	0.86293			6
2025.07.07	02:33:36.791	0.86292				2
2025.07.07	02:33:42.787		0.86294			4
2025.07.07	02:33:43.540		0.86293			4
2025.07.07	02:33:44.086	0.86291	0.86292			6
2025.07.07	02:33:45.266		0.86293			4
2025.07.07	02:33:46.121		0.86292			4
2025.07.07	02:33:48.019	0.86289				2
2025.07.07	02:33:52.985	0.86290				2
2025.07.07	02:33:59.500	0.86289	0.86291			6
2025.07.07	02:34:00.309	0.86288				2
2025.07.07	02:34:00.619	0.86291	0.86292			6
2025.07.07	02:34:08.908	0.86290	0.86291			6
2025.07.07	02:34:19.221	0.86289	0.86290			6
2025.07.07	02:34:28.355		0.86291			4
2025.07.07	02:34:34.482		0.86290			4
2025.07.07	02:35:00.646	0.86289				2
2025.07.07	02:35:02.627		0.86291			4
2025.07.07	02:35:02.930	0.86290				2
2025.07.07	02:35:03.673	0.86291	0.86292			6
2025.07.07	02:35:04.001	0.86290				2
2025.07.07	02:35:04.344	0.86291				2
2025.07.07	02:35:18.761	0.86293	0.86294			6
2025.07.07	02:35:20.891	0.86291	0.86292			6
2025.07.07	02:35:22.099	0.86289				2
2025.07.07	02:35:25.893		0.86291			4
2025.07.07	02:35:26.503	0.86292	0.86293			6
2025.07.07	02:35:30.631		0.86294			4
2025.07.07	02:35:31.144		0.86293			4
2025.07.07	02:35:34.225		0.86294			4
2025.07.07	02:35:49.246	0.86291	0.86293			6
2025.07.07	02:35:49.560	0.86292	0.86294			6
2025.07.07	02:35:49.871		0.86293			4
2025.07.07	02:35:52.320		0.86294			4
2025.07.07	02:35:57.297		0.86293			4
2025.07.07	02:35:57.979		0.86294			4
2025.07.07	02:36:00.416	0.86292				2
2025.07.07	02:36:03.749		0.86293			4
2025.07.07	02:36:04.276	0.86291				2
2025.07.07	02:36:10.972		0.86292			4
2025.07.07	02:36:11.280	0.86293	0.86295			6
2025.07.07	02:36:11.834		0.86294			4
2025.07.07	02:36:17.777	0.86292				2
2025.07.07	02:36:18.078	0.86291	0.86293			6
2025.07.07	02:36:18.626	0.86292				2
2025.07.07	02:36:21.368	0.86291				2
2025.07.07	02:36:22.058		0.86292			4
2025.07.07	02:36:24.487		0.86293			4
2025.07.07	02:36:24.791		0.86292			4
2025.07.07	02:36:25.096		0.86293			4
2025.07.07	02:36:25.404		0.86292			4
2025.07.07	02:36:26.044		0.86293			4
2025.07.07	02:36:26.383		0.86292			4
2025.07.07	02:36:26.986	0.86292	0.86293			6
2025.07.07	02:36:47.890	0.86290	0.86292			6
2025.07.07	02:36:48.964	0.86291				2
2025.07.07	02:37:00.224	0.86291				2
2025.07.07	02:37:01.487		0.86293			4
2025.07.07	02:37:13.006		0.86292			4
2025.07.07	02:37:13.681	0.86292	0.86293			6
2025.07.07	02:37:21.019	0.86291				2
2025.07.07	02:37:24.148	0.86292				2
2025.07.07	02:37:29.797	0.86293	0.86294			6
2025.07.07	02:37:31.312	0.86292	0.86293			6
2025.07.07	02:37:34.118	0.86293	0.86295			6
2025.07.07	02:37:34.423	0.86294				2
2025.07.07	02:37:54.862	0.86295	0.86296			6
2025.07.07	02:37:58.043	0.86294	0.86295			6
2025.07.07	02:38:01.412	0.86292	0.86293			6
2025.07.07	02:38:02.233	0.86290				2
2025.07.07	02:38:06.590	0.86291				2
2025.07.07	02:38:06.934		0.86292			4
2025.07.07	02:38:19.042	0.86290				2
2025.07.07	02:38:19.360	0.86292	0.86293			6
2025.07.07	02:38:40.388	0.86291	0.86292			6
2025.07.07	02:39:00.024	0.86291				2
2025.07.07	02:39:05.286	0.86289				2
2025.07.07	02:39:06.321	0.86291				2
2025.07.07	02:39:08.305	0.86293	0.86294			6
2025.07.07	02:39:10.297	0.86292	0.86293			6
2025.07.07	02:39:24.521	0.86291	0.86292			6
2025.07.07	02:39:25.567	0.86290				2
2025.07.07	02:39:26.825		0.86291			4
2025.07.07	02:39:28.805	0.86291	0.86292			6
2025.07.07	02:39:41.501	0.86292	0.86293			6
2025.07.07	02:39:46.507	0.86291	0.86292			6
2025.07.07	02:39:46.809	0.86292	0.86293			6
2025.07.07	02:39:47.320	0.86291	0.86292			6
2025.07.07	02:39:50.418	0.86292	0.86293			6
2025.07.07	02:39:50.731		0.86294			4
2025.07.07	02:39:54.507	0.86293				2
2025.07.07	02:39:58.741	0.86292	0.86293			6
2025.07.07	02:40:00.496	0.86294	0.86295			6
2025.07.07	02:40:01.013	0.86293	0.86294			6
2025.07.07	02:40:10.612	0.86294	0.86295			6
2025.07.07	02:40:22.423	0.86293	0.86294			6
2025.07.07	02:40:28.482	0.86292				2
2025.07.07	02:40:29.187	0.86294	0.86295			6
2025.07.07	02:40:29.494	0.86297	0.86298			6
2025.07.07	02:40:33.957	0.86296	0.86297			6
2025.07.07	02:40:34.963	0.86295	0.86296			6
2025.07.07	02:40:42.539	0.86294				2
2025.07.07	02:40:50.590	0.86293				2
2025.07.07	02:40:52.488	0.86294				2
2025.07.07	02:41:00.753	0.86294	0.86295			6
2025.07.07	02:41:01.060	0.86293				2
2025.07.07	02:41:03.048	0.86292				2
2025.07.07	02:41:03.373	0.86293				2
2025.07.07	02:41:09.247	0.86292	0.86294			6
2025.07.07	02:41:09.557		0.86295			4
2025.07.07	02:41:13.457	0.86293				2
2025.07.07	02:41:47.779		0.86294			4
2025.07.07	02:41:50.256		0.86295			4
2025.07.07	02:41:52.602	0.86294				2
2025.07.07	02:41:53.533	0.86293				2
2025.07.07	02:42:00.376	0.86293				2
2025.07.07	02:42:01.453	0.86294	0.86296			6
2025.07.07	02:42:01.764	0.86296	0.86297			6
2025.07.07	02:42:23.045	0.86293	0.86296			6
2025.07.07	02:42:23.363	0.86294				2
2025.07.07	02:42:42.569	0.86297	0.86298			6
2025.07.07	02:42:46.555	0.86294	0.86297			6
2025.07.07	02:42:54.567		0.86296			4
2025.07.07	02:42:56.431	0.86295				2
2025.07.07	02:43:00.306	0.86294				2
2025.07.07	02:43:02.414	0.86293				2
2025.07.07	02:43:02.984	0.86294				2
2025.07.07	02:43:04.004	0.86293	0.86295			6
2025.07.07	02:43:19.515	0.86294	0.86296			6
2025.07.07	02:43:19.855	0.86295				2
2025.07.07	02:43:23.402	0.86293	0.86295			6
2025.07.07	02:43:23.720		0.86294			4
2025.07.07	02:43:32.789	0.86295	0.86296			6
2025.07.07	02:43:51.496	0.86296	0.86297			6
2025.07.07	02:44:01.095	0.86296				2
2025.07.07	02:44:07.243		0.86298			4
2025.07.07	02:44:11.437	0.86297				2
2025.07.07	02:44:12.481		0.86299			4
2025.07.07	02:44:18.568		0.86298			4
2025.07.07	02:44:18.929		0.86299			4
2025.07.07	02:44:24.421	0.86299	0.86300			6
2025.07.07	02:44:38.601	0.86298	0.86299			6
2025.07.07	02:44:42.636	0.86295	0.86296			6
2025.07.07	02:44:43.442	0.86294				2
2025.07.07	02:44:47.225	0.86296	0.86297			6
2025.07.07	02:44:55.379	0.86297	0.86298			6
2025.07.07	02:44:57.677	0.86298	0.86299			6
2025.07.07	02:45:00.153	0.86298				2
2025.07.07	02:45:00.576	0.86297	0.86298			6
2025.07.07	02:45:01.428	0.86298	0.86299			6
2025.07.07	02:45:02.463	0.86297	0.86298			6
2025.07.07	02:45:05.091	0.86298	0.86299			6
2025.07.07	02:45:06.159	0.86301	0.86302			6
2025.07.07	02:45:11.717	0.86300	0.86301			6
2025.07.07	02:45:15.648	0.86298	0.86299			6
2025.07.07	02:45:16.414	0.86297				2
2025.07.07	02:45:21.002	0.86298				2
2025.07.07	02:45:28.954	0.86296	0.86297			6
2025.07.07	02:45:30.347	0.86294	0.86296			6
2025.07.07	02:45:31.397	0.86290	0.86292			6
2025.07.07	02:45:32.076	0.86291				2
2025.07.07	02:45:32.950	0.86290	0.86291			6
2025.07.07	02:45:34.740	0.86291	0.86292			6
2025.07.07	02:45:35.245	0.86292	0.86293			6
2025.07.07	02:45:36.666	0.86293	0.86294			6
2025.07.07	02:45:43.955		0.86295			4
2025.07.07	02:45:46.185		0.86294			4
2025.07.07	02:45:46.538		0.86295			4
2025.07.07	02:45:51.347		0.86294			4
2025.07.07	02:45:51.731		0.86295			4
2025.07.07	02:45:52.517		0.86294			4
2025.07.07	02:45:52.862		0.86295			4
2025.07.07	02:45:56.490		0.86294			4
2025.07.07	02:46:00.407	0.86293				2
2025.07.07	02:46:01.306	0.86292				2
2025.07.07	02:46:02.806	0.86291	0.86293			6
2025.07.07	02:46:04.803	0.86292	0.86294			6
2025.07.07	02:46:06.345	0.86293				2
2025.07.07	02:46:07.189	0.86292				2
2025.07.07	02:46:09.196	0.86293	0.86295			6
2025.07.07	02:46:10.380	0.86292				2
2025.07.07	02:46:11.272	0.86294				2
2025.07.07	02:46:12.389	0.86293				2
2025.07.07	02:46:19.583	0.86292				2
2025.07.07	02:46:23.770		0.86294			4
2025.07.07	02:46:24.165		0.86295			4
2025.07.07	02:46:25.188		0.86294			4
2025.07.07	02:46:30.261		0.86295			4
2025.07.07	02:46:30.641		0.86294			4
2025.07.07	02:46:35.884		0.86295			4
2025.07.07	02:46:36.789		0.86294			4
2025.07.07	02:46:43.110	0.86293				2
2025.07.07	02:46:43.422		0.86295			4
2025.07.07	02:46:55.218	0.86292	0.86294			6
2025.07.07	02:47:00.441	0.86292				2
2025.07.07	02:47:07.294	0.86291				2
2025.07.07	02:47:10.585		0.86293			4
2025.07.07	02:47:11.486		0.86294			4
2025.07.07	02:47:11.885	0.86289	0.86292			6
2025.07.07	02:47:16.164		0.86291			4
2025.07.07	02:47:16.954		0.86290			4
2025.07.07	02:47:28.493		0.86291			4
2025.07.07	02:47:29.673		0.86290			4
2025.07.07	02:47:36.369	0.86288				2
2025.07.07	02:47:41.051		0.86291			4
2025.07.07	02:47:41.423	0.86287	0.86290			6
2025.07.07	02:47:41.740	0.86288				2
2025.07.07	02:47:42.280	0.86287				2
2025.07.07	02:47:45.377		0.86289			4
2025.07.07	02:47:55.504		0.86290			4
2025.07.07	02:48:00.647	0.86287				2
2025.07.07	02:48:01.393	0.86288	0.86291			6
2025.07.07	02:48:02.448	0.86286	0.86289			6
2025.07.07	02:48:02.757	0.86287				2
2025.07.07	02:48:03.756		0.86290			4
2025.07.07	02:48:05.786		0.86289			4
2025.07.07	02:48:15.517	0.86286				2
2025.07.07	02:48:19.923	0.86284	0.86286			6
2025.07.07	02:48:29.222		0.86287			4
2025.07.07	02:48:30.599	0.86283	0.86286			6
2025.07.07	02:48:31.322		0.86287			4
2025.07.07	02:48:31.845	0.86284				2
2025.07.07	02:48:39.097	0.86285				2
2025.07.07	02:48:55.648	0.86284				2
2025.07.07	02:49:00.579	0.86284				2
2025.07.07	02:49:00.944	0.86286				2
2025.07.07	02:49:01.259		0.86288			4
2025.07.07	02:49:13.723	0.86287	0.86290			6
2025.07.07	02:49:14.506		0.86289			4
2025.07.07	02:49:22.706		0.86290			4
2025.07.07	02:49:30.145		0.86289			4
2025.07.07	02:49:30.528	0.86286	0.86288			6
2025.07.07	02:49:33.147	0.86283	0.86285			6
2025.07.07	02:49:33.511		0.86286			4
2025.07.07	02:49:40.008	0.86287	0.86289			6
2025.07.07	02:49:40.394		0.86288			4
2025.07.07	02:49:41.376		0.86289			4
2025.07.07	02:49:44.240	0.86286	0.86288			6
2025.07.07	02:49:44.794		0.86287			4
2025.07.07	02:49:46.315		0.86288			4
2025.07.07	02:49:47.276		0.86287			4
2025.07.07	02:49:48.573	0.86284				2
2025.07.07	02:49:48.928		0.86286			4
2025.07.07	02:49:58.982		0.86287			4
2025.07.07	02:50:00.406	0.86284				2
2025.07.07	02:50:01.422	0.86285	0.86288			6
2025.07.07	02:50:05.488		0.86287			4
2025.07.07	02:50:05.802		0.86288			4
2025.07.07	02:50:07.158		0.86287			4
2025.07.07	02:50:10.949	0.86286	0.86288			6
2025.07.07	02:50:14.030	0.86287	0.86289			6
2025.07.07	02:50:16.367	0.86283	0.86287			6
2025.07.07	02:50:21.129		0.86285			4
2025.07.07	02:50:21.635	0.86282				2
2025.07.07	02:50:23.583	0.86283	0.86286			6
2025.07.07	02:50:27.085	0.86284				2
2025.07.07	02:50:30.629		0.86285			4
2025.07.07	02:50:33.415		0.86286			4
2025.07.07	02:50:45.138	0.86285				2
2025.07.07	02:50:53.058	0.86283	0.86285			6
2025.07.07	02:50:55.445		0.86286			4
2025.07.07	02:50:55.752		0.86285			4
2025.07.07	02:51:00.040	0.86283				2
2025.07.07	02:51:00.366		0.86286			4
2025.07.07	02:51:01.487		0.86285			4
2025.07.07	02:51:14.606		0.86286			4
2025.07.07	02:51:17.725		0.86285			4
2025.07.07	02:51:29.579		0.86286			4
2025.07.07	02:51:35.057		0.86285			4
2025.07.07	02:51:38.558	0.86284				2
2025.07.07	02:51:44.675		0.86286			4
2025.07.07	02:51:46.108	0.86285	0.86287			6
2025.07.07	02:51:46.457	0.86284				2
2025.07.07	02:51:49.205	0.86286	0.86289			6
2025.07.07	02:51:54.900	0.86285				2
2025.07.07	02:51:58.447		0.86290			4
2025.07.07	02:51:58.785	0.86286	0.86289			6
2025.07.07	02:52:00.510	0.86286				2
2025.07.07	02:52:03.312	0.86287	0.86290			6
2025.07.07	02:52:04.284	0.86286	0.86289			6
2025.07.07	02:52:14.087	0.86285				2
2025.07.07	02:52:14.977	0.86286				2
2025.07.07	02:52:28.592	0.86285	0.86288			6
2025.07.07	02:52:31.849	0.86286	0.86289			6
2025.07.07	02:52:39.790	0.86285	0.86288			6
2025.07.07	02:52:54.894	0.86284	0.86289			6
2025.07.07	02:52:55.324	0.86285	0.86288			6
2025.07.07	02:52:57.928		0.86287			4
2025.07.07	02:52:58.943		0.86288			4
2025.07.07	02:53:00.463	0.86285				2
2025.07.07	02:53:15.927	0.86286	0.86289			6
2025.07.07	02:53:26.319	0.86287	0.86290			6
2025.07.07	02:53:31.710	0.86286	0.86289			6
2025.07.07	02:53:32.141	0.86287	0.86290			6
2025.07.07	02:53:34.198	0.86286	0.86289			6
2025.07.07	02:53:34.502	0.86285	0.86288			6
2025.07.07	02:53:39.030	0.86286	0.86289			6
2025.07.07	02:53:40.792	0.86285	0.86288			6
2025.07.07	02:53:50.271	0.86284	0.86287			6
2025.07.07	02:53:51.293	0.86285	0.86288			6
2025.07.07	02:54:00.299	0.86285				2
2025.07.07	02:54:02.223	0.86286				2
2025.07.07	02:54:02.994		0.86289			4
2025.07.07	02:54:03.337		0.86288			4
2025.07.07	02:54:03.719		0.86289			4
2025.07.07	02:54:12.112	0.86285	0.86288			6
2025.07.07	02:54:19.228	0.86284				2
2025.07.07	02:54:22.281		0.86287			4
2025.07.07	02:54:26.014	0.86285	0.86288			6
2025.07.07	02:54:31.477	0.86286				2
2025.07.07	02:54:32.480		0.86289			4
2025.07.07	02:54:32.795	0.86287	0.86290			6
2025.07.07	02:54:33.474	0.86288	0.86291			6
2025.07.07	02:54:34.496	0.86289				2
2025.07.07	02:54:35.477		0.86292			4
2025.07.07	02:54:36.285		0.86291			4
2025.07.07	02:54:38.207		0.86292			4
2025.07.07	02:54:39.585		0.86291			4
2025.07.07	02:54:39.902	0.86291	0.86292			6
2025.07.07	02:54:50.196	0.86290				2
2025.07.07	02:54:54.281	0.86289	0.86291			6
2025.07.07	02:55:00.726	0.86289				2
2025.07.07	02:55:01.156	0.86288				2
2025.07.07	02:55:03.384	0.86287	0.86290			6
2025.07.07	02:55:08.696	0.86288	0.86291			6
2025.07.07	02:55:10.527	0.86289	0.86292			6
2025.07.07	02:55:10.847	0.86287	0.86290			6
2025.07.07	02:55:11.190		0.86291			4
2025.07.07	02:55:16.859		0.86290			4
2025.07.07	02:55:18.832		0.86291			4
2025.07.07	02:55:21.691		0.86290			4
2025.07.07	02:55:21.996		0.86291			4
2025.07.07	02:55:31.009	0.86286	0.86290			6
2025.07.07	02:55:35.737		0.86289			4
2025.07.07	02:55:37.393		0.86290			4
2025.07.07	02:55:38.407		0.86289			4
2025.07.07	02:55:40.105	0.86287	0.86290			6
2025.07.07	02:55:52.973	0.86285	0.86288			6
2025.07.07	02:55:54.307	0.86288	0.86291			6
2025.07.07	02:55:56.931		0.86292			4
2025.07.07	02:55:57.274	0.86289				2
2025.07.07	02:56:00.133	0.86289				2
2025.07.07	02:56:03.219		0.86291			4
2025.07.07	02:56:11.330	0.86288				2
2025.07.07	02:56:13.377	0.86290	0.86293			6
2025.07.07	02:56:13.993	0.86291	0.86294			6
2025.07.07	02:56:14.300	0.86292	0.86295			6
2025.07.07	02:56:14.617		0.86296			4
2025.07.07	02:56:14.933	0.86294	0.86295			6
2025.07.07	02:56:15.272		0.86297			4
2025.07.07	02:56:22.260	0.86296	0.86298			6
2025.07.07	02:56:22.694	0.86295				2
2025.07.07	02:56:24.858		0.86297			4
2025.07.07	02:56:28.393	0.86294	0.86296			6
2025.07.07	02:56:30.823		0.86297			4
2025.07.07	02:56:32.761		0.86298			4
2025.07.07	02:56:33.095	0.86295				2
2025.07.07	02:56:33.424	0.86296				2
2025.07.07	02:56:33.808	0.86295				2
2025.07.07	02:56:35.231	0.86294	0.86297			6
2025.07.07	02:56:38.624	0.86295	0.86298			6
2025.07.07	02:56:49.435		0.86297			4
2025.07.07	02:56:53.237	0.86294				2
2025.07.07	02:56:54.957	0.86293				2
2025.07.07	02:56:55.795	0.86295				2
2025.07.07	02:56:56.406	0.86296	0.86298			6
2025.07.07	02:56:57.017		0.86297			4
2025.07.07	02:56:57.824	0.86294	0.86296			6
2025.07.07	02:56:58.154		0.86297			4
2025.07.07	02:56:58.575	0.86295				2
2025.07.07	02:57:00.222	0.86295				2
2025.07.07	02:57:04.349	0.86294				2
2025.07.07	02:57:06.898	0.86295				2
2025.07.07	02:57:08.027	0.86294				2
2025.07.07	02:57:10.169	0.86295				2
2025.07.07	02:57:10.614	0.86294				2
2025.07.07	02:57:12.558	0.86295	0.86298			6
2025.07.07	02:57:22.362	0.86294	0.86297			6
2025.07.07	02:57:22.972	0.86295				2
2025.07.07	02:57:30.389		0.86298			4
2025.07.07	02:57:37.224		0.86297			4
2025.07.07	02:57:37.540		0.86298			4
2025.07.07	02:57:37.933	0.86294	0.86297			6
2025.07.07	02:57:44.547		0.86296			4
2025.07.07	02:57:45.092		0.86297			4
2025.07.07	02:57:45.644		0.86296			4
2025.07.07	02:57:46.206		0.86297			4
2025.07.07	02:57:49.499	0.86295				2
2025.07.07	02:57:53.982	0.86294				2
2025.07.07	02:58:00.332	0.86294				2
2025.07.07	02:58:13.454	0.86295	0.86298			6
2025.07.07	02:58:14.173	0.86294	0.86297			6
2025.07.07	02:58:24.412	0.86296				2
2025.07.07	02:58:24.719	0.86297	0.86298			6
2025.07.07	02:58:25.038		0.86300			4
2025.07.07	02:58:25.340		0.86299			4
2025.07.07	02:58:25.690	0.86296	0.86298			6
2025.07.07	02:58:25.999		0.86299			4
2025.07.07	02:58:27.744		0.86298			4
2025.07.07	02:58:28.696	0.86295	0.86297			6
2025.07.07	02:58:37.826		0.86296			4
2025.07.07	02:58:42.457		0.86297			4
2025.07.07	02:58:42.777	0.86293	0.86295			6
2025.07.07	02:58:46.387	0.86295	0.86297			6
2025.07.07	02:58:46.759		0.86298			4
2025.07.07	02:58:48.350	0.86296				2
2025.07.07	02:58:49.072	0.86297				2
2025.07.07	02:58:56.951	0.86295	0.86297			6
2025.07.07	02:59:00.076	0.86295				2
2025.07.07	02:59:10.001	0.86296				2
2025.07.07	02:59:10.376	0.86295				2
2025.07.07	02:59:10.678	0.86293	0.86296			6
2025.07.07	02:59:11.370		0.86295			4
2025.07.07	02:59:12.063		0.86296			4
2025.07.07	02:59:14.364	0.86294				2
2025.07.07	02:59:18.340	0.86295	0.86297			6
2025.07.07	02:59:18.654	0.86297	0.86298			6
2025.07.07	02:59:20.632	0.86296				2
2025.07.07	02:59:20.957	0.86295	0.86297			6
2025.07.07	02:59:21.259		0.86296			4
2025.07.07	02:59:24.401	0.86294				2
2025.07.07	02:59:24.704	0.86295				2
2025.07.07	02:59:29.621	0.86296	0.86297			6
2025.07.07	02:59:35.318	0.86295	0.86296			6
2025.07.07	02:59:35.664	0.86296	0.86297			6
2025.07.07	02:59:40.963	0.86295	0.86296			6
2025.07.07	02:59:43.581	0.86294	0.86295			6
2025.07.07	02:59:52.920	0.86293				2
2025.07.07	02:59:53.249	0.86296	0.86297			6
2025.07.07	03:00:00.155	0.86296				2
2025.07.07	03:00:00.457	0.86294	0.86295			6
2025.07.07	03:00:01.155		0.86296			4
2025.07.07	03:00:01.555		0.86295			4
2025.07.07	03:00:02.173	0.86295	0.86296			6
2025.07.07	03:00:03.720	0.86294	0.86295			6
2025.07.07	03:00:04.089	0.86293				2
2025.07.07	03:00:06.583	0.86294				2
2025.07.07	03:00:08.320	0.86297	0.86299			6
2025.07.07	03:00:08.625	0.86298	0.86301			6
2025.07.07	03:00:09.240		0.86300			4
2025.07.07	03:00:10.773	0.86299	0.86301			6
2025.07.07	03:00:12.013		0.86300			4
2025.07.07	03:00:12.319	0.86298	0.86299			6
2025.07.07	03:00:13.186		0.86301			4
2025.07.07	03:00:16.592	0.86299				2
2025.07.07	03:00:17.846		0.86302			4
2025.07.07	03:00:18.160		0.86301			4
2025.07.07	03:00:18.478	0.86298				2
2025.07.07	03:00:26.762	0.86299				2
2025.07.07	03:00:27.237	0.86300				2
2025.07.07	03:00:27.938	0.86298				2
2025.07.07	03:00:31.422		0.86300			4
2025.07.07	03:00:36.615		0.86299			4
2025.07.07	03:00:37.239		0.86300			4
2025.07.07	03:00:39.223	0.86297	0.86299			6
2025.07.07	03:00:39.576	0.86299	0.86302			6
2025.07.07	03:00:41.122		0.86301			4
2025.07.07	03:00:42.438	0.86303	0.86304			6
2025.07.07	03:00:43.479	0.86300	0.86302			6
2025.07.07	03:00:43.780	0.86299	0.86301			6
2025.07.07	03:00:44.476	0.86300				2
2025.07.07	03:00:46.956	0.86299	0.86300			6
2025.07.07	03:00:51.692	0.86301	0.86302			6
2025.07.07	03:00:51.999	0.86300	0.86301			6
2025.07.07	03:00:52.318	0.86301	0.86302			6
2025.07.07	03:00:53.218		0.86303			4
2025.07.07	03:00:57.387	0.86303	0.86304			6
2025.07.07	03:00:57.701		0.86305			4
2025.07.07	03:01:00.107	0.86304	0.86306			6
2025.07.07	03:01:00.433	0.86303				2
2025.07.07	03:01:02.426	0.86304				2
2025.07.07	03:01:03.898	0.86305	0.86307			6
2025.07.07	03:01:04.211	0.86306	0.86308			6
2025.07.07	03:01:07.030	0.86305				2
2025.07.07	03:01:08.023		0.86307			4
2025.07.07	03:01:08.398	0.86306	0.86308			6
2025.07.07	03:01:09.157	0.86309	0.86311			6
2025.07.07	03:01:09.462	0.86310	0.86312			6
2025.07.07	03:01:09.771		0.86311			4
2025.07.07	03:01:10.860	0.86308	0.86310			6
2025.07.07	03:01:11.740	0.86307	0.86309			6
2025.07.07	03:01:12.745		0.86310			4
2025.07.07	03:01:13.059		0.86309			4
2025.07.07	03:01:13.424		0.86308			4
2025.07.07	03:01:18.130		0.86309			4
2025.07.07	03:01:18.442	0.86308				2
2025.07.07	03:01:19.369	0.86307				2
2025.07.07	03:01:19.672		0.86310			4
2025.07.07	03:01:19.982	0.86308				2
2025.07.07	03:01:20.287		0.86311			4
2025.07.07	03:01:20.631		0.86310			4
2025.07.07	03:01:21.678		0.86311			4
2025.07.07	03:01:22.034		0.86309			4
2025.07.07	03:01:23.727	0.86309	0.86311			6
2025.07.07	03:01:30.987	0.86308	0.86310			6
2025.07.07	03:01:31.955		0.86309			4
2025.07.07	03:01:34.832	0.86309	0.86311			6
2025.07.07	03:01:35.164		0.86312			4
2025.07.07	03:01:36.808	0.86308	0.86311			6
2025.07.07	03:01:39.540	0.86311	0.86312			6
2025.07.07	03:01:41.441		0.86313			4
2025.07.07	03:01:42.137	0.86310	0.86311			6
2025.07.07	03:01:42.448		0.86312			4
2025.07.07	03:01:43.238	0.86309				2
2025.07.07	03:01:45.814	0.86310				2
2025.07.07	03:01:48.049	0.86309				2
2025.07.07	03:01:51.206	0.86308	0.86309			6
2025.07.07	03:01:51.520	0.86306	0.86307			6
2025.07.07	03:01:52.068	0.86305				2
2025.07.07	03:01:54.623		0.86308			4
2025.07.07	03:01:57.022	0.86304	0.86307			6
2025.07.07	03:01:57.484	0.86305				2
2025.07.07	03:01:58.648	0.86306	0.86308			6
2025.07.07	03:01:58.962	0.86305				2
2025.07.07	03:01:59.264		0.86306			4
2025.07.07	03:02:00.324	0.86304				2
2025.07.07	03:02:00.639	0.86305	0.86307			6
2025.07.07	03:02:00.964	0.86304				2
2025.07.07	03:02:03.076	0.86305				2
2025.07.07	03:02:07.297	0.86304				2
2025.07.07	03:02:09.657		0.86306			4
2025.07.07	03:02:10.620		0.86307			4
2025.07.07	03:02:10.924	0.86303	0.86306			6
2025.07.07	03:02:12.765		0.86305			4
2025.07.07	03:02:15.959	0.86304	0.86307			6
2025.07.07	03:02:17.620	0.86303	0.86306			6
2025.07.07	03:02:18.108		0.86305			4
2025.07.07	03:02:20.893	0.86304	0.86306			6
2025.07.07	03:02:22.689	0.86303				2
2025.07.07	03:02:26.247	0.86304	0.86307			6
2025.07.07	03:02:29.881		0.86306			4
2025.07.07	03:02:30.189		0.86307			4
2025.07.07	03:02:30.961	0.86305				2
2025.07.07	03:02:31.279	0.86304				2
2025.07.07	03:02:31.600	0.86306	0.86309			6
2025.07.07	03:02:31.918		0.86308			4
2025.07.07	03:02:32.238		0.86309			4
2025.07.07	03:02:32.597		0.86308			4
2025.07.07	03:02:36.390	0.86308	0.86310			6
2025.07.07	03:02:37.051	0.86309	0.86311			6
2025.07.07	03:02:37.678	0.86308				2
2025.07.07	03:02:39.015	0.86309	0.86312			6
2025.07.07	03:02:40.692	0.86310				2
2025.07.07	03:02:42.315		0.86311			4
2025.07.07	03:02:43.444		0.86312			4
2025.07.07	03:02:44.483	0.86311				2
2025.07.07	03:02:46.684	0.86309	0.86311			6
2025.07.07	03:02:47.388	0.86308				2
2025.07.07	03:02:48.631		0.86310			4
2025.07.07	03:02:51.981	0.86309	0.86311			6
2025.07.07	03:02:52.327	0.86308				2
2025.07.07	03:02:53.371		0.86310			4
2025.07.07	03:02:53.740		0.86309			4
2025.07.07	03:02:54.062	0.86306	0.86307			6
2025.07.07	03:02:57.444		0.86308			4
2025.07.07	03:02:58.493	0.86305	0.86307			6
2025.07.07	03:02:59.526	0.86304				2
2025.07.07	03:03:00.095	0.86304	0.86306			6
2025.07.07	03:03:03.043		0.86307			4
2025.07.07	03:03:04.977	0.86309	0.86311			6
2025.07.07	03:03:05.451	0.86308	0.86310			6
2025.07.07	03:03:06.277	0.86307				2
2025.07.07	03:03:08.773	0.86310	0.86312			6
2025.07.07	03:03:14.645	0.86309				2
2025.07.07	03:03:15.176		0.86311			4
2025.07.07	03:03:17.401	0.86308				2
2025.07.07	03:03:18.210	0.86309				2
2025.07.07	03:03:21.258		0.86312			4
2025.07.07	03:03:22.297	0.86308	0.86310			6
2025.07.07	03:03:25.961		0.86311			4
2025.07.07	03:03:27.954	0.86307	0.86310			6
2025.07.07	03:03:29.157	0.86308				2
2025.07.07	03:03:29.916	0.86307	0.86309			6
2025.07.07	03:03:30.758		0.86310			4
2025.07.07	03:03:31.315		0.86308			4
2025.07.07	03:03:31.772	0.86306				2
2025.07.07	03:03:39.162		0.86307			4
2025.07.07	03:03:39.795	0.86305				2
2025.07.07	03:03:40.116	0.86304	0.86306			6
2025.07.07	03:03:40.710	0.86305	0.86307			6
2025.07.07	03:03:41.027	0.86304	0.86306			6
2025.07.07	03:03:41.339	0.86305				2
2025.07.07	03:03:41.640	0.86304				2
2025.07.07	03:03:46.113	0.86305	0.86307			6
2025.07.07	03:03:46.442	0.86306	0.86308			6
2025.07.07	03:03:48.728	0.86307	0.86310			6
2025.07.07	03:03:49.039		0.86309			4
2025.07.07	03:03:54.367	0.86308				2
2025.07.07	03:03:56.140	0.86307	0.86308			6
2025.07.07	03:03:57.947	0.86308	0.86309			6
2025.07.07	03:03:58.328	0.86307	0.86308			6
2025.07.07	03:03:58.797	0.86306				2
2025.07.07	03:04:00.012	0.86306				2
2025.07.07	03:04:01.450	0.86307				2
2025.07.07	03:04:01.990	0.86306				2
2025.07.07	03:04:02.384	0.86308	0.86309			6
2025.07.07	03:04:02.693	0.86307				2
2025.07.07	03:04:04.412	0.86308				2
2025.07.07	03:04:12.549	0.86307				2
2025.07.07	03:04:12.851	0.86308				2
2025.07.07	03:04:14.299	0.86307				2
2025.07.07	03:04:14.654	0.86308				2
2025.07.07	03:04:15.185	0.86307	0.86310			6
2025.07.07	03:04:15.521		0.86309			4
2025.07.07	03:04:16.746	0.86306				2
2025.07.07	03:04:17.302	0.86307				2
2025.07.07	03:04:18.547	0.86306				2
2025.07.07	03:04:19.248	0.86307				2
2025.07.07	03:04:20.891	0.86306				2
2025.07.07	03:04:23.623	0.86308				2
2025.07.07	03:04:24.442	0.86307				2
2025.07.07	03:04:26.208	0.86306				2
2025.07.07	03:04:26.524	0.86307				2
2025.07.07	03:04:27.124	0.86308	0.86310			6
2025.07.07	03:04:27.759	0.86307				2
2025.07.07	03:04:28.085	0.86308				2
2025.07.07	03:04:28.459	0.86307				2
2025.07.07	03:04:30.742		0.86309			4
2025.07.07	03:04:31.066	0.86304	0.86306			6
2025.07.07	03:04:34.907	0.86303	0.86307			6
2025.07.07	03:04:35.225	0.86304				2
2025.07.07	03:04:36.136		0.86306			4
2025.07.07	03:04:37.346	0.86305				2
2025.07.07	03:04:38.561	0.86304				2
2025.07.07	03:04:48.214		0.86305			4
2025.07.07	03:04:48.974	0.86305	0.86307			6
2025.07.07	03:04:50.756	0.86304	0.86306			6
2025.07.07	03:04:51.644	0.86303				2
2025.07.07	03:04:52.097	0.86305	0.86307			6
2025.07.07	03:04:55.398	0.86306				2
2025.07.07	03:04:55.714	0.86305				2
2025.07.07	03:04:56.199	0.86306				2
2025.07.07	03:04:57.121	0.86305				2
2025.07.07	03:04:57.593	0.86306				2
2025.07.07	03:05:00.195	0.86305				2
2025.07.07	03:05:00.574	0.86304	0.86305			6
2025.07.07	03:05:04.015	0.86303				2
2025.07.07	03:05:06.757	0.86304				2
2025.07.07	03:05:07.178	0.86303				2
2025.07.07	03:05:09.752	0.86302				2
2025.07.07	03:05:10.399		0.86304			4
2025.07.07	03:05:11.057	0.86303				2
2025.07.07	03:05:11.360	0.86302				2
2025.07.07	03:05:13.743	0.86303				2
2025.07.07	03:05:14.581	0.86304	0.86305			6
2025.07.07	03:05:15.177	0.86301	0.86304			6
2025.07.07	03:05:15.483	0.86302				2
2025.07.07	03:05:15.952	0.86301				2
2025.07.07	03:05:16.896	0.86303				2
2025.07.07	03:05:20.476		0.86305			4
2025.07.07	03:05:22.436	0.86305	0.86307			6
2025.07.07	03:05:22.741	0.86304				2
2025.07.07	03:05:23.133		0.86306			4
2025.07.07	03:05:23.439		0.86307			4
2025.07.07	03:05:26.017	0.86305	0.86308			6
2025.07.07	03:05:27.645	0.86304	0.86306			6
2025.07.07	03:05:28.350	0.86303				2
2025.07.07	03:05:30.982		0.86305			4
2025.07.07	03:05:34.150	0.86304	0.86306			6
2025.07.07	03:05:39.605	0.86305				2
2025.07.07	03:05:40.069		0.86307			4
2025.07.07	03:05:40.381		0.86308			4
2025.07.07	03:05:41.650	0.86306				2
2025.07.07	03:05:45.045	0.86305				2
2025.07.07	03:05:47.903	0.86306	0.86307			6
2025.07.07	03:05:51.341	0.86304	0.86306			6
2025.07.07	03:05:52.353	0.86303	0.86305			6
2025.07.07	03:05:52.757	0.86304				2
2025.07.07	03:05:55.032		0.86306			4
2025.07.07	03:05:56.494	0.86303				2
2025.07.07	03:05:58.714	0.86305				2
2025.07.07	03:05:59.035	0.86303				2
2025.07.07	03:05:59.582	0.86304				2
2025.07.07	03:06:00.705	0.86304				2
2025.07.07	03:06:01.842		0.86305			4
2025.07.07	03:06:02.345	0.86305	0.86306			6
2025.07.07	03:06:05.359	0.86304	0.86305			6
2025.07.07	03:06:06.569	0.86309	0.86311			6
2025.07.07	03:06:07.188	0.86310	0.86312			6
2025.07.07	03:06:08.120	0.86309				2
2025.07.07	03:06:08.432	0.86310				2
2025.07.07	03:06:10.103	0.86309				2
2025.07.07	03:06:10.979		0.86311			4
2025.07.07	03:06:11.478		0.86312			4
2025.07.07	03:06:13.159	0.86310				2
2025.07.07	03:06:13.796		0.86313			4
2025.07.07	03:06:19.431	0.86311	0.86314			6
2025.07.07	03:06:19.780	0.86312	0.86313			6
2025.07.07	03:06:20.458	0.86311				2
2025.07.07	03:06:21.525	0.86312				2
2025.07.07	03:06:21.946	0.86311	0.86314			6
2025.07.07	03:06:22.381		0.86313			4
2025.07.07	03:06:22.701	0.86312				2
2025.07.07	03:06:23.185	0.86311				2
2025.07.07	03:06:24.019	0.86312				2
2025.07.07	03:06:24.400	0.86311				2
2025.07.07	03:06:28.847	0.86312				2
2025.07.07	03:06:34.152	0.86311				2
