<DATE>	<TIME>	<BID>	<ASK>	<LAST>	<VOLUME>	<FLAGS>
2025.12.08	00:03:31.322	0.87288	0.87463			6
2025.12.08	00:03:52.305		0.87461			4
2025.12.08	00:04:08.337	0.87288				2
2025.12.08	00:04:52.305		0.87461			4
2025.12.08	00:05:05.992	0.87288	0.87455			6
2025.12.08	00:05:08.343		0.87453			4
2025.12.08	00:05:11.143		0.87461			4
2025.12.08	00:05:22.574		0.87459			4
2025.12.08	00:06:00.534	0.87288				2
2025.12.08	00:06:32.093		0.87458			4
2025.12.08	00:07:01.306	0.87288				2
2025.12.08	00:07:32.093		0.87458			4
2025.12.08	00:08:01.485	0.87288				2
2025.12.08	00:08:42.092		0.87458			4
2025.12.08	00:09:02.162	0.87288				2
2025.12.08	00:09:48.343		0.87458			4
2025.12.08	00:10:00.374	0.87288	0.87413			6
2025.12.08	00:10:01.668		0.87412			4
2025.12.08	00:10:04.177		0.87413			4
2025.12.08	00:10:06.506		0.87417			4
2025.12.08	00:10:08.286		0.87416			4
2025.12.08	00:10:25.685		0.87422			4
2025.12.08	00:10:27.006		0.87429			4
2025.12.08	00:10:32.285		0.87428			4
2025.12.08	00:10:35.615		0.87415			4
2025.12.08	00:10:46.373		0.87413			4
2025.12.08	00:10:48.004		0.87414			4
2025.12.08	00:10:59.103		0.87418			4
2025.12.08	00:11:00.484	0.87288				2
2025.12.08	00:11:02.062		0.87414			4
2025.12.08	00:11:16.442		0.87413			4
2025.12.08	00:11:18.373		0.87414			4
2025.12.08	00:11:21.192		0.87415			4
2025.12.08	00:11:22.373		0.87417			4
2025.12.08	00:11:24.655		0.87416			4
2025.12.08	00:11:25.043		0.87417			4
2025.12.08	00:11:27.486		0.87421			4
2025.12.08	00:11:28.352		0.87417			4
2025.12.08	00:11:42.383		0.87418			4
2025.12.08	00:11:42.792		0.87417			4
2025.12.08	00:11:43.673		0.87415			4
2025.12.08	00:11:44.597		0.87416			4
2025.12.08	00:11:45.608		0.87415			4
2025.12.08	00:11:46.620		0.87416			4
2025.12.08	00:11:48.642		0.87414			4
2025.12.08	00:12:06.185	0.87288				2
2025.12.08	00:12:06.496		0.87413			4
2025.12.08	00:12:07.985		0.87416			4
2025.12.08	00:12:08.379		0.87418			4
2025.12.08	00:12:09.967		0.87417			4
2025.12.08	00:12:10.970		0.87418			4
2025.12.08	00:12:28.984		0.87417			4
2025.12.08	00:12:37.566		0.87418			4
2025.12.08	00:13:00.662	0.87288	0.87417			6
2025.12.08	00:13:12.785		0.87416			4
2025.12.08	00:14:02.095	0.87288				2
2025.12.08	00:14:06.485		0.87415			4
2025.12.08	00:15:00.363	0.87288	0.87413			6
2025.12.08	00:15:00.978		0.87411			4
2025.12.08	00:15:01.985		0.87409			4
2025.12.08	00:15:02.508		0.87411			4
2025.12.08	00:15:02.835		0.87409			4
2025.12.08	00:15:03.771		0.87411			4
2025.12.08	00:15:04.137		0.87414			4
2025.12.08	00:15:04.735		0.87406			4
2025.12.08	00:15:05.240		0.87401			4
2025.12.08	00:15:06.808		0.87402			4
2025.12.08	00:15:07.685		0.87403			4
2025.12.08	00:15:12.279		0.87405			4
2025.12.08	00:15:12.670		0.87401			4
2025.12.08	00:15:13.328		0.87399			4
2025.12.08	00:15:15.393		0.87402			4
2025.12.08	00:15:15.823		0.87403			4
2025.12.08	00:15:18.207		0.87404			4
2025.12.08	00:15:18.754		0.87402			4
2025.12.08	00:15:22.561		0.87397			4
2025.12.08	00:15:22.879		0.87398			4
2025.12.08	00:15:29.465		0.87400			4
2025.12.08	00:15:35.556		0.87401			4
2025.12.08	00:15:36.563		0.87398			4
2025.12.08	00:15:37.716		0.87399			4
2025.12.08	00:15:38.696		0.87398			4
2025.12.08	00:15:40.384		0.87397			4
2025.12.08	00:15:42.460		0.87399			4
2025.12.08	00:15:50.587		0.87398			4
2025.12.08	00:15:55.386		0.87399			4
2025.12.08	00:16:00.535	0.87288				2
2025.12.08	00:16:02.585		0.87398			4
2025.12.08	00:16:13.352	0.87287				2
2025.12.08	00:16:15.769		0.87396			4
2025.12.08	00:16:22.985		0.87395			4
2025.12.08	00:16:34.018		0.87396			4
2025.12.08	00:16:36.185		0.87397			4
2025.12.08	00:16:50.585		0.87396			4
2025.12.08	00:16:51.362		0.87397			4
2025.12.08	00:16:53.451		0.87396			4
2025.12.08	00:16:55.085		0.87397			4
2025.12.08	00:17:00.185	0.87287				2
2025.12.08	00:17:01.385		0.87396			4
2025.12.08	00:17:06.032	0.87294	0.87432			6
2025.12.08	00:17:06.339	0.87295	0.87431			6
2025.12.08	00:17:06.870	0.87300	0.87426			6
2025.12.08	00:17:07.176	0.87301	0.87416			6
2025.12.08	00:17:07.691		0.87427			4
2025.12.08	00:17:08.207	0.87299	0.87418			6
2025.12.08	00:17:10.867	0.87302	0.87415			6
2025.12.08	00:17:11.364	0.87299	0.87418			6
2025.12.08	00:17:11.833	0.87300	0.87417			6
2025.12.08	00:17:12.341		0.87416			4
2025.12.08	00:17:13.985		0.87417			4
2025.12.08	00:17:17.286		0.87416			4
2025.12.08	00:17:18.407	0.87301	0.87426			6
2025.12.08	00:17:24.184	0.87302				2
2025.12.08	00:17:24.834	0.87301				2
2025.12.08	00:17:28.552	0.87302	0.87415			6
2025.12.08	00:17:36.785		0.87414			4
2025.12.08	00:17:38.697		0.87425			4
2025.12.08	00:17:39.011		0.87423			4
2025.12.08	00:17:39.486		0.87412			4
2025.12.08	00:17:43.778	0.87303	0.87425			6
2025.12.08	00:17:44.541		0.87412			4
2025.12.08	00:17:45.041	0.87302	0.87423			6
2025.12.08	00:17:52.385	0.87303				2
2025.12.08	00:17:58.650		0.87413			4
2025.12.08	00:17:58.951		0.87424			4
2025.12.08	00:17:59.330		0.87422			4
2025.12.08	00:18:00.185	0.87303				2
2025.12.08	00:18:01.773		0.87411			4
2025.12.08	00:18:02.212		0.87413			4
2025.12.08	00:18:03.214		0.87424			4
2025.12.08	00:18:06.185	0.87304				2
2025.12.08	00:18:08.884		0.87413			4
2025.12.08	00:18:12.849		0.87416			4
2025.12.08	00:18:13.986	0.87303				2
2025.12.08	00:18:17.244		0.87407			4
2025.12.08	00:18:18.066		0.87409			4
2025.12.08	00:18:19.196	0.87304	0.87405			6
2025.12.08	00:18:20.585	0.87305	0.87404			6
2025.12.08	00:18:29.285	0.87306	0.87417			6
2025.12.08	00:18:31.387		0.87416			4
2025.12.08	00:18:33.773	0.87305	0.87417			6
2025.12.08	00:18:34.462	0.87304	0.87418			6
2025.12.08	00:18:39.443		0.87416			4
2025.12.08	00:18:52.685	0.87305	0.87415			6
2025.12.08	00:18:53.771	0.87303	0.87406			6
2025.12.08	00:18:54.185	0.87304	0.87416			6
2025.12.08	00:18:55.243		0.87407			4
2025.12.08	00:18:56.458	0.87303	0.87408			6
2025.12.08	00:18:59.666		0.87406			4
2025.12.08	00:19:02.093	0.87303				2
2025.12.08	00:19:03.554	0.87304	0.87404			6
2025.12.08	00:19:03.933	0.87306	0.87401			6
2025.12.08	00:19:09.811	0.87307	0.87403			6
2025.12.08	00:19:13.685		0.87404			4
2025.12.08	00:19:17.553	0.87308	0.87403			6
2025.12.08	00:19:19.935	0.87307	0.87412			6
2025.12.08	00:19:24.458	0.87303	0.87416			6
2025.12.08	00:19:26.400	0.87306	0.87402			6
2025.12.08	00:19:29.886		0.87415			4
2025.12.08	00:19:40.201		0.87404			4
2025.12.08	00:19:41.068	0.87310	0.87401			6
2025.12.08	00:19:43.340	0.87311	0.87408			6
2025.12.08	00:19:47.971	0.87307	0.87412			6
2025.12.08	00:19:50.286		0.87402			4
2025.12.08	00:19:50.589	0.87305	0.87418			6
2025.12.08	00:19:56.457	0.87307	0.87417			6
2025.12.08	00:19:58.985		0.87404			4
2025.12.08	00:19:59.290		0.87414			4
2025.12.08	00:19:59.769		0.87405			4
2025.12.08	00:20:00.363	0.87307	0.87416			6
2025.12.08	00:20:10.536	0.87308	0.87405			6
2025.12.08	00:20:16.685	0.87307				2
2025.12.08	00:20:22.897	0.87310	0.87402			6
2025.12.08	00:20:28.385	0.87309				2
2025.12.08	00:20:47.068		0.87403			4
2025.12.08	00:20:47.589	0.87308	0.87405			6
2025.12.08	00:20:48.184	0.87307	0.87406			6
2025.12.08	00:20:49.038	0.87308	0.87403			6
2025.12.08	00:20:58.351	0.87309	0.87402			6
2025.12.08	00:20:58.659		0.87400			4
2025.12.08	00:21:00.344	0.87309				2
2025.12.08	00:21:57.609		0.87402			4
2025.12.08	00:21:58.120	0.87308				2
2025.12.08	00:22:00.535	0.87308				2
2025.12.08	00:22:08.743	0.87288	0.87397			6
2025.12.08	00:22:09.827		0.87400			4
2025.12.08	00:22:10.949		0.87405			4
2025.12.08	00:22:25.985		0.87406			4
2025.12.08	00:22:30.637		0.87408			4
2025.12.08	00:22:56.963		0.87409			4
2025.12.08	00:22:57.279		0.87407			4
2025.12.08	00:23:01.086	0.87288	0.87408			6
2025.12.08	00:23:01.701		0.87407			4
2025.12.08	00:23:08.743		0.87406			4
2025.12.08	00:23:09.108		0.87407			4
2025.12.08	00:23:11.587		0.87406			4
2025.12.08	00:23:14.741		0.87407			4
2025.12.08	00:23:17.544		0.87405			4
2025.12.08	00:23:18.703		0.87407			4
2025.12.08	00:23:33.559		0.87406			4
2025.12.08	00:23:34.267		0.87405			4
2025.12.08	00:23:36.901		0.87404			4
2025.12.08	00:23:37.934		0.87403			4
2025.12.08	00:23:41.368		0.87395			4
2025.12.08	00:23:41.704		0.87394			4
2025.12.08	00:23:50.770		0.87393			4
2025.12.08	00:24:00.534	0.87288	0.87394			6
2025.12.08	00:24:07.083		0.87393			4
2025.12.08	00:24:08.772		0.87392			4
2025.12.08	00:24:36.525		0.87391			4
2025.12.08	00:24:37.686		0.87392			4
2025.12.08	00:25:00.374	0.87288				2
2025.12.08	00:25:15.786		0.87393			4
2025.12.08	00:25:36.486		0.87392			4
2025.12.08	00:25:45.718		0.87390			4
2025.12.08	00:25:47.552		0.87392			4
2025.12.08	00:25:48.486		0.87393			4
2025.12.08	00:25:50.286		0.87392			4
2025.12.08	00:25:53.709		0.87390			4
2025.12.08	00:25:55.714		0.87392			4
2025.12.08	00:26:00.784	0.87288				2
2025.12.08	00:26:09.943		0.87393			4
2025.12.08	00:26:10.984		0.87392			4
2025.12.08	00:26:16.026		0.87393			4
2025.12.08	00:26:21.485		0.87392			4
2025.12.08	00:26:25.984		0.87393			4
2025.12.08	00:26:35.723		0.87394			4
2025.12.08	00:26:37.031		0.87393			4
2025.12.08	00:26:47.718		0.87392			4
2025.12.08	00:26:49.052		0.87393			4
2025.12.08	00:27:02.573	0.87288				2
2025.12.08	00:27:14.163		0.87394			4
2025.12.08	00:27:14.584		0.87393			4
2025.12.08	00:27:20.984		0.87394			4
2025.12.08	00:27:53.271	0.87260	0.87387			6
2025.12.08	00:27:54.682	0.87261				2
2025.12.08	00:27:56.758	0.87262				2
2025.12.08	00:27:58.144	0.87269				2
2025.12.08	00:28:00.353	0.87269				2
2025.12.08	00:28:09.502	0.87267	0.87386			6
2025.12.08	00:28:09.823	0.87260	0.87387			6
2025.12.08	00:28:10.315	0.87267				2
2025.12.08	00:28:10.630	0.87271				2
2025.12.08	00:28:10.952	0.87267				2
2025.12.08	00:28:11.253	0.87268	0.87386			6
2025.12.08	00:28:11.587	0.87269				2
2025.12.08	00:28:11.897	0.87261				2
2025.12.08	00:28:12.245	0.87271	0.87387			6
2025.12.08	00:28:12.557	0.87261	0.87386			6
2025.12.08	00:28:12.891	0.87269				2
2025.12.08	00:28:13.262	0.87262				2
2025.12.08	00:28:13.686	0.87269				2
2025.12.08	00:28:14.226	0.87262				2
2025.12.08	00:28:14.634	0.87270				2
2025.12.08	00:28:15.068	0.87261				2
2025.12.08	00:28:15.524	0.87270				2
2025.12.08	00:28:15.982	0.87261				2
2025.12.08	00:28:16.440	0.87270				2
2025.12.08	00:28:16.896	0.87261				2
2025.12.08	00:28:17.356	0.87270				2
2025.12.08	00:28:17.810	0.87261				2
2025.12.08	00:28:18.741	0.87262				2
2025.12.08	00:28:19.216	0.87263	0.87385			6
2025.12.08	00:28:19.687	0.87262	0.87386			6
2025.12.08	00:28:21.693	0.87261				2
2025.12.08	00:28:23.724	0.87262	0.87384			6
2025.12.08	00:28:24.026		0.87385			4
2025.12.08	00:28:24.968	0.87288	0.87386			6
2025.12.08	00:28:25.485		0.87385			4
2025.12.08	00:28:26.586		0.87386			4
2025.12.08	00:28:28.215		0.87385			4
2025.12.08	00:28:30.185		0.87386			4
2025.12.08	00:28:30.834		0.87385			4
2025.12.08	00:28:35.911		0.87386			4
2025.12.08	00:28:36.277		0.87385			4
2025.12.08	00:28:40.086		0.87386			4
2025.12.08	00:28:41.526		0.87385			4
2025.12.08	00:28:43.985		0.87386			4
2025.12.08	00:28:44.586		0.87385			4
2025.12.08	00:28:46.634		0.87386			4
2025.12.08	00:28:49.370		0.87385			4
2025.12.08	00:28:52.385		0.87386			4
2025.12.08	00:28:56.886		0.87385			4
2025.12.08	00:28:58.084		0.87386			4
2025.12.08	00:28:58.399		0.87385			4
2025.12.08	00:28:59.586		0.87386			4
2025.12.08	00:29:00.791	0.87288	0.87384			6
2025.12.08	00:29:01.223		0.87385			4
2025.12.08	00:29:02.779		0.87384			4
2025.12.08	00:29:03.711		0.87385			4
2025.12.08	00:29:05.585		0.87384			4
2025.12.08	00:29:06.001		0.87385			4
2025.12.08	00:29:07.008		0.87383			4
2025.12.08	00:29:07.388		0.87384			4
2025.12.08	00:29:08.285		0.87385			4
2025.12.08	00:29:12.332		0.87386			4
2025.12.08	00:29:13.284		0.87385			4
2025.12.08	00:29:15.096		0.87386			4
2025.12.08	00:29:15.767		0.87385			4
2025.12.08	00:29:16.986		0.87386			4
2025.12.08	00:29:23.791		0.87385			4
2025.12.08	00:29:24.735		0.87386			4
2025.12.08	00:29:26.585		0.87385			4
2025.12.08	00:29:30.184		0.87386			4
2025.12.08	00:29:32.730		0.87385			4
2025.12.08	00:30:00.458	0.87288				2
2025.12.08	00:30:14.969		0.87386			4
2025.12.08	00:30:18.270		0.87387			4
2025.12.08	00:30:18.631		0.87389			4
2025.12.08	00:30:20.285		0.87388			4
2025.12.08	00:30:27.541		0.87387			4
2025.12.08	00:30:27.863		0.87386			4
2025.12.08	00:30:28.786		0.87387			4
2025.12.08	00:30:42.486		0.87388			4
2025.12.08	00:30:45.186		0.87387			4
2025.12.08	00:30:53.922		0.87386			4
2025.12.08	00:30:55.085		0.87387			4
2025.12.08	00:31:04.076	0.87288				2
2025.12.08	00:31:04.385		0.87388			4
2025.12.08	00:31:04.778		0.87387			4
2025.12.08	00:31:06.535		0.87386			4
2025.12.08	00:31:07.685		0.87387			4
2025.12.08	00:31:09.971	0.87285				2
2025.12.08	00:31:13.126		0.87386			4
2025.12.08	00:31:14.585		0.87387			4
2025.12.08	00:31:15.326		0.87386			4
2025.12.08	00:31:16.385		0.87387			4
2025.12.08	00:31:22.385		0.87386			4
2025.12.08	00:31:23.409		0.87387			4
2025.12.08	00:31:26.585		0.87386			4
2025.12.08	00:31:36.485		0.87387			4
2025.12.08	00:31:39.786		0.87386			4
2025.12.08	00:32:00.786	0.87285				2
2025.12.08	00:32:03.786		0.87385			4
2025.12.08	00:32:04.384		0.87384			4
2025.12.08	00:32:04.973	0.87284				2
2025.12.08	00:32:10.385		0.87383			4
2025.12.08	00:32:59.586		0.87382			4
2025.12.08	00:32:59.972	0.87283				2
2025.12.08	00:33:00.533	0.87283	0.87383			6
2025.12.08	00:33:01.985		0.87382			4
2025.12.08	00:33:22.398		0.87383			4
2025.12.08	00:33:24.239		0.87384			4
2025.12.08	00:33:30.786		0.87385			4
2025.12.08	00:33:37.685		0.87384			4
2025.12.08	00:33:54.973	0.87282				2
2025.12.08	00:34:01.657	0.87282				2
2025.12.08	00:34:04.346		0.87383			4
2025.12.08	00:34:49.975	0.87283				2
2025.12.08	00:35:01.686	0.87283				2
2025.12.08	00:35:04.685		0.87383			4
2025.12.08	00:35:06.485		0.87382			4
2025.12.08	00:35:37.984		0.87381			4
2025.12.08	00:35:44.975	0.87278				2
2025.12.08	00:35:46.086		0.87382			4
2025.12.08	00:35:47.587		0.87381			4
2025.12.08	00:35:52.689		0.87382			4
2025.12.08	00:36:02.224	0.87278				2
2025.12.08	00:36:05.180		0.87383			4
2025.12.08	00:36:10.956	0.87291	0.87384			6
2025.12.08	00:36:11.281	0.87289	0.87386			6
2025.12.08	00:36:13.985	0.87288	0.87387			6
2025.12.08	00:36:16.551		0.87388			4
2025.12.08	00:36:17.328	0.87290	0.87385			6
2025.12.08	00:36:18.108	0.87286	0.87389			6
2025.12.08	00:36:19.387	0.87285	0.87388			6
2025.12.08	00:36:26.285	0.87286				2
2025.12.08	00:36:30.487	0.87285				2
2025.12.08	00:36:32.252	0.87286				2
2025.12.08	00:36:33.369	0.87288				2
2025.12.08	00:36:36.072		0.87387			4
2025.12.08	00:36:37.086	0.87289				2
2025.12.08	00:36:37.975	0.87292	0.87383			6
2025.12.08	00:36:38.298	0.87291				2
2025.12.08	00:36:42.185		0.87382			4
2025.12.08	00:36:42.676	0.87293	0.87383			6
2025.12.08	00:36:45.379	0.87291				2
2025.12.08	00:36:46.150	0.87293				2
2025.12.08	00:36:48.506	0.87290	0.87385			6
2025.12.08	00:36:49.718	0.87288				2
2025.12.08	00:36:51.185	0.87289	0.87384			6
2025.12.08	00:37:00.785	0.87289				2
2025.12.08	00:37:13.633	0.87313	0.87394			6
2025.12.08	00:37:15.175	0.87314	0.87393			6
2025.12.08	00:37:16.103		0.87391			4
2025.12.08	00:37:16.406	0.87313	0.87393			6
2025.12.08	00:37:19.093		0.87392			4
2025.12.08	00:37:20.943		0.87391			4
2025.12.08	00:37:21.486	0.87314	0.87390			6
2025.12.08	00:37:23.258		0.87388			4
2025.12.08	00:37:26.002		0.87389			4
2025.12.08	00:37:27.223		0.87388			4
2025.12.08	00:37:28.532		0.87389			4
2025.12.08	00:37:35.595		0.87392			4
2025.12.08	00:37:36.272		0.87389			4
2025.12.08	00:37:38.431	0.87313				2
2025.12.08	00:37:38.742		0.87390			4
2025.12.08	00:37:40.535	0.87314	0.87389			6
2025.12.08	00:37:41.877		0.87391			4
2025.12.08	00:37:43.128		0.87393			4
2025.12.08	00:37:45.184		0.87392			4
2025.12.08	00:37:46.510		0.87390			4
2025.12.08	00:37:47.263		0.87388			4
2025.12.08	00:37:48.589	0.87313	0.87387			6
2025.12.08	00:37:49.527	0.87315	0.87388			6
2025.12.08	00:37:53.763		0.87390			4
2025.12.08	00:37:56.771	0.87283	0.87387			6
2025.12.08	00:37:57.128	0.87278				2
2025.12.08	00:38:00.371	0.87278				2
2025.12.08	00:38:07.387		0.87386			4
2025.12.08	00:38:09.946		0.87387			4
2025.12.08	00:38:11.635	0.87270	0.87386			6
2025.12.08	00:38:16.276	0.87272				2
2025.12.08	00:38:17.885	0.87271				2
2025.12.08	00:38:22.687		0.87387			4
2025.12.08	00:38:23.832		0.87386			4
2025.12.08	00:38:25.987		0.87387			4
2025.12.08	00:38:27.485		0.87386			4
2025.12.08	00:38:51.629	0.87270	0.87387			6
2025.12.08	00:38:53.586	0.87271				2
2025.12.08	00:38:57.035		0.87386			4
2025.12.08	00:38:58.706	0.87272				2
2025.12.08	00:39:00.534	0.87285				2
2025.12.08	00:39:01.475		0.87387			4
2025.12.08	00:39:01.963	0.87286	0.87388			6
2025.12.08	00:39:02.284	0.87278	0.87389			6
2025.12.08	00:39:02.959	0.87285				2
2025.12.08	00:39:10.287	0.87287	0.87391			6
2025.12.08	00:39:13.980	0.87293				2
2025.12.08	00:39:18.572	0.87303				2
2025.12.08	00:39:18.953	0.87294				2
2025.12.08	00:39:23.331		0.87393			4
2025.12.08	00:39:23.711	0.87299	0.87394			6
2025.12.08	00:39:25.486	0.87296				2
2025.12.08	00:39:25.936	0.87287				2
2025.12.08	00:39:26.246	0.87292	0.87393			6
2025.12.08	00:39:27.225		0.87394			4
2025.12.08	00:39:27.961	0.87295				2
2025.12.08	00:39:28.603	0.87292				2
2025.12.08	00:39:28.939	0.87295	0.87393			6
2025.12.08	00:39:29.249	0.87292				2
2025.12.08	00:39:29.568	0.87289				2
2025.12.08	00:39:29.872	0.87292				2
2025.12.08	00:39:30.211	0.87290				2
2025.12.08	00:39:30.885	0.87292				2
2025.12.08	00:39:31.592	0.87290				2
2025.12.08	00:39:31.924	0.87289				2
2025.12.08	00:39:32.460	0.87292				2
2025.12.08	00:39:33.300	0.87300				2
2025.12.08	00:39:35.099	0.87294				2
2025.12.08	00:39:36.600	0.87300				2
2025.12.08	00:39:38.935	0.87294				2
2025.12.08	00:39:40.436	0.87291				2
2025.12.08	00:39:40.935	0.87296				2
2025.12.08	00:39:54.558	0.87299				2
2025.12.08	00:39:55.021		0.87394			4
2025.12.08	00:39:55.435	0.87298				2
2025.12.08	00:39:56.438		0.87393			4
2025.12.08	00:40:00.785	0.87298				2
2025.12.08	00:40:13.332	0.87293				2
2025.12.08	00:40:25.386	0.87298				2
2025.12.08	00:40:25.985		0.87392			4
2025.12.08	00:40:26.427	0.87295				2
2025.12.08	00:40:27.184		0.87393			4
2025.12.08	00:40:29.654	0.87298				2
2025.12.08	00:40:30.134	0.87294				2
2025.12.08	00:40:31.545	0.87295				2
2025.12.08	00:40:32.285		0.87392			4
2025.12.08	00:40:32.821	0.87293				2
2025.12.08	00:40:33.167	0.87292	0.87393			6
2025.12.08	00:40:33.673	0.87290				2
2025.12.08	00:40:34.085		0.87392			4
2025.12.08	00:40:35.818	0.87291				2
2025.12.08	00:40:37.985		0.87393			4
2025.12.08	00:40:38.885		0.87392			4
2025.12.08	00:40:40.436	0.87294				2
2025.12.08	00:40:41.586		0.87393			4
2025.12.08	00:40:43.987		0.87392			4
2025.12.08	00:40:55.437	0.87291				2
2025.12.08	00:41:00.437	0.87291				2
2025.12.08	00:41:10.435	0.87292				2
2025.12.08	00:41:12.260	0.87291				2
2025.12.08	00:41:12.571	0.87294				2
2025.12.08	00:41:13.207	0.87297				2
2025.12.08	00:41:14.205	0.87295				2
2025.12.08	00:41:19.395	0.87296				2
2025.12.08	00:41:25.435	0.87298				2
2025.12.08	00:41:40.436		0.87393			4
2025.12.08	00:41:41.517		0.87392			4
2025.12.08	00:41:52.387		0.87393			4
2025.12.08	00:41:53.288		0.87392			4
2025.12.08	00:42:02.094	0.87298				2
2025.12.08	00:42:55.385		0.87392			4
2025.12.08	00:43:00.787	0.87298	0.87391			6
2025.12.08	00:43:04.949	0.87297				2
2025.12.08	00:43:05.409	0.87291				2
2025.12.08	00:43:08.399	0.87292				2
2025.12.08	00:43:08.732	0.87291				2
2025.12.08	00:43:13.655	0.87293				2
2025.12.08	00:43:16.886		0.87390			4
2025.12.08	00:43:31.115	0.87295	0.87389			6
2025.12.08	00:43:32.275		0.87388			4
2025.12.08	00:43:37.704		0.87387			4
2025.12.08	00:43:39.222		0.87388			4
2025.12.08	00:43:41.733		0.87389			4
2025.12.08	00:43:44.235	0.87294				2
2025.12.08	00:43:45.132	0.87295				2
2025.12.08	00:43:46.233	0.87291				2
2025.12.08	00:43:54.815		0.87387			4
2025.12.08	00:44:01.236	0.87288				2
2025.12.08	00:44:01.736	0.87295				2
2025.12.08	00:44:02.552	0.87296				2
2025.12.08	00:44:06.616	0.87299				2
2025.12.08	00:44:07.684		0.87386			4
2025.12.08	00:44:16.234	0.87294				2
2025.12.08	00:44:17.585		0.87387			4
2025.12.08	00:44:25.086		0.87386			4
2025.12.08	00:44:31.177		0.87387			4
2025.12.08	00:44:43.656	0.87297				2
2025.12.08	00:44:44.423	0.87293	0.87386			6
2025.12.08	00:44:44.924	0.87296	0.87385			6
2025.12.08	00:44:45.534	0.87293				2
2025.12.08	00:44:53.427		0.87383			4
2025.12.08	00:44:54.301		0.87384			4
2025.12.08	00:44:57.344		0.87385			4
2025.12.08	00:44:57.856	0.87294	0.87384			6
2025.12.08	00:44:58.868		0.87383			4
2025.12.08	00:45:03.187	0.87331	0.87391			6
2025.12.08	00:45:04.750	0.87330				2
2025.12.08	00:45:05.052	0.87331				2
2025.12.08	00:45:05.981	0.87328	0.87389			6
2025.12.08	00:45:06.613	0.87294	0.87381			6
2025.12.08	00:45:07.385		0.87382			4
2025.12.08	00:45:08.139		0.87381			4
2025.12.08	00:45:11.421	0.87306	0.87369			6
2025.12.08	00:45:15.164		0.87370			4
2025.12.08	00:45:16.243		0.87369			4
2025.12.08	00:45:20.740	0.87304				2
2025.12.08	00:45:21.203	0.87307				2
2025.12.08	00:45:22.507		0.87370			4
2025.12.08	00:45:32.421	0.87310	0.87366			6
2025.12.08	00:45:32.926		0.87369			4
2025.12.08	00:45:33.422	0.87311				2
2025.12.08	00:45:34.988	0.87306	0.87368			6
2025.12.08	00:45:46.154	0.87307	0.87367			6
2025.12.08	00:45:47.139	0.87311	0.87370			6
2025.12.08	00:45:47.647	0.87305	0.87368			6
2025.12.08	00:45:48.072		0.87371			4
2025.12.08	00:45:49.165		0.87370			4
2025.12.08	00:45:50.233	0.87304				2
2025.12.08	00:45:50.732	0.87307				2
2025.12.08	00:45:53.719		0.87368			4
2025.12.08	00:45:55.821	0.87305				2
2025.12.08	00:45:56.701	0.87312	0.87375			6
2025.12.08	00:45:57.200	0.87306	0.87373			6
2025.12.08	00:45:58.654	0.87303	0.87378			6
2025.12.08	00:45:59.372		0.87377			4
2025.12.08	00:46:00.138	0.87303	0.87376			6
2025.12.08	00:46:00.900	0.87307	0.87379			6
2025.12.08	00:46:01.402	0.87305	0.87376			6
2025.12.08	00:46:01.901	0.87311	0.87377			6
2025.12.08	00:46:02.399	0.87303	0.87376			6
2025.12.08	00:46:02.901	0.87309	0.87378			6
2025.12.08	00:46:03.400	0.87305	0.87376			6
2025.12.08	00:46:03.900	0.87309	0.87377			6
2025.12.08	00:46:04.399	0.87305	0.87376			6
2025.12.08	00:46:04.900	0.87309	0.87378			6
2025.12.08	00:46:05.401	0.87305	0.87376			6
2025.12.08	00:46:05.900	0.87310	0.87378			6
2025.12.08	00:46:06.400	0.87303	0.87376			6
2025.12.08	00:46:06.900	0.87309	0.87379			6
2025.12.08	00:46:07.400	0.87305	0.87377			6
2025.12.08	00:46:09.570	0.87311				2
2025.12.08	00:46:12.186		0.87376			4
2025.12.08	00:46:16.681		0.87375			4
2025.12.08	00:46:20.585		0.87374			4
2025.12.08	00:46:42.188		0.87373			4
2025.12.08	00:46:48.083		0.87372			4
2025.12.08	00:46:55.426		0.87371			4
2025.12.08	00:46:57.485		0.87372			4
2025.12.08	00:46:58.505		0.87373			4
2025.12.08	00:46:58.984		0.87374			4
2025.12.08	00:47:00.536	0.87311				2
2025.12.08	00:47:01.385		0.87373			4
2025.12.08	00:47:03.196	0.87346	0.87380			6
2025.12.08	00:47:05.689	0.87347				2
2025.12.08	00:47:06.011	0.87348				2
2025.12.08	00:47:06.618	0.87311	0.87373			6
2025.12.08	00:47:57.229		0.87371			4
2025.12.08	00:48:00.402	0.87311				2
2025.12.08	00:48:09.451	0.87314	0.87369			6
2025.12.08	00:48:10.534		0.87368			4
2025.12.08	00:48:11.737		0.87369			4
2025.12.08	00:48:15.184		0.87368			4
2025.12.08	00:48:24.930		0.87367			4
2025.12.08	00:48:25.429	0.87315				2
2025.12.08	00:48:45.200	0.87314				2
2025.12.08	00:48:45.872		0.87368			4
2025.12.08	00:48:55.959		0.87369			4
2025.12.08	00:48:57.184		0.87370			4
2025.12.08	00:48:59.885		0.87369			4
2025.12.08	00:49:00.535	0.87314				2
2025.12.08	00:49:04.986	0.87319				2
2025.12.08	00:49:06.300	0.87318	0.87370			6
2025.12.08	00:49:11.543	0.87319	0.87369			6
2025.12.08	00:49:14.403	0.87311				2
2025.12.08	00:49:15.902	0.87318	0.87370			6
2025.12.08	00:49:25.226	0.87311	0.87367			6
2025.12.08	00:49:25.796	0.87314	0.87368			6
2025.12.08	00:49:26.145	0.87312				2
2025.12.08	00:49:30.905	0.87313	0.87367			6
2025.12.08	00:49:32.063	0.87312	0.87368			6
2025.12.08	00:49:33.488		0.87369			4
2025.12.08	00:49:36.240	0.87311				2
2025.12.08	00:49:40.388		0.87368			4
2025.12.08	00:49:48.785	0.87312				2
2025.12.08	00:49:55.243	0.87311	0.87367			6
2025.12.08	00:49:55.938		0.87368			4
2025.12.08	00:50:03.470	0.87325	0.87373			6
2025.12.08	00:50:06.785	0.87324	0.87374			6
2025.12.08	00:50:44.586		0.87373			4
2025.12.08	00:50:46.645	0.87326				2
2025.12.08	00:51:02.885	0.87326				2
2025.12.08	00:51:09.185	0.87327	0.87372			6
2025.12.08	00:51:13.200	0.87325				2
2025.12.08	00:51:14.287	0.87324				2
2025.12.08	00:51:20.285		0.87371			4
2025.12.08	00:51:36.488	0.87325	0.87370			6
2025.12.08	00:51:51.066		0.87371			4
2025.12.08	00:52:01.212	0.87325				2
2025.12.08	00:52:09.185		0.87370			4
2025.12.08	00:52:14.885		0.87371			4
2025.12.08	00:52:36.062	0.87324				2
2025.12.08	00:52:37.543		0.87370			4
2025.12.08	00:52:49.348	0.87325				2
2025.12.08	00:52:52.554		0.87369			4
2025.12.08	00:52:54.186		0.87368			4
2025.12.08	00:53:07.385	0.87325				2
2025.12.08	00:53:08.585		0.87369			4
2025.12.08	00:53:53.339		0.87368			4
2025.12.08	00:53:55.385		0.87369			4
2025.12.08	00:53:56.571		0.87368			4
2025.12.08	00:54:02.572	0.87325				2
2025.12.08	00:54:22.573		0.87369			4
2025.12.08	00:54:46.986		0.87368			4
2025.12.08	00:54:56.740		0.87369			4
2025.12.08	00:54:57.212	0.87329	0.87377			6
2025.12.08	00:54:57.521	0.87325	0.87391			6
2025.12.08	00:54:59.860		0.87395			4
2025.12.08	00:55:00.168	0.87321	0.87394			6
2025.12.08	00:55:00.490	0.87314	0.87401			6
2025.12.08	00:55:00.877	0.87311	0.87404			6
2025.12.08	00:55:01.385	0.87312	0.87403			6
2025.12.08	00:55:02.076	0.87315	0.87401			6
2025.12.08	00:55:04.679	0.87316	0.87400			6
2025.12.08	00:55:10.184	0.87308				2
2025.12.08	00:55:11.177	0.87312				2
2025.12.08	00:55:11.853	0.87307	0.87394			6
2025.12.08	00:55:12.484	0.87311				2
2025.12.08	00:55:13.999	0.87309				2
2025.12.08	00:55:18.683	0.87311				2
2025.12.08	00:55:21.338	0.87308				2
2025.12.08	00:55:21.837	0.87311				2
2025.12.08	00:55:27.422		0.87393			4
2025.12.08	00:55:30.434		0.87392			4
2025.12.08	00:55:31.835	0.87312				2
2025.12.08	00:55:32.252	0.87317				2
2025.12.08	00:55:35.373	0.87310				2
2025.12.08	00:55:35.873	0.87318				2
2025.12.08	00:55:36.372	0.87305				2
2025.12.08	00:55:36.873	0.87316				2
2025.12.08	00:55:37.274	0.87317				2
2025.12.08	00:55:38.373	0.87310				2
2025.12.08	00:55:38.880	0.87308				2
2025.12.08	00:55:39.372	0.87316	0.87391			6
2025.12.08	00:55:39.881	0.87309				2
2025.12.08	00:55:43.817	0.87314				2
2025.12.08	00:55:49.337	0.87315				2
2025.12.08	00:55:49.885	0.87320				2
2025.12.08	00:55:50.338	0.87313				2
2025.12.08	00:55:51.338	0.87317				2
2025.12.08	00:55:57.009	0.87312				2
2025.12.08	00:55:58.010	0.87311	0.87392			6
2025.12.08	00:56:00.414	0.87311	0.87391			6
2025.12.08	00:56:02.484	0.87304				2
2025.12.08	00:56:02.984	0.87309				2
2025.12.08	00:56:04.838	0.87306				2
2025.12.08	00:56:05.320	0.87319				2
2025.12.08	00:56:08.965	0.87315				2
2025.12.08	00:56:09.467	0.87318				2
2025.12.08	00:56:10.085		0.87390			4
2025.12.08	00:56:11.860		0.87392			4
2025.12.08	00:56:14.099	0.87313				2
2025.12.08	00:56:14.593	0.87319				2
2025.12.08	00:56:15.873	0.87315				2
2025.12.08	00:56:16.373	0.87318				2
2025.12.08	00:56:19.093	0.87323				2
2025.12.08	00:56:26.878		0.87393			4
2025.12.08	00:56:33.705	0.87324				2
2025.12.08	00:56:35.114	0.87321	0.87396			6
2025.12.08	00:56:37.117		0.87394			4
2025.12.08	00:56:37.731		0.87393			4
2025.12.08	00:56:39.786		0.87387			4
2025.12.08	00:56:44.801		0.87386			4
2025.12.08	00:56:46.688		0.87387			4
2025.12.08	00:57:00.414	0.87321				2
2025.12.08	00:57:04.052	0.87324				2
2025.12.08	00:57:06.359	0.87325	0.87386			6
2025.12.08	00:57:11.861	0.87324	0.87387			6
2025.12.08	00:57:14.318		0.87386			4
2025.12.08	00:57:15.272	0.87321				2
2025.12.08	00:57:17.785		0.87385			4
2025.12.08	00:57:18.099		0.87387			4
2025.12.08	00:57:36.077	0.87318	0.87390			6
2025.12.08	00:57:44.726	0.87321				2
2025.12.08	00:57:50.845	0.87320				2
2025.12.08	00:57:56.395	0.87327				2
2025.12.08	00:57:57.523	0.87320				2
2025.12.08	00:58:00.536	0.87320				2
2025.12.08	00:58:08.451		0.87389			4
2025.12.08	00:58:11.036		0.87390			4
2025.12.08	00:58:19.772		0.87388			4
2025.12.08	00:58:20.189	0.87327	0.87390			6
2025.12.08	00:58:20.846	0.87320				2
2025.12.08	00:58:36.913	0.87322				2
2025.12.08	00:58:53.982	0.87319				2
2025.12.08	00:58:54.344	0.87322				2
2025.12.08	00:58:56.337		0.87391			4
2025.12.08	00:58:59.284		0.87390			4
2025.12.08	00:59:01.400	0.87322				2
2025.12.08	00:59:14.837	0.87323				2
2025.12.08	00:59:15.160	0.87318				2
2025.12.08	00:59:18.304	0.87317	0.87389			6
2025.12.08	00:59:18.801	0.87318				2
2025.12.08	00:59:20.843	0.87326	0.87390			6
2025.12.08	00:59:26.017		0.87391			4
2025.12.08	00:59:27.188		0.87390			4
2025.12.08	00:59:28.016	0.87327				2
2025.12.08	00:59:28.393	0.87325				2
2025.12.08	00:59:31.620	0.87326				2
2025.12.08	00:59:37.485	0.87351	0.87391			6
2025.12.08	00:59:40.856	0.87325				2
2025.12.08	00:59:42.485	0.87324				2
2025.12.08	00:59:47.443	0.87325				2
2025.12.08	00:59:52.987	0.87324	0.87392			6
2025.12.08	00:59:57.485		0.87391			4
2025.12.08	01:00:00.311	0.87333	0.87397			6
2025.12.08	01:00:01.034		0.87396			4
2025.12.08	01:00:01.369	0.87340				2
2025.12.08	01:00:01.676	0.87334	0.87394			6
2025.12.08	01:00:01.994	0.87336				2
2025.12.08	01:00:02.355		0.87391			4
2025.12.08	01:00:02.888	0.87339				2
2025.12.08	01:00:03.516	0.87329	0.87400			6
2025.12.08	01:00:04.134	0.87326	0.87401			6
2025.12.08	01:00:06.004	0.87330	0.87398			6
2025.12.08	01:00:06.947	0.87339	0.87389			6
2025.12.08	01:00:07.532	0.87337	0.87391			6
2025.12.08	01:00:08.339	0.87338	0.87392			6
2025.12.08	01:00:11.072	0.87336				2
2025.12.08	01:00:11.381	0.87347	0.87393			6
2025.12.08	01:00:13.190		0.87392			4
2025.12.08	01:00:14.957	0.87353				2
2025.12.08	01:00:15.529	0.87351				2
2025.12.08	01:00:15.925		0.87393			4
2025.12.08	01:00:16.278	0.87353	0.87391			6
2025.12.08	01:00:16.594		0.87388			4
2025.12.08	01:00:16.906	0.87354				2
2025.12.08	01:00:18.179	0.87353	0.87389			6
2025.12.08	01:00:18.794		0.87391			4
2025.12.08	01:00:20.280	0.87352				2
2025.12.08	01:00:22.088	0.87350	0.87393			6
2025.12.08	01:00:22.424	0.87351				2
2025.12.08	01:00:22.754		0.87391			4
2025.12.08	01:00:23.099	0.87353	0.87390			6
2025.12.08	01:00:23.426		0.87391			4
2025.12.08	01:00:23.780	0.87355	0.87388			6
2025.12.08	01:00:24.971	0.87353	0.87390			6
2025.12.08	01:00:25.278	0.87354	0.87387			6
2025.12.08	01:00:26.586	0.87353				2
2025.12.08	01:00:28.087	0.87354	0.87388			6
2025.12.08	01:00:28.490	0.87353				2
2025.12.08	01:00:29.673	0.87354	0.87405			6
2025.12.08	01:00:29.997		0.87407			4
2025.12.08	01:00:30.363		0.87408			4
2025.12.08	01:00:30.844		0.87406			4
2025.12.08	01:00:31.379	0.87355	0.87410			6
2025.12.08	01:00:32.578	0.87354	0.87412			6
2025.12.08	01:00:33.084	0.87353	0.87402			6
2025.12.08	01:00:35.338		0.87400			4
2025.12.08	01:00:36.049		0.87405			4
2025.12.08	01:00:36.388		0.87400			4
2025.12.08	01:00:36.873	0.87357	0.87403			6
2025.12.08	01:00:37.179	0.87355	0.87407			6
2025.12.08	01:00:37.918	0.87354				2
2025.12.08	01:00:38.267	0.87353				2
2025.12.08	01:00:38.885	0.87351	0.87397			6
2025.12.08	01:00:40.013	0.87352	0.87386			6
2025.12.08	01:00:40.381	0.87353	0.87385			6
2025.12.08	01:00:41.214	0.87348	0.87384			6
2025.12.08	01:00:41.548	0.87349	0.87386			6
2025.12.08	01:00:42.033	0.87355	0.87385			6
2025.12.08	01:00:42.340	0.87348				2
2025.12.08	01:00:43.202	0.87349				2
2025.12.08	01:00:43.921	0.87351				2
2025.12.08	01:00:44.227	0.87350	0.87381			6
2025.12.08	01:00:44.540	0.87352	0.87382			6
2025.12.08	01:00:44.871	0.87353	0.87384			6
2025.12.08	01:00:45.656	0.87352	0.87383			6
2025.12.08	01:00:45.960		0.87386			4
2025.12.08	01:00:46.301	0.87354	0.87385			6
2025.12.08	01:00:47.007	0.87352	0.87386			6
2025.12.08	01:00:47.333	0.87355				2
2025.12.08	01:00:47.692	0.87354	0.87385			6
2025.12.08	01:00:48.109	0.87355	0.87387			6
2025.12.08	01:00:49.686		0.87386			4
2025.12.08	01:00:50.059		0.87384			4
2025.12.08	01:00:50.391	0.87356	0.87392			6
2025.12.08	01:00:50.760	0.87353	0.87393			6
2025.12.08	01:00:53.270	0.87347	0.87383			6
2025.12.08	01:00:53.770	0.87353				2
2025.12.08	01:00:54.101	0.87351	0.87382			6
2025.12.08	01:00:54.775	0.87349				2
2025.12.08	01:00:55.272	0.87351	0.87383			6
2025.12.08	01:00:55.670	0.87352				2
2025.12.08	01:00:57.787		0.87382			4
2025.12.08	01:00:58.771	0.87351				2
2025.12.08	01:00:59.709	0.87343	0.87377			6
2025.12.08	01:01:00.019	0.87343	0.87375			6
2025.12.08	01:01:00.340	0.87347	0.87376			6
2025.12.08	01:01:01.386		0.87377			4
2025.12.08	01:01:01.699	0.87345	0.87376			6
2025.12.08	01:01:02.385		0.87375			4
2025.12.08	01:01:03.498		0.87376			4
2025.12.08	01:01:03.804		0.87375			4
2025.12.08	01:01:04.209	0.87347	0.87374			6
2025.12.08	01:01:05.528	0.87345				2
2025.12.08	01:01:07.720	0.87348	0.87376			6
2025.12.08	01:01:09.278	0.87350	0.87379			6
2025.12.08	01:01:10.063		0.87378			4
2025.12.08	01:01:10.404		0.87377			4
2025.12.08	01:01:11.106	0.87348				2
2025.12.08	01:01:11.805	0.87349	0.87386			6
2025.12.08	01:01:13.088	0.87348				2
2025.12.08	01:01:13.778		0.87384			4
2025.12.08	01:01:16.080	0.87346				2
2025.12.08	01:01:16.585	0.87347				2
2025.12.08	01:01:17.983	0.87348				2
2025.12.08	01:01:21.412	0.87349				2
2025.12.08	01:01:24.204	0.87348				2
2025.12.08	01:01:25.094		0.87383			4
2025.12.08	01:01:33.197		0.87387			4
2025.12.08	01:01:33.879	0.87349				2
2025.12.08	01:01:34.985	0.87348				2
2025.12.08	01:01:40.556	0.87349	0.87386			6
2025.12.08	01:01:41.599	0.87348				2
2025.12.08	01:01:44.694	0.87346	0.87382			6
2025.12.08	01:01:45.196	0.87347	0.87380			6
2025.12.08	01:01:46.208	0.87346	0.87379			6
2025.12.08	01:01:46.597		0.87378			4
2025.12.08	01:01:47.848		0.87379			4
2025.12.08	01:01:48.487	0.87347				2
2025.12.08	01:01:49.213		0.87378			4
2025.12.08	01:01:50.169		0.87379			4
2025.12.08	01:01:50.499	0.87346	0.87378			6
2025.12.08	01:01:50.819	0.87345				2
2025.12.08	01:01:52.174	0.87346	0.87379			6
2025.12.08	01:01:52.680		0.87378			4
2025.12.08	01:01:52.986		0.87379			4
2025.12.08	01:01:53.679		0.87378			4
2025.12.08	01:01:54.180		0.87379			4
2025.12.08	01:01:54.501		0.87387			4
2025.12.08	01:01:54.830	0.87345	0.87386			6
2025.12.08	01:01:55.171	0.87346	0.87387			6
2025.12.08	01:01:57.737	0.87347				2
2025.12.08	01:01:59.317	0.87349	0.87388			6
2025.12.08	01:01:59.619		0.87391			4
2025.12.08	01:02:00.187	0.87349				2
2025.12.08	01:02:05.416	0.87352	0.87395			6
2025.12.08	01:02:06.172	0.87351				2
2025.12.08	01:02:07.086	0.87353	0.87392			6
2025.12.08	01:02:08.801		0.87396			4
2025.12.08	01:02:10.266	0.87355				2
2025.12.08	01:02:11.886	0.87356				2
2025.12.08	01:02:12.502		0.87395			4
2025.12.08	01:02:12.876	0.87355				2
2025.12.08	01:02:16.352	0.87354				2
2025.12.08	01:02:19.085	0.87355				2
2025.12.08	01:02:20.566	0.87353	0.87390			6
2025.12.08	01:02:22.685		0.87387			4
2025.12.08	01:02:23.002		0.87390			4
2025.12.08	01:02:23.597	0.87352				2
2025.12.08	01:02:23.976	0.87351				2
2025.12.08	01:02:26.538	0.87350				2
2025.12.08	01:02:30.585	0.87349	0.87389			6
2025.12.08	01:02:34.689		0.87388			4
2025.12.08	01:02:40.524		0.87387			4
2025.12.08	01:02:40.843		0.87388			4
2025.12.08	01:02:45.146	0.87350				2
2025.12.08	01:02:47.600	0.87346	0.87383			6
2025.12.08	01:02:47.902	0.87344				2
2025.12.08	01:02:48.692	0.87345	0.87382			6
2025.12.08	01:02:49.146	0.87344	0.87383			6
2025.12.08	01:02:52.276		0.87382			4
2025.12.08	01:02:52.852	0.87347	0.87387			6
2025.12.08	01:02:53.267	0.87348	0.87384			6
2025.12.08	01:02:53.619		0.87383			4
2025.12.08	01:02:53.921	0.87347	0.87384			6
2025.12.08	01:02:54.225		0.87382			4
2025.12.08	01:02:54.786		0.87381			4
2025.12.08	01:02:55.112		0.87382			4
2025.12.08	01:02:55.853	0.87344	0.87379			6
2025.12.08	01:02:56.358		0.87377			4
2025.12.08	01:02:56.726	0.87342				2
2025.12.08	01:02:57.060	0.87343	0.87374			6
2025.12.08	01:02:57.381		0.87376			4
2025.12.08	01:02:57.879		0.87377			4
2025.12.08	01:02:58.315	0.87342				2
2025.12.08	01:02:58.807		0.87375			4
2025.12.08	01:02:59.286	0.87344	0.87374			6
2025.12.08	01:03:00.017	0.87344				2
2025.12.08	01:03:03.124	0.87350	0.87390			6
2025.12.08	01:03:03.497		0.87385			4
2025.12.08	01:03:03.806		0.87388			4
2025.12.08	01:03:04.223	0.87345	0.87386			6
2025.12.08	01:03:04.551	0.87349	0.87383			6
2025.12.08	01:03:04.875		0.87388			4
2025.12.08	01:03:05.945		0.87389			4
2025.12.08	01:03:06.263		0.87388			4
2025.12.08	01:03:06.577	0.87350				2
2025.12.08	01:03:08.756	0.87349				2
2025.12.08	01:03:09.059	0.87348				2
2025.12.08	01:03:09.404	0.87349				2
2025.12.08	01:03:11.337	0.87348	0.87384			6
2025.12.08	01:03:11.885		0.87386			4
2025.12.08	01:03:12.276	0.87349	0.87388			6
2025.12.08	01:03:12.595		0.87387			4
2025.12.08	01:03:13.203	0.87350	0.87384			6
2025.12.08	01:03:13.554	0.87347	0.87385			6
2025.12.08	01:03:14.007		0.87383			4
2025.12.08	01:03:14.490	0.87350	0.87385			6
2025.12.08	01:03:16.084		0.87387			4
2025.12.08	01:03:16.504		0.87378			4
2025.12.08	01:03:16.915		0.87387			4
2025.12.08	01:03:17.313		0.87382			4
2025.12.08	01:03:17.634	0.87348	0.87383			6
2025.12.08	01:03:17.938	0.87349	0.87386			6
2025.12.08	01:03:18.508		0.87383			4
2025.12.08	01:03:19.082	0.87347	0.87378			6
2025.12.08	01:03:19.422	0.87345				2
2025.12.08	01:03:20.210	0.87346				2
2025.12.08	01:03:20.536	0.87345	0.87380			6
2025.12.08	01:03:21.814		0.87379			4
2025.12.08	01:03:22.985	0.87344				2
2025.12.08	01:03:23.649	0.87347	0.87384			6
2025.12.08	01:03:23.959		0.87383			4
2025.12.08	01:03:24.367		0.87384			4
2025.12.08	01:03:26.405	0.87348				2
2025.12.08	01:03:32.558	0.87349				2
2025.12.08	01:03:33.781	0.87348	0.87378			6
2025.12.08	01:03:34.123	0.87346	0.87380			6
2025.12.08	01:03:34.940	0.87348				2
2025.12.08	01:03:36.785	0.87347				2
2025.12.08	01:03:39.404	0.87345				2
2025.12.08	01:03:40.086	0.87344				2
2025.12.08	01:03:42.380	0.87345				2
2025.12.08	01:03:52.121	0.87347				2
2025.12.08	01:03:56.125	0.87345	0.87374			6
2025.12.08	01:03:56.470		0.87373			4
2025.12.08	01:03:57.576	0.87347	0.87372			6
2025.12.08	01:04:00.379	0.87347				2
2025.12.08	01:04:04.925	0.87345				2
2025.12.08	01:04:10.336	0.87346				2
2025.12.08	01:04:12.945		0.87373			4
2025.12.08	01:04:13.255	0.87348				2
2025.12.08	01:04:14.586	0.87350	0.87384			6
2025.12.08	01:04:18.312	0.87348	0.87373			6
2025.12.08	01:04:20.534		0.87375			4
2025.12.08	01:04:22.446	0.87346				2
2025.12.08	01:04:23.286	0.87347				2
2025.12.08	01:04:25.336		0.87374			4
2025.12.08	01:04:32.499	0.87348	0.87373			6
2025.12.08	01:04:38.077	0.87347	0.87379			6
2025.12.08	01:04:38.413	0.87358	0.87396			6
2025.12.08	01:04:39.660	0.87359	0.87395			6
2025.12.08	01:04:40.918	0.87358	0.87393			6
2025.12.08	01:04:41.847	0.87349	0.87381			6
2025.12.08	01:04:42.785	0.87348				2
2025.12.08	01:04:45.024	0.87349				2
2025.12.08	01:04:46.685	0.87348				2
2025.12.08	01:04:48.138	0.87349				2
2025.12.08	01:04:53.586	0.87346	0.87379			6
2025.12.08	01:04:54.301		0.87374			4
2025.12.08	01:04:54.938	0.87347	0.87371			6
2025.12.08	01:04:55.303		0.87374			4
2025.12.08	01:04:55.777		0.87377			4
2025.12.08	01:04:56.164	0.87348	0.87376			6
2025.12.08	01:04:56.815	0.87347				2
2025.12.08	01:04:57.220	0.87353	0.87380			6
2025.12.08	01:04:57.553	0.87354	0.87382			6
2025.12.08	01:04:58.026	0.87355				2
2025.12.08	01:04:58.884	0.87351	0.87381			6
2025.12.08	01:04:59.315	0.87352				2
2025.12.08	01:04:59.909	0.87353	0.87379			6
2025.12.08	01:05:00.306	0.87353				2
2025.12.08	01:05:01.529		0.87380			4
2025.12.08	01:05:02.094	0.87354				2
2025.12.08	01:05:03.785	0.87353				2
2025.12.08	01:05:05.148	0.87354	0.87381			6
2025.12.08	01:05:05.819	0.87355				2
2025.12.08	01:05:07.028	0.87356				2
2025.12.08	01:05:08.508	0.87355				2
2025.12.08	01:05:11.512		0.87382			4
2025.12.08	01:05:13.277		0.87381			4
2025.12.08	01:05:14.476	0.87354				2
2025.12.08	01:05:15.526	0.87355	0.87385			6
2025.12.08	01:05:18.444	0.87356				2
2025.12.08	01:05:20.534	0.87355				2
2025.12.08	01:05:21.582		0.87386			4
2025.12.08	01:05:26.811		0.87385			4
2025.12.08	01:05:27.563		0.87386			4
2025.12.08	01:05:29.286	0.87359	0.87389			6
2025.12.08	01:05:29.590	0.87360				2
2025.12.08	01:05:30.060	0.87361				2
2025.12.08	01:05:31.792	0.87359	0.87387			6
2025.12.08	01:05:35.801		0.87385			4
2025.12.08	01:05:36.817	0.87358				2
2025.12.08	01:05:37.168	0.87357	0.87387			6
2025.12.08	01:05:37.604		0.87385			4
2025.12.08	01:05:38.024		0.87384			4
2025.12.08	01:05:40.440		0.87385			4
2025.12.08	01:05:42.556	0.87356	0.87384			6
2025.12.08	01:05:42.858	0.87357	0.87385			6
2025.12.08	01:05:43.626	0.87358				2
2025.12.08	01:05:44.582	0.87357				2
2025.12.08	01:05:46.086	0.87356				2
2025.12.08	01:05:48.753	0.87359	0.87382			6
2025.12.08	01:05:49.140	0.87360	0.87381			6
2025.12.08	01:05:49.465	0.87358	0.87384			6
2025.12.08	01:05:50.186		0.87385			4
2025.12.08	01:05:52.227	0.87357				2
2025.12.08	01:05:52.573		0.87384			4
2025.12.08	01:05:53.225	0.87358	0.87385			6
2025.12.08	01:05:54.234	0.87357				2
2025.12.08	01:05:55.314		0.87384			4
2025.12.08	01:05:55.885	0.87359	0.87383			6
2025.12.08	01:05:57.101	0.87360	0.87382			6
2025.12.08	01:05:59.586		0.87381			4
2025.12.08	01:06:00.796	0.87360				2
2025.12.08	01:06:03.768	0.87362	0.87379			6
2025.12.08	01:06:04.359	0.87364	0.87390			6
2025.12.08	01:06:05.822	0.87366	0.87392			6
2025.12.08	01:06:06.409	0.87364	0.87395			6
2025.12.08	01:06:07.042		0.87392			4
2025.12.08	01:06:07.542		0.87395			4
2025.12.08	01:06:08.042	0.87363	0.87392			6
2025.12.08	01:06:08.542		0.87393			4
2025.12.08	01:06:09.042		0.87391			4
2025.12.08	01:06:09.350	0.87364	0.87393			6
2025.12.08	01:06:09.769		0.87391			4
2025.12.08	01:06:10.543	0.87365	0.87393			6
2025.12.08	01:06:11.044		0.87391			4
2025.12.08	01:06:11.542	0.87364	0.87393			6
2025.12.08	01:06:11.849		0.87391			4
2025.12.08	01:06:12.541		0.87392			4
2025.12.08	01:06:18.485		0.87393			4
2025.12.08	01:06:19.159		0.87392			4
2025.12.08	01:06:19.658	0.87363				2
2025.12.08	01:06:21.228	0.87361	0.87391			6
2025.12.08	01:06:21.604		0.87390			4
2025.12.08	01:06:21.913	0.87358	0.87389			6
2025.12.08	01:06:22.226	0.87359				2
2025.12.08	01:06:30.187	0.87358				2
2025.12.08	01:06:32.940	0.87359				2
2025.12.08	01:06:35.850	0.87360				2
2025.12.08	01:06:36.981		0.87390			4
2025.12.08	01:06:37.509		0.87391			4
2025.12.08	01:06:38.020	0.87358	0.87395			6
2025.12.08	01:06:45.576	0.87357	0.87388			6
2025.12.08	01:06:47.649	0.87356	0.87387			6
2025.12.08	01:06:51.485	0.87357	0.87386			6
2025.12.08	01:06:53.192	0.87355	0.87385			6
2025.12.08	01:06:53.632	0.87354				2
2025.12.08	01:07:00.186	0.87354				2
2025.12.08	01:07:24.186	0.87353				2
2025.12.08	01:07:25.632	0.87350	0.87377			6
2025.12.08	01:07:25.948		0.87376			4
2025.12.08	01:07:26.581	0.87351	0.87377			6
2025.12.08	01:07:27.486		0.87376			4
2025.12.08	01:07:29.465		0.87377			4
2025.12.08	01:07:30.274	0.87350	0.87376			6
2025.12.08	01:07:31.935		0.87375			4
2025.12.08	01:07:34.393		0.87376			4
2025.12.08	01:07:39.912		0.87375			4
2025.12.08	01:07:41.531	0.87351	0.87374			6
2025.12.08	01:07:42.061	0.87352	0.87373			6
2025.12.08	01:07:48.050		0.87374			4
2025.12.08	01:07:49.685		0.87373			4
2025.12.08	01:07:51.754		0.87374			4
2025.12.08	01:07:57.464	0.87353	0.87373			6
2025.12.08	01:08:01.209	0.87353				2
2025.12.08	01:08:04.073	0.87354	0.87371			6
2025.12.08	01:08:05.767		0.87372			4
2025.12.08	01:08:08.614	0.87358	0.87378			6
2025.12.08	01:08:08.930		0.87380			4
2025.12.08	01:08:09.468	0.87357	0.87377			6
2025.12.08	01:08:11.293	0.87356	0.87375			6
2025.12.08	01:08:11.624		0.87376			4
2025.12.08	01:08:13.332	0.87355	0.87377			6
2025.12.08	01:08:20.375	0.87357	0.87384			6
2025.12.08	01:08:21.320	0.87358				2
2025.12.08	01:08:22.648		0.87383			4
2025.12.08	01:08:23.618	0.87359				2
2025.12.08	01:08:25.202	0.87358				2
2025.12.08	01:08:25.971		0.87384			4
2025.12.08	01:08:28.265	0.87355	0.87377			6
2025.12.08	01:08:28.588	0.87354	0.87379			6
2025.12.08	01:08:29.274	0.87355	0.87382			6
2025.12.08	01:08:29.684	0.87356				2
2025.12.08	01:08:29.998		0.87380			4
2025.12.08	01:08:35.887		0.87379			4
2025.12.08	01:08:36.908	0.87359	0.87386			6
2025.12.08	01:08:37.222	0.87360	0.87388			6
2025.12.08	01:08:37.922	0.87359	0.87389			6
2025.12.08	01:08:38.936	0.87361				2
2025.12.08	01:08:42.806	0.87363	0.87391			6
2025.12.08	01:08:43.200	0.87364				2
2025.12.08	01:08:44.392		0.87393			4
2025.12.08	01:08:48.728		0.87392			4
2025.12.08	01:08:49.328		0.87393			4
2025.12.08	01:08:57.447	0.87363				2
2025.12.08	01:09:01.385	0.87363				2
2025.12.08	01:09:06.185		0.87394			4
2025.12.08	01:09:09.255		0.87393			4
2025.12.08	01:09:11.439	0.87362				2
2025.12.08	01:09:12.785	0.87363	0.87392			6
2025.12.08	01:09:16.386	0.87364	0.87391			6
2025.12.08	01:09:16.935	0.87365	0.87390			6
2025.12.08	01:09:20.374	0.87366				2
2025.12.08	01:09:22.938	0.87365				2
2025.12.08	01:09:23.299	0.87366				2
2025.12.08	01:09:24.414	0.87365				2
2025.12.08	01:09:34.439		0.87391			4
2025.12.08	01:09:35.435	0.87367	0.87389			6
2025.12.08	01:09:35.743	0.87365	0.87390			6
2025.12.08	01:09:36.142		0.87389			4
2025.12.08	01:09:36.458	0.87364				2
2025.12.08	01:09:36.809	0.87367	0.87387			6
2025.12.08	01:09:37.119	0.87363	0.87388			6
2025.12.08	01:09:37.840	0.87365	0.87387			6
2025.12.08	01:09:38.146	0.87364	0.87389			6
2025.12.08	01:09:39.436	0.87366	0.87384			6
2025.12.08	01:09:39.744	0.87365	0.87386			6
2025.12.08	01:09:40.838	0.87364				2
2025.12.08	01:09:41.433		0.87385			4
2025.12.08	01:09:43.086		0.87387			4
2025.12.08	01:09:45.041		0.87386			4
2025.12.08	01:09:45.389	0.87363				2
2025.12.08	01:09:46.892		0.87384			4
2025.12.08	01:09:47.547		0.87385			4
2025.12.08	01:09:47.874		0.87386			4
2025.12.08	01:09:48.319		0.87383			4
2025.12.08	01:09:49.879	0.87362				2
2025.12.08	01:09:52.547		0.87382			4
2025.12.08	01:09:53.548	0.87363	0.87386			6
2025.12.08	01:09:54.049		0.87383			4
2025.12.08	01:09:55.337		0.87382			4
2025.12.08	01:09:55.811	0.87369	0.87391			6
2025.12.08	01:09:56.112		0.87390			4
2025.12.08	01:09:57.235	0.87371				2
2025.12.08	01:10:00.456	0.87371				2
2025.12.08	01:10:01.399	0.87370				2
2025.12.08	01:10:02.057	0.87368	0.87392			6
2025.12.08	01:10:03.237	0.87369				2
2025.12.08	01:10:04.662	0.87368				2
2025.12.08	01:10:05.804		0.87391			4
2025.12.08	01:10:06.130	0.87367				2
2025.12.08	01:10:06.864	0.87365	0.87379			6
2025.12.08	01:10:07.179	0.87363	0.87381			6
2025.12.08	01:10:14.688	0.87365				2
2025.12.08	01:10:15.001	0.87363	0.87382			6
2025.12.08	01:10:15.306	0.87366	0.87381			6
2025.12.08	01:10:15.662	0.87365	0.87382			6
2025.12.08	01:10:16.797	0.87366				2
2025.12.08	01:10:17.122	0.87370	0.87391			6
2025.12.08	01:10:18.827	0.87371				2
2025.12.08	01:10:20.766	0.87370	0.87393			6
2025.12.08	01:10:22.974	0.87371	0.87394			6
2025.12.08	01:10:25.481		0.87395			4
2025.12.08	01:10:26.222		0.87394			4
2025.12.08	01:10:28.501	0.87370	0.87393			6
2025.12.08	01:10:28.804	0.87369	0.87391			6
2025.12.08	01:10:29.780		0.87392			4
2025.12.08	01:10:32.112	0.87368				2
2025.12.08	01:10:32.440		0.87389			4
2025.12.08	01:10:32.775	0.87369	0.87390			6
2025.12.08	01:10:33.494		0.87393			4
2025.12.08	01:10:36.228		0.87395			4
2025.12.08	01:10:37.205	0.87367	0.87389			6
2025.12.08	01:10:38.761	0.87366	0.87392			6
2025.12.08	01:10:39.830	0.87367				2
2025.12.08	01:10:41.240		0.87393			4
2025.12.08	01:10:47.585	0.87366				2
2025.12.08	01:10:50.399	0.87367				2
2025.12.08	01:10:51.461	0.87366				2
2025.12.08	01:10:56.255		0.87391			4
2025.12.08	01:11:00.535	0.87366				2
2025.12.08	01:11:03.754	0.87367	0.87393			6
2025.12.08	01:11:04.055		0.87391			4
2025.12.08	01:11:05.549		0.87392			4
2025.12.08	01:11:06.044		0.87391			4
2025.12.08	01:11:06.485	0.87366				2
2025.12.08	01:11:09.485	0.87367				2
2025.12.08	01:11:22.476		0.87389			4
2025.12.08	01:11:23.258		0.87390			4
2025.12.08	01:11:23.566		0.87392			4
2025.12.08	01:11:25.685	0.87366				2
2025.12.08	01:11:27.284	0.87367				2
2025.12.08	01:11:28.287	0.87366				2
2025.12.08	01:11:32.913		0.87393			4
2025.12.08	01:11:34.578	0.87365	0.87392			6
2025.12.08	01:11:35.009	0.87364				2
2025.12.08	01:11:38.598	0.87363				2
2025.12.08	01:11:40.553	0.87364				2
2025.12.08	01:11:41.417		0.87393			4
2025.12.08	01:11:44.186		0.87391			4
2025.12.08	01:11:45.829		0.87390			4
2025.12.08	01:11:48.340		0.87391			4
2025.12.08	01:11:50.285		0.87390			4
2025.12.08	01:11:50.889		0.87384			4
2025.12.08	01:11:52.120		0.87386			4
2025.12.08	01:11:53.803		0.87393			4
2025.12.08	01:11:54.517	0.87363	0.87392			6
2025.12.08	01:11:55.549		0.87393			4
2025.12.08	01:11:55.986	0.87364				2
2025.12.08	01:11:56.527		0.87392			4
2025.12.08	01:11:57.891	0.87362	0.87394			6
2025.12.08	01:11:59.018		0.87393			4
2025.12.08	01:12:01.685	0.87362				2
2025.12.08	01:12:08.585	0.87363				2
2025.12.08	01:12:09.005	0.87365	0.87388			6
2025.12.08	01:12:13.535	0.87363	0.87387			6
2025.12.08	01:12:17.276	0.87364				2
2025.12.08	01:12:20.012	0.87363				2
2025.12.08	01:12:20.535	0.87364				2
2025.12.08	01:12:23.872		0.87393			4
2025.12.08	01:12:28.917		0.87387			4
2025.12.08	01:12:29.942		0.87391			4
2025.12.08	01:12:30.374		0.87387			4
2025.12.08	01:12:31.966		0.87386			4
2025.12.08	01:12:33.968	0.87363				2
2025.12.08	01:12:40.617		0.87391			4
2025.12.08	01:12:41.021		0.87385			4
2025.12.08	01:12:41.353		0.87387			4
2025.12.08	01:12:41.691		0.87392			4
2025.12.08	01:12:42.185		0.87391			4
2025.12.08	01:12:43.093		0.87385			4
2025.12.08	01:12:44.094	0.87365	0.87393			6
2025.12.08	01:12:44.402		0.87394			4
2025.12.08	01:12:44.733	0.87367	0.87393			6
2025.12.08	01:12:45.041		0.87387			4
2025.12.08	01:12:45.348		0.87388			4
2025.12.08	01:12:45.958		0.87387			4
2025.12.08	01:12:46.849	0.87366				2
2025.12.08	01:12:47.178	0.87358	0.87377			6
2025.12.08	01:12:47.481	0.87357				2
2025.12.08	01:12:53.886	0.87358				2
2025.12.08	01:12:55.594		0.87376			4
2025.12.08	01:12:57.185	0.87363	0.87385			6
2025.12.08	01:12:57.855	0.87364	0.87384			6
2025.12.08	01:12:58.386	0.87363	0.87378			6
2025.12.08	01:12:58.819		0.87377			4
2025.12.08	01:13:00.487	0.87363				2
2025.12.08	01:13:02.180		0.87376			4
2025.12.08	01:13:03.803		0.87377			4
2025.12.08	01:13:06.335		0.87376			4
2025.12.08	01:13:11.175	0.87362	0.87377			6
2025.12.08	01:13:13.375	0.87368	0.87388			6
2025.12.08	01:13:13.687	0.87367	0.87389			6
2025.12.08	01:13:13.988		0.87386			4
2025.12.08	01:13:14.310	0.87365	0.87385			6
2025.12.08	01:13:14.623	0.87364				2
2025.12.08	01:13:14.925	0.87365	0.87383			6
2025.12.08	01:13:15.227	0.87364	0.87386			6
2025.12.08	01:13:15.566		0.87387			4
2025.12.08	01:13:15.903		0.87383			4
2025.12.08	01:13:18.973	0.87365	0.87387			6
2025.12.08	01:13:20.960		0.87383			4
2025.12.08	01:13:37.062		0.87385			4
2025.12.08	01:13:38.585	0.87364				2
2025.12.08	01:13:43.555		0.87388			4
2025.12.08	01:13:46.018	0.87365	0.87386			6
2025.12.08	01:13:46.954	0.87366	0.87388			6
2025.12.08	01:13:48.055		0.87389			4
2025.12.08	01:13:50.264	0.87365				2
2025.12.08	01:13:50.977		0.87388			4
2025.12.08	01:13:51.298		0.87393			4
2025.12.08	01:13:52.262		0.87387			4
2025.12.08	01:13:52.596	0.87366	0.87386			6
2025.12.08	01:13:53.441	0.87367	0.87392			6
2025.12.08	01:13:53.937		0.87389			4
2025.12.08	01:13:55.362	0.87368				2
2025.12.08	01:13:56.062		0.87388			4
2025.12.08	01:14:00.432	0.87368				2
2025.12.08	01:14:01.085	0.87367				2
2025.12.08	01:14:06.642	0.87366	0.87384			6
2025.12.08	01:14:07.143	0.87365	0.87385			6
2025.12.08	01:14:08.984	0.87366	0.87391			6
2025.12.08	01:14:11.286	0.87367				2
2025.12.08	01:14:12.330		0.87390			4
2025.12.08	01:14:15.373		0.87389			4
2025.12.08	01:14:15.784	0.87366				2
2025.12.08	01:14:24.392		0.87388			4
2025.12.08	01:14:39.501		0.87389			4
2025.12.08	01:14:45.377		0.87390			4
2025.12.08	01:14:50.944		0.87391			4
2025.12.08	01:14:52.032	0.87365	0.87387			6
2025.12.08	01:15:00.535	0.87365				2
2025.12.08	01:15:00.838		0.87386			4
2025.12.08	01:15:01.176	0.87364	0.87388			6
2025.12.08	01:15:01.490		0.87386			4
2025.12.08	01:15:01.839	0.87365	0.87388			6
2025.12.08	01:15:02.456	0.87364				2
2025.12.08	01:15:03.366	0.87365				2
2025.12.08	01:15:03.683		0.87387			4
2025.12.08	01:15:04.056		0.87386			4
2025.12.08	01:15:04.382	0.87364	0.87387			6
2025.12.08	01:15:05.449		0.87388			4
2025.12.08	01:15:05.842		0.87387			4
2025.12.08	01:15:06.484		0.87386			4
2025.12.08	01:15:07.520	0.87365	0.87384			6
2025.12.08	01:15:07.828	0.87364				2
2025.12.08	01:15:08.177		0.87387			4
2025.12.08	01:15:08.525	0.87365	0.87384			6
2025.12.08	01:15:08.838		0.87387			4
2025.12.08	01:15:09.167	0.87364	0.87384			6
2025.12.08	01:15:09.526	0.87365	0.87386			6
2025.12.08	01:15:10.271	0.87364				2
2025.12.08	01:15:10.581	0.87365				2
2025.12.08	01:15:11.288	0.87364	0.87384			6
2025.12.08	01:15:11.598		0.87386			4
2025.12.08	01:15:11.941	0.87365				2
2025.12.08	01:15:12.325	0.87364				2
2025.12.08	01:15:12.669	0.87365	0.87383			6
2025.12.08	01:15:12.978		0.87386			4
2025.12.08	01:15:13.363	0.87364				2
2025.12.08	01:15:13.703	0.87365	0.87385			6
2025.12.08	01:15:14.020	0.87366	0.87386			6
2025.12.08	01:15:14.327	0.87364				2
2025.12.08	01:15:14.657	0.87365	0.87385			6
2025.12.08	01:15:14.978	0.87366	0.87386			6
2025.12.08	01:15:15.321	0.87364	0.87385			6
2025.12.08	01:15:15.693	0.87366				2
2025.12.08	01:15:16.343	0.87365				2
2025.12.08	01:15:16.732		0.87386			4
2025.12.08	01:15:17.038	0.87366	0.87385			6
2025.12.08	01:15:17.378	0.87365				2
2025.12.08	01:15:17.770	0.87362	0.87383			6
2025.12.08	01:15:18.105	0.87366	0.87386			6
2025.12.08	01:15:18.418	0.87365	0.87385			6
2025.12.08	01:15:18.808	0.87364	0.87386			6
2025.12.08	01:15:19.143		0.87383			4
2025.12.08	01:15:19.458		0.87385			4
2025.12.08	01:15:19.873		0.87383			4
2025.12.08	01:15:20.175	0.87365	0.87384			6
2025.12.08	01:15:20.959	0.87364	0.87383			6
2025.12.08	01:15:21.310		0.87384			4
2025.12.08	01:15:21.996		0.87383			4
2025.12.08	01:15:22.300	0.87365	0.87384			6
2025.12.08	01:15:22.656		0.87385			4
2025.12.08	01:15:23.031		0.87384			4
2025.12.08	01:15:23.340	0.87362	0.87385			6
2025.12.08	01:15:23.641	0.87358	0.87379			6
2025.12.08	01:15:23.956	0.87361	0.87382			6
2025.12.08	01:15:24.314	0.87360				2
2025.12.08	01:15:26.423	0.87359				2
2025.12.08	01:15:27.458	0.87360				2
2025.12.08	01:15:27.823		0.87381			4
2025.12.08	01:15:28.135		0.87382			4
2025.12.08	01:15:29.359	0.87361				2
2025.12.08	01:15:29.663	0.87360				2
2025.12.08	01:15:31.606	0.87359				2
2025.12.08	01:15:32.559	0.87360				2
2025.12.08	01:15:35.029	0.87359				2
2025.12.08	01:15:35.557	0.87361				2
2025.12.08	01:15:35.884	0.87360	0.87384			6
2025.12.08	01:15:36.938		0.87385			4
2025.12.08	01:15:37.950		0.87384			4
2025.12.08	01:15:38.262		0.87385			4
2025.12.08	01:15:38.762	0.87361	0.87384			6
2025.12.08	01:15:39.121	0.87360				2
2025.12.08	01:15:39.509		0.87385			4
2025.12.08	01:15:40.026		0.87384			4
2025.12.08	01:15:40.371		0.87385			4
2025.12.08	01:15:43.136		0.87384			4
2025.12.08	01:15:45.203		0.87382			4
2025.12.08	01:15:45.545	0.87359				2
2025.12.08	01:15:46.421	0.87360				2
2025.12.08	01:15:47.428	0.87359	0.87383			6
2025.12.08	01:15:48.444		0.87382			4
2025.12.08	01:15:49.386	0.87360				2
2025.12.08	01:15:51.917		0.87379			4
2025.12.08	01:15:52.409	0.87361	0.87378			6
2025.12.08	01:15:52.719	0.87360	0.87379			6
2025.12.08	01:15:55.313		0.87384			4
2025.12.08	01:15:55.636		0.87386			4
2025.12.08	01:15:56.432		0.87385			4
2025.12.08	01:15:57.595		0.87384			4
2025.12.08	01:15:57.922		0.87385			4
2025.12.08	01:15:59.836		0.87384			4
2025.12.08	01:16:00.235	0.87360				2
2025.12.08	01:16:03.609	0.87361				2
2025.12.08	01:16:03.982	0.87360				2
2025.12.08	01:16:05.583	0.87361				2
2025.12.08	01:16:05.940	0.87360				2
2025.12.08	01:16:07.877		0.87385			4
2025.12.08	01:16:08.644	0.87359	0.87384			6
2025.12.08	01:16:10.204		0.87383			4
2025.12.08	01:16:10.534	0.87358				2
2025.12.08	01:16:10.838	0.87359	0.87384			6
2025.12.08	01:16:12.792		0.87383			4
2025.12.08	01:16:14.687		0.87380			4
2025.12.08	01:16:15.054		0.87382			4
2025.12.08	01:16:15.732		0.87381			4
2025.12.08	01:16:16.153		0.87384			4
2025.12.08	01:16:16.582	0.87358				2
2025.12.08	01:16:16.885	0.87359	0.87380			6
2025.12.08	01:16:17.303		0.87383			4
2025.12.08	01:16:17.806		0.87382			4
2025.12.08	01:16:18.159		0.87380			4
2025.12.08	01:16:18.862	0.87358	0.87382			6
2025.12.08	01:16:19.185	0.87360				2
2025.12.08	01:16:19.824	0.87358				2
2025.12.08	01:16:20.130	0.87362	0.87381			6
2025.12.08	01:16:20.437		0.87383			4
2025.12.08	01:16:21.264		0.87380			4
2025.12.08	01:16:21.580	0.87360	0.87377			6
2025.12.08	01:16:21.882	0.87359	0.87382			6
2025.12.08	01:16:22.193		0.87377			4
2025.12.08	01:16:22.500		0.87382			4
2025.12.08	01:16:22.831		0.87377			4
2025.12.08	01:16:23.192		0.87382			4
2025.12.08	01:16:23.608	0.87358	0.87381			6
2025.12.08	01:16:23.932	0.87359	0.87379			6
2025.12.08	01:16:24.264		0.87382			4
2025.12.08	01:16:24.605	0.87360				2
2025.12.08	01:16:24.961	0.87361				2
2025.12.08	01:16:25.592	0.87360	0.87383			6
2025.12.08	01:16:26.001	0.87361				2
2025.12.08	01:16:26.350		0.87382			4
2025.12.08	01:16:26.983	0.87360				2
2025.12.08	01:16:27.291	0.87361				2
2025.12.08	01:16:27.613	0.87362	0.87383			6
2025.12.08	01:16:27.918	0.87363				2
2025.12.08	01:16:28.614	0.87362				2
2025.12.08	01:16:28.919		0.87384			4
2025.12.08	01:16:29.240	0.87363	0.87383			6
2025.12.08	01:16:29.718	0.87359	0.87380			6
2025.12.08	01:16:30.028	0.87358				2
2025.12.08	01:16:30.737		0.87379			4
2025.12.08	01:16:31.922		0.87378			4
2025.12.08	01:16:32.666	0.87362	0.87380			6
2025.12.08	01:16:33.679		0.87383			4
2025.12.08	01:16:34.009	0.87361				2
2025.12.08	01:16:34.590		0.87379			4
2025.12.08	01:16:34.949		0.87380			4
2025.12.08	01:16:36.311	0.87362				2
2025.12.08	01:16:36.621	0.87360				2
2025.12.08	01:16:38.289	0.87362				2
2025.12.08	01:16:38.627	0.87361				2
2025.12.08	01:16:39.333	0.87362				2
2025.12.08	01:16:39.664	0.87361				2
2025.12.08	01:16:40.377	0.87362	0.87379			6
2025.12.08	01:16:40.717	0.87361	0.87380			6
2025.12.08	01:16:41.631	0.87360				2
2025.12.08	01:16:42.115		0.87379			4
2025.12.08	01:16:42.555	0.87361				2
2025.12.08	01:16:42.913	0.87366	0.87383			6
2025.12.08	01:16:47.112	0.87357	0.87374			6
2025.12.08	01:16:48.827	0.87358	0.87375			6
2025.12.08	01:16:49.727	0.87357				2
2025.12.08	01:16:50.292	0.87358	0.87376			6
2025.12.08	01:16:51.312		0.87375			4
2025.12.08	01:16:52.727	0.87359				2
2025.12.08	01:16:53.039	0.87358	0.87373			6
2025.12.08	01:16:53.359		0.87375			4
2025.12.08	01:16:53.748	0.87359				2
2025.12.08	01:16:54.269	0.87361	0.87374			6
2025.12.08	01:16:54.619		0.87375			4
2025.12.08	01:16:55.526	0.87360				2
2025.12.08	01:16:56.412		0.87374			4
2025.12.08	01:16:56.719		0.87375			4
2025.12.08	01:16:57.501	0.87362	0.87374			6
2025.12.08	01:16:59.670	0.87361	0.87375			6
2025.12.08	01:17:00.065	0.87361				2
2025.12.08	01:17:00.836	0.87360				2
2025.12.08	01:17:02.753	0.87361	0.87374			6
2025.12.08	01:17:04.531	0.87362				2
2025.12.08	01:17:05.386	0.87360				2
2025.12.08	01:17:13.385	0.87359				2
2025.12.08	01:17:16.387	0.87357	0.87372			6
2025.12.08	01:17:16.770	0.87355				2
2025.12.08	01:17:18.485		0.87371			4
2025.12.08	01:17:26.712	0.87354				2
2025.12.08	01:17:27.468		0.87372			4
2025.12.08	01:17:30.034	0.87353				2
2025.12.08	01:17:30.461	0.87354	0.87371			6
2025.12.08	01:17:32.157	0.87355	0.87372			6
2025.12.08	01:17:32.483	0.87356				2
2025.12.08	01:17:34.843	0.87355				2
2025.12.08	01:17:35.657	0.87358				2
2025.12.08	01:17:38.584		0.87371			4
2025.12.08	01:17:41.546		0.87372			4
2025.12.08	01:17:42.590	0.87359				2
2025.12.08	01:17:45.675		0.87371			4
2025.12.08	01:17:48.376	0.87360	0.87368			6
2025.12.08	01:17:48.708	0.87359				2
2025.12.08	01:17:49.759		0.87369			4
2025.12.08	01:17:50.824	0.87360	0.87368			6
2025.12.08	01:17:51.652	0.87358	0.87370			6
2025.12.08	01:17:56.652	0.87362	0.87375			6
2025.12.08	01:17:56.960	0.87359	0.87370			6
2025.12.08	01:17:57.775	0.87362	0.87373			6
2025.12.08	01:18:00.186	0.87362	0.87372			6
2025.12.08	01:18:00.499	0.87361	0.87374			6
2025.12.08	01:18:02.611	0.87360	0.87369			6
2025.12.08	01:18:02.922	0.87358				2
2025.12.08	01:18:03.860	0.87363	0.87374			6
2025.12.08	01:18:04.199	0.87361	0.87370			6
2025.12.08	01:18:04.519		0.87369			4
2025.12.08	01:18:04.863	0.87362	0.87375			6
2025.12.08	01:18:05.194	0.87361	0.87369			6
2025.12.08	01:18:05.501		0.87374			4
2025.12.08	01:18:05.884		0.87369			4
2025.12.08	01:18:06.340		0.87371			4
2025.12.08	01:18:06.691		0.87369			4
2025.12.08	01:18:07.011		0.87368			4
2025.12.08	01:18:07.319		0.87371			4
2025.12.08	01:18:07.756	0.87360	0.87368			6
2025.12.08	01:18:08.418	0.87361	0.87370			6
2025.12.08	01:18:08.835	0.87359	0.87369			6
2025.12.08	01:18:09.172	0.87358	0.87370			6
2025.12.08	01:18:09.525	0.87361	0.87368			6
2025.12.08	01:18:09.837		0.87369			4
2025.12.08	01:18:10.302	0.87363	0.87372			6
2025.12.08	01:18:10.607	0.87361	0.87369			6
2025.12.08	01:18:10.987		0.87373			4
2025.12.08	01:18:11.755		0.87376			4
2025.12.08	01:18:12.089		0.87369			4
2025.12.08	01:18:13.863	0.87360				2
2025.12.08	01:18:14.385	0.87359	0.87368			6
2025.12.08	01:18:14.966		0.87367			4
2025.12.08	01:18:18.523		0.87372			4
2025.12.08	01:18:19.235	0.87360				2
2025.12.08	01:18:19.556	0.87358	0.87368			6
2025.12.08	01:18:19.860	0.87359	0.87370			6
2025.12.08	01:18:20.189	0.87362	0.87374			6
2025.12.08	01:18:20.498	0.87359	0.87376			6
2025.12.08	01:18:20.800	0.87360	0.87377			6
2025.12.08	01:18:21.163	0.87362	0.87373			6
2025.12.08	01:18:21.831	0.87358	0.87376			6
2025.12.08	01:18:22.155	0.87360	0.87374			6
2025.12.08	01:18:23.072	0.87358	0.87376			6
2025.12.08	01:18:24.121	0.87359	0.87375			6
2025.12.08	01:18:24.498		0.87376			4
2025.12.08	01:18:24.828	0.87358				2
2025.12.08	01:18:25.244	0.87359				2
2025.12.08	01:18:26.604	0.87358				2
2025.12.08	01:18:27.485	0.87359				2
2025.12.08	01:18:28.174	0.87361	0.87374			6
2025.12.08	01:18:28.947	0.87359	0.87376			6
2025.12.08	01:18:29.679	0.87358				2
2025.12.08	01:18:30.115	0.87359				2
2025.12.08	01:18:30.453	0.87364	0.87372			6
2025.12.08	01:18:30.759		0.87374			4
2025.12.08	01:18:31.172		0.87373			4
2025.12.08	01:18:31.589	0.87361	0.87377			6
2025.12.08	01:18:31.929	0.87364	0.87373			6
2025.12.08	01:18:32.257	0.87365				2
2025.12.08	01:18:36.786	0.87364				2
2025.12.08	01:18:37.388	0.87365	0.87374			6
2025.12.08	01:18:37.697		0.87373			4
2025.12.08	01:18:42.522	0.87364	0.87374			6
2025.12.08	01:18:43.137	0.87362	0.87371			6
2025.12.08	01:18:43.487		0.87370			4
2025.12.08	01:18:44.503		0.87374			4
2025.12.08	01:18:44.846	0.87361	0.87376			6
2025.12.08	01:18:45.159	0.87364	0.87373			6
2025.12.08	01:18:45.470		0.87372			4
2025.12.08	01:18:46.079	0.87361	0.87375			6
2025.12.08	01:18:46.420	0.87363				2
2025.12.08	01:18:46.738	0.87364	0.87373			6
2025.12.08	01:18:53.817	0.87360	0.87370			6
2025.12.08	01:18:54.199	0.87358	0.87371			6
2025.12.08	01:18:54.512	0.87356	0.87372			6
2025.12.08	01:18:55.020	0.87358	0.87369			6
2025.12.08	01:18:55.343		0.87371			4
2025.12.08	01:18:55.697		0.87369			4
2025.12.08	01:18:56.027		0.87370			4
2025.12.08	01:18:56.683		0.87369			4
2025.12.08	01:18:57.070	0.87360	0.87367			6
2025.12.08	01:18:57.486	0.87358	0.87368			6
2025.12.08	01:18:58.010	0.87359	0.87367			6
2025.12.08	01:18:59.311	0.87360	0.87366			6
2025.12.08	01:19:01.985	0.87359	0.87367			6
2025.12.08	01:19:04.026	0.87358	0.87368			6
2025.12.08	01:19:04.686	0.87359				2
2025.12.08	01:19:06.710	0.87358	0.87369			6
2025.12.08	01:19:16.881	0.87365	0.87382			6
2025.12.08	01:19:17.521	0.87366	0.87381			6
2025.12.08	01:19:17.828	0.87365				2
2025.12.08	01:19:18.142		0.87380			4
2025.12.08	01:19:18.532		0.87379			4
2025.12.08	01:19:24.823	0.87366				2
2025.12.08	01:19:27.361	0.87367				2
2025.12.08	01:19:29.269	0.87366				2
2025.12.08	01:19:35.797	0.87367				2
2025.12.08	01:19:36.099	0.87363	0.87381			6
2025.12.08	01:19:36.423		0.87379			4
2025.12.08	01:19:36.769		0.87378			4
2025.12.08	01:19:37.073		0.87379			4
2025.12.08	01:19:37.452		0.87378			4
2025.12.08	01:19:38.024		0.87379			4
2025.12.08	01:19:40.275		0.87378			4
2025.12.08	01:19:41.624		0.87382			4
2025.12.08	01:19:42.003		0.87380			4
2025.12.08	01:19:42.336		0.87379			4
2025.12.08	01:19:43.337		0.87378			4
2025.12.08	01:19:43.795		0.87379			4
2025.12.08	01:19:44.132		0.87378			4
2025.12.08	01:19:45.380		0.87379			4
2025.12.08	01:19:46.281		0.87378			4
2025.12.08	01:19:46.811		0.87379			4
2025.12.08	01:19:47.831	0.87364				2
2025.12.08	01:19:48.152	0.87363				2
2025.12.08	01:19:48.468		0.87378			4
2025.12.08	01:19:48.834		0.87379			4
2025.12.08	01:19:49.303		0.87378			4
2025.12.08	01:19:49.719	0.87364	0.87379			6
2025.12.08	01:19:50.060	0.87363	0.87378			6
2025.12.08	01:19:50.973		0.87376			4
2025.12.08	01:19:52.027	0.87364	0.87379			6
2025.12.08	01:19:52.661		0.87378			4
2025.12.08	01:19:53.398		0.87377			4
2025.12.08	01:19:59.548		0.87376			4
2025.12.08	01:20:00.092	0.87364	0.87380			6
2025.12.08	01:20:00.402		0.87374			4
2025.12.08	01:20:00.712	0.87363				2
2025.12.08	01:20:01.023		0.87375			4
2025.12.08	01:20:01.345	0.87364	0.87376			6
2025.12.08	01:20:01.655		0.87374			4
2025.12.08	01:20:02.532		0.87379			4
2025.12.08	01:20:02.838		0.87375			4
2025.12.08	01:20:03.172		0.87376			4
2025.12.08	01:20:03.508		0.87375			4
2025.12.08	01:20:03.834		0.87374			4
2025.12.08	01:20:04.157	0.87363	0.87376			6
2025.12.08	01:20:05.057		0.87375			4
2025.12.08	01:20:05.623	0.87362	0.87376			6
2025.12.08	01:20:05.957		0.87375			4
2025.12.08	01:20:10.986		0.87376			4
2025.12.08	01:20:15.171		0.87375			4
2025.12.08	01:20:16.829		0.87376			4
2025.12.08	01:20:22.024		0.87375			4
2025.12.08	01:20:27.667		0.87374			4
2025.12.08	01:20:37.023		0.87376			4
2025.12.08	01:20:42.296	0.87366	0.87380			6
2025.12.08	01:20:42.598	0.87365	0.87381			6
2025.12.08	01:20:42.995		0.87380			4
2025.12.08	01:20:43.318	0.87366				2
2025.12.08	01:20:43.626	0.87364	0.87379			6
2025.12.08	01:20:46.173	0.87363	0.87380			6
2025.12.08	01:20:47.714		0.87379			4
2025.12.08	01:20:49.251		0.87378			4
2025.12.08	01:20:58.413		0.87379			4
2025.12.08	01:20:58.717	0.87364	0.87378			6
2025.12.08	01:21:00.057	0.87364				2
2025.12.08	01:21:00.891	0.87363				2
2025.12.08	01:21:03.430	0.87364	0.87380			6
2025.12.08	01:21:03.782		0.87379			4
2025.12.08	01:21:04.150		0.87378			4
2025.12.08	01:21:04.460		0.87379			4
2025.12.08	01:21:05.087		0.87378			4
2025.12.08	01:21:09.093	0.87363				2
2025.12.08	01:21:09.514		0.87381			4
2025.12.08	01:21:09.895		0.87380			4
2025.12.08	01:21:12.360		0.87381			4
2025.12.08	01:21:13.277	0.87364	0.87380			6
2025.12.08	01:21:14.903	0.87367				2
2025.12.08	01:21:15.213		0.87381			4
2025.12.08	01:21:15.995		0.87379			4
2025.12.08	01:21:18.031		0.87374			4
2025.12.08	01:21:19.686	0.87366	0.87375			6
2025.12.08	01:21:22.607	0.87367				2
2025.12.08	01:21:23.803		0.87376			4
2025.12.08	01:21:24.174		0.87375			4
2025.12.08	01:21:24.898	0.87365	0.87377			6
2025.12.08	01:21:26.601	0.87366				2
2025.12.08	01:21:27.040	0.87365	0.87378			6
2025.12.08	01:21:31.822	0.87366	0.87377			6
2025.12.08	01:21:32.138	0.87367	0.87375			6
2025.12.08	01:21:34.339		0.87376			4
2025.12.08	01:21:35.479	0.87366	0.87377			6
2025.12.08	01:21:35.793	0.87367	0.87376			6
2025.12.08	01:21:36.818	0.87366				2
2025.12.08	01:21:37.803	0.87367				2
2025.12.08	01:21:43.168		0.87375			4
2025.12.08	01:21:45.471		0.87376			4
2025.12.08	01:21:46.291	0.87366	0.87378			6
2025.12.08	01:21:46.915		0.87377			4
2025.12.08	01:21:47.263	0.87365	0.87378			6
2025.12.08	01:21:47.901		0.87377			4
2025.12.08	01:21:49.182	0.87366				2
2025.12.08	01:21:49.529	0.87365	0.87378			6
2025.12.08	01:21:51.002	0.87366	0.87377			6
2025.12.08	01:21:51.750	0.87367	0.87380			6
2025.12.08	01:21:52.977	0.87363	0.87379			6
2025.12.08	01:21:53.313	0.87366	0.87380			6
2025.12.08	01:21:53.973		0.87378			4
2025.12.08	01:21:55.531		0.87379			4
2025.12.08	01:21:56.607	0.87367	0.87378			6
2025.12.08	01:22:00.146	0.87367				2
2025.12.08	01:22:01.374	0.87366	0.87379			6
2025.12.08	01:22:02.513	0.87367	0.87378			6
2025.12.08	01:22:03.140	0.87366				2
2025.12.08	01:22:05.255	0.87367	0.87379			6
2025.12.08	01:22:05.643	0.87366				2
2025.12.08	01:22:07.241	0.87367	0.87378			6
2025.12.08	01:22:11.387	0.87366	0.87379			6
2025.12.08	01:22:12.301	0.87367	0.87378			6
2025.12.08	01:22:13.170	0.87366	0.87379			6
2025.12.08	01:22:13.482	0.87367	0.87378			6
2025.12.08	01:22:14.528	0.87366				2
2025.12.08	01:22:16.086	0.87367				2
2025.12.08	01:22:18.116	0.87366				2
2025.12.08	01:22:18.419	0.87367	0.87377			6
2025.12.08	01:22:19.201		0.87378			4
2025.12.08	01:22:22.116	0.87366	0.87379			6
2025.12.08	01:22:23.885	0.87367	0.87378			6
2025.12.08	01:22:26.603		0.87377			4
2025.12.08	01:22:28.531	0.87365	0.87379			6
2025.12.08	01:22:28.860	0.87367	0.87377			6
2025.12.08	01:22:32.917		0.87378			4
2025.12.08	01:22:33.574		0.87377			4
2025.12.08	01:22:35.390	0.87364	0.87374			6
2025.12.08	01:22:37.288		0.87371			4
2025.12.08	01:22:38.188	0.87363	0.87373			6
2025.12.08	01:22:38.517	0.87364				2
2025.12.08	01:22:38.840		0.87372			4
2025.12.08	01:22:39.448	0.87363				2
2025.12.08	01:22:40.516		0.87373			4
2025.12.08	01:22:41.205	0.87364				2
2025.12.08	01:22:41.622		0.87372			4
2025.12.08	01:22:41.992	0.87363				2
2025.12.08	01:22:42.303	0.87369	0.87370			6
2025.12.08	01:22:43.533	0.87370	0.87371			6
2025.12.08	01:22:43.851	0.87369	0.87370			6
2025.12.08	01:22:44.474	0.87370	0.87371			6
2025.12.08	01:22:44.776	0.87369	0.87370			6
2025.12.08	01:22:45.083	0.87370	0.87371			6
2025.12.08	01:22:45.719	0.87369	0.87370			6
2025.12.08	01:22:46.032	0.87363	0.87372			6
2025.12.08	01:22:46.369	0.87364	0.87373			6
2025.12.08	01:22:46.676		0.87374			4
2025.12.08	01:22:46.992		0.87372			4
2025.12.08	01:22:47.408		0.87374			4
2025.12.08	01:22:47.718		0.87373			4
2025.12.08	01:22:48.776		0.87374			4
2025.12.08	01:22:49.860		0.87372			4
2025.12.08	01:22:50.164		0.87373			4
2025.12.08	01:22:51.000		0.87374			4
2025.12.08	01:22:54.472		0.87373			4
2025.12.08	01:22:58.406		0.87374			4
2025.12.08	01:23:00.150	0.87364				2
2025.12.08	01:23:00.546		0.87373			4
2025.12.08	01:23:01.220		0.87374			4
2025.12.08	01:23:01.572		0.87373			4
2025.12.08	01:23:04.147	0.87363	0.87375			6
2025.12.08	01:23:04.458		0.87372			4
2025.12.08	01:23:13.278	0.87364				2
2025.12.08	01:23:14.183		0.87371			4
2025.12.08	01:23:15.693	0.87363	0.87372			6
2025.12.08	01:23:16.113		0.87371			4
2025.12.08	01:23:21.184		0.87372			4
2025.12.08	01:23:37.126		0.87373			4
2025.12.08	01:23:37.453	0.87364	0.87371			6
2025.12.08	01:23:39.185	0.87363	0.87372			6
2025.12.08	01:23:39.799		0.87373			4
2025.12.08	01:23:40.306		0.87371			4
2025.12.08	01:23:42.540		0.87373			4
2025.12.08	01:23:43.156		0.87371			4
2025.12.08	01:23:46.086		0.87372			4
2025.12.08	01:23:50.398		0.87373			4
2025.12.08	01:23:50.713		0.87372			4
2025.12.08	01:24:00.060	0.87363				2
2025.12.08	01:24:00.653		0.87373			4
2025.12.08	01:24:01.333		0.87372			4
2025.12.08	01:24:05.121		0.87371			4
2025.12.08	01:24:07.668		0.87372			4
2025.12.08	01:24:11.184		0.87373			4
2025.12.08	01:24:11.499	0.87364	0.87371			6
2025.12.08	01:24:11.800	0.87363	0.87372			6
2025.12.08	01:24:14.749	0.87364				2
2025.12.08	01:24:15.433	0.87363	0.87371			6
2025.12.08	01:24:16.081		0.87372			4
2025.12.08	01:24:18.387		0.87373			4
2025.12.08	01:24:18.740		0.87371			4
2025.12.08	01:24:21.353		0.87372			4
2025.12.08	01:24:23.209	0.87362	0.87373			6
2025.12.08	01:24:23.531	0.87363	0.87372			6
2025.12.08	01:24:24.163	0.87360	0.87374			6
2025.12.08	01:24:24.478		0.87375			4
2025.12.08	01:24:24.782	0.87361	0.87373			6
2025.12.08	01:24:25.586		0.87375			4
2025.12.08	01:24:25.915	0.87362				2
2025.12.08	01:24:26.429		0.87374			4
2025.12.08	01:24:26.749	0.87360	0.87375			6
2025.12.08	01:24:27.991	0.87361	0.87374			6
2025.12.08	01:24:28.787		0.87377			4
2025.12.08	01:24:29.098		0.87375			4
2025.12.08	01:24:29.691		0.87374			4
2025.12.08	01:24:31.327		0.87373			4
2025.12.08	01:24:31.693		0.87374			4
2025.12.08	01:24:33.574	0.87360				2
2025.12.08	01:24:34.334	0.87361	0.87373			6
2025.12.08	01:24:35.558		0.87376			4
2025.12.08	01:24:36.012	0.87362				2
2025.12.08	01:24:37.687	0.87361	0.87374			6
2025.12.08	01:24:38.416	0.87354	0.87367			6
2025.12.08	01:24:38.718	0.87362	0.87372			6
2025.12.08	01:24:39.031	0.87361	0.87373			6
2025.12.08	01:24:39.342	0.87362	0.87371			6
2025.12.08	01:24:41.108	0.87356	0.87372			6
2025.12.08	01:24:41.418		0.87369			4
2025.12.08	01:24:42.265		0.87368			4
2025.12.08	01:24:42.656		0.87369			4
2025.12.08	01:24:43.352		0.87368			4
2025.12.08	01:24:45.124	0.87353				2
2025.12.08	01:24:45.426	0.87354	0.87369			6
2025.12.08	01:24:46.035		0.87367			4
2025.12.08	01:24:46.839	0.87364	0.87371			6
2025.12.08	01:24:47.144	0.87355	0.87369			6
2025.12.08	01:24:48.454		0.87370			4
2025.12.08	01:24:48.758		0.87369			4
2025.12.08	01:24:49.201	0.87356	0.87371			6
2025.12.08	01:24:49.518	0.87355				2
2025.12.08	01:24:50.682	0.87364	0.87372			6
2025.12.08	01:24:51.317	0.87356	0.87371			6
2025.12.08	01:24:52.593	0.87355	0.87370			6
2025.12.08	01:24:52.898		0.87371			4
2025.12.08	01:24:53.711		0.87370			4
2025.12.08	01:24:54.620	0.87364	0.87373			6
2025.12.08	01:24:54.937	0.87357				2
2025.12.08	01:24:55.238	0.87356				2
2025.12.08	01:24:55.541	0.87357				2
2025.12.08	01:24:56.236	0.87355				2
2025.12.08	01:24:56.539	0.87363				2
2025.12.08	01:24:56.862	0.87354	0.87370			6
2025.12.08	01:24:57.213	0.87363	0.87371			6
2025.12.08	01:24:58.948	0.87356	0.87369			6
2025.12.08	01:25:00.086	0.87355				2
2025.12.08	01:25:00.539	0.87364	0.87371			6
2025.12.08	01:25:00.851	0.87363	0.87372			6
2025.12.08	01:25:01.159	0.87364	0.87373			6
2025.12.08	01:25:01.474	0.87365	0.87372			6
2025.12.08	01:25:01.791		0.87371			4
2025.12.08	01:25:02.100	0.87364				2
2025.12.08	01:25:02.835	0.87365	0.87372			6
2025.12.08	01:25:03.309	0.87364				2
2025.12.08	01:25:03.619	0.87357	0.87373			6
2025.12.08	01:25:03.938		0.87372			4
2025.12.08	01:25:04.346	0.87356				2
2025.12.08	01:25:04.658		0.87373			4
2025.12.08	01:25:04.963		0.87372			4
2025.12.08	01:25:05.610		0.87373			4
2025.12.08	01:25:06.979		0.87372			4
2025.12.08	01:25:07.437	0.87355				2
2025.12.08	01:25:07.817	0.87356				2
2025.12.08	01:25:08.558	0.87355				2
2025.12.08	01:25:08.921	0.87356	0.87373			6
2025.12.08	01:25:10.504	0.87355				2
2025.12.08	01:25:11.190		0.87372			4
2025.12.08	01:25:13.563	0.87365				2
2025.12.08	01:25:13.873	0.87356	0.87371			6
2025.12.08	01:25:14.180	0.87355				2
2025.12.08	01:25:15.573	0.87354				2
2025.12.08	01:25:16.218	0.87357	0.87372			6
2025.12.08	01:25:16.544	0.87356	0.87373			6
2025.12.08	01:25:16.884	0.87364				2
2025.12.08	01:25:18.758	0.87356				2
2025.12.08	01:25:21.238	0.87363	0.87374			6
2025.12.08	01:25:21.558	0.87357				2
2025.12.08	01:25:21.864		0.87373			4
2025.12.08	01:25:24.183	0.87356				2
2025.12.08	01:25:24.496	0.87357				2
2025.12.08	01:25:24.887	0.87355				2
2025.12.08	01:25:25.197	0.87356				2
2025.12.08	01:25:25.808	0.87359				2
2025.12.08	01:25:26.119		0.87374			4
2025.12.08	01:25:26.441	0.87364	0.87373			6
2025.12.08	01:25:26.767	0.87366	0.87372			6
2025.12.08	01:25:29.935	0.87354				2
2025.12.08	01:25:30.253	0.87355				2
2025.12.08	01:25:31.577	0.87356				2
2025.12.08	01:25:32.219	0.87365				2
2025.12.08	01:25:32.532	0.87356				2
2025.12.08	01:25:35.896	0.87365	0.87371			6
2025.12.08	01:25:36.199	0.87354	0.87372			6
2025.12.08	01:25:36.821	0.87365				2
2025.12.08	01:25:37.439	0.87356				2
2025.12.08	01:25:37.754	0.87365				2
2025.12.08	01:25:38.116	0.87357				2
2025.12.08	01:25:38.431	0.87354				2
2025.12.08	01:25:39.074	0.87356				2
2025.12.08	01:25:41.273	0.87357	0.87371			6
2025.12.08	01:25:41.581	0.87356	0.87370			6
2025.12.08	01:25:42.758		0.87371			4
2025.12.08	01:25:43.929		0.87370			4
2025.12.08	01:25:45.317	0.87355	0.87371			6
2025.12.08	01:25:46.503	0.87364	0.87372			6
2025.12.08	01:25:46.818	0.87365	0.87373			6
2025.12.08	01:25:48.792	0.87357				2
2025.12.08	01:25:51.711	0.87356				2
2025.12.08	01:25:52.619	0.87357				2
2025.12.08	01:25:54.217		0.87371			4
2025.12.08	01:25:55.060	0.87358	0.87369			6
2025.12.08	01:25:55.794	0.87357				2
2025.12.08	01:25:56.917		0.87368			4
2025.12.08	01:25:57.592	0.87358				2
2025.12.08	01:25:57.933	0.87363	0.87373			6
2025.12.08	01:25:58.422	0.87356	0.87369			6
2025.12.08	01:26:00.017	0.87356				2
2025.12.08	01:26:00.342	0.87362	0.87372			6
2025.12.08	01:26:00.646	0.87363	0.87373			6
2025.12.08	01:26:01.257	0.87356	0.87369			6
2025.12.08	01:26:01.796		0.87370			4
2025.12.08	01:26:02.098	0.87357				2
2025.12.08	01:26:03.783	0.87356	0.87369			6
2025.12.08	01:26:04.366		0.87370			4
2025.12.08	01:26:04.697		0.87371			4
2025.12.08	01:26:05.656	0.87365	0.87373			6
2025.12.08	01:26:06.299	0.87364				2
2025.12.08	01:26:06.613	0.87359	0.87372			6
2025.12.08	01:26:06.917	0.87365	0.87373			6
2025.12.08	01:26:07.377	0.87359	0.87371			6
2025.12.08	01:26:08.348	0.87358				2
2025.12.08	01:26:08.758		0.87370			4
2025.12.08	01:26:09.066	0.87359				2
2025.12.08	01:26:09.417	0.87364	0.87373			6
2025.12.08	01:26:09.799	0.87359	0.87371			6
2025.12.08	01:26:10.159	0.87358	0.87373			6
2025.12.08	01:26:10.528		0.87372			4
2025.12.08	01:26:10.842	0.87366	0.87375			6
2025.12.08	01:26:11.458	0.87358	0.87372			6
2025.12.08	01:26:13.311	0.87365	0.87375			6
2025.12.08	01:26:13.628		0.87371			4
2025.12.08	01:26:13.930	0.87362				2
2025.12.08	01:26:14.255	0.87366	0.87380			6
2025.12.08	01:26:14.558		0.87375			4
2025.12.08	01:26:14.863	0.87365	0.87372			6
2025.12.08	01:26:15.182	0.87363				2
2025.12.08	01:26:15.487	0.87361				2
2025.12.08	01:26:16.227	0.87362				2
2025.12.08	01:26:16.547	0.87361				2
2025.12.08	01:26:18.238		0.87380			4
2025.12.08	01:26:18.554	0.87366	0.87375			6
2025.12.08	01:26:18.893	0.87361	0.87372			6
2025.12.08	01:26:20.085	0.87359	0.87373			6
2025.12.08	01:26:21.143	0.87360	0.87372			6
2025.12.08	01:26:21.463		0.87373			4
2025.12.08	01:26:21.771	0.87361				2
2025.12.08	01:26:22.829	0.87366	0.87379			6
2025.12.08	01:26:23.143		0.87376			4
2025.12.08	01:26:23.470	0.87361	0.87373			6
2025.12.08	01:26:26.422	0.87360	0.87372			6
2025.12.08	01:26:26.732	0.87361				2
2025.12.08	01:26:30.605	0.87366	0.87380			6
2025.12.08	01:26:31.088		0.87381			4
2025.12.08	01:26:31.392	0.87361	0.87372			6
2025.12.08	01:26:32.533	0.87362				2
2025.12.08	01:26:39.406	0.87361	0.87371			6
2025.12.08	01:26:43.501	0.87362				2
2025.12.08	01:26:44.066	0.87361				2
2025.12.08	01:26:45.086	0.87362				2
2025.12.08	01:26:47.144	0.87354	0.87367			6
2025.12.08	01:26:47.777	0.87355				2
2025.12.08	01:26:48.083	0.87354				2
2025.12.08	01:26:48.514	0.87356				2
2025.12.08	01:26:49.218	0.87361	0.87371			6
2025.12.08	01:26:49.894	0.87356	0.87367			6
2025.12.08	01:26:51.126	0.87357				2
2025.12.08	01:26:51.433	0.87361	0.87371			6
2025.12.08	01:26:53.283	0.87363				2
2025.12.08	01:26:53.642	0.87362	0.87374			6
2025.12.08	01:26:54.170		0.87375			4
2025.12.08	01:26:54.584	0.87363	0.87374			6
2025.12.08	01:26:55.312	0.87357	0.87369			6
2025.12.08	01:26:55.614		0.87370			4
2025.12.08	01:26:55.933		0.87369			4
2025.12.08	01:26:56.261	0.87352	0.87367			6
2025.12.08	01:26:57.986	0.87353				2
2025.12.08	01:26:58.490	0.87354				2
2025.12.08	01:26:58.987	0.87353				2
2025.12.08	01:26:59.560	0.87354				2
2025.12.08	01:27:00.111	0.87354				2
2025.12.08	01:27:02.229	0.87361	0.87370			6
2025.12.08	01:27:02.531	0.87353	0.87368			6
2025.12.08	01:27:03.235	0.87354	0.87367			6
2025.12.08	01:27:04.685	0.87358	0.87365			6
2025.12.08	01:27:05.630	0.87357	0.87367			6
2025.12.08	01:27:05.942	0.87355	0.87366			6
2025.12.08	01:27:06.374	0.87357				2
2025.12.08	01:27:07.844	0.87356				2
2025.12.08	01:27:08.851	0.87355				2
2025.12.08	01:27:14.985	0.87354	0.87367			6
2025.12.08	01:27:18.740		0.87366			4
2025.12.08	01:27:20.138		0.87367			4
2025.12.08	01:27:21.491	0.87355				2
2025.12.08	01:27:22.124	0.87356	0.87366			6
2025.12.08	01:27:22.436	0.87355	0.87367			6
2025.12.08	01:27:22.738	0.87356				2
2025.12.08	01:27:25.525	0.87355				2
2025.12.08	01:27:27.673	0.87354				2
2025.12.08	01:27:40.148		0.87368			4
2025.12.08	01:27:42.785		0.87367			4
2025.12.08	01:27:44.000	0.87357				2
2025.12.08	01:27:45.376		0.87368			4
2025.12.08	01:28:00.704	0.87357				2
2025.12.08	01:28:03.949	0.87365	0.87374			6
2025.12.08	01:28:04.258	0.87359	0.87373			6
2025.12.08	01:28:04.596	0.87366	0.87374			6
2025.12.08	01:28:05.627	0.87360	0.87372			6
2025.12.08	01:28:08.270	0.87366	0.87374			6
2025.12.08	01:28:08.623	0.87362	0.87372			6
2025.12.08	01:28:08.936	0.87360				2
2025.12.08	01:28:09.391	0.87359	0.87373			6
2025.12.08	01:28:10.323	0.87360	0.87375			6
2025.12.08	01:28:10.866		0.87374			4
2025.12.08	01:28:12.117		0.87373			4
2025.12.08	01:28:18.857	0.87361				2
2025.12.08	01:28:19.186	0.87360				2
2025.12.08	01:28:19.509	0.87361	0.87374			6
2025.12.08	01:28:20.595	0.87360				2
2025.12.08	01:28:25.780	0.87362				2
2025.12.08	01:28:27.465	0.87364				2
2025.12.08	01:28:40.858	0.87365				2
2025.12.08	01:28:41.200	0.87364				2
2025.12.08	01:28:43.618	0.87365				2
2025.12.08	01:28:52.325	0.87369	0.87381			6
2025.12.08	01:28:52.713	0.87363	0.87377			6
2025.12.08	01:28:53.957	0.87362				2
2025.12.08	01:28:54.786		0.87376			4
2025.12.08	01:29:00.047	0.87362				2
2025.12.08	01:29:00.486	0.87361				2
2025.12.08	01:29:03.785	0.87362				2
2025.12.08	01:29:07.159	0.87371	0.87378			6
2025.12.08	01:29:07.460	0.87369				2
2025.12.08	01:29:07.765	0.87370	0.87377			6
2025.12.08	01:29:09.057		0.87378			4
2025.12.08	01:29:10.019		0.87382			4
2025.12.08	01:29:10.356		0.87381			4
2025.12.08	01:29:10.763		0.87376			4
2025.12.08	01:29:11.089		0.87381			4
2025.12.08	01:29:11.472		0.87377			4
2025.12.08	01:29:11.812		0.87378			4
2025.12.08	01:29:12.389	0.87369				2
2025.12.08	01:29:12.702		0.87377			4
2025.12.08	01:29:13.030		0.87378			4
2025.12.08	01:29:14.851		0.87377			4
2025.12.08	01:29:15.238	0.87368	0.87378			6
2025.12.08	01:29:16.009	0.87370				2
2025.12.08	01:29:18.180		0.87377			4
2025.12.08	01:29:19.214	0.87369	0.87378			6
2025.12.08	01:29:20.135		0.87377			4
2025.12.08	01:29:27.470	0.87370				2
2025.12.08	01:29:28.076		0.87379			4
2025.12.08	01:29:28.382	0.87365	0.87376			6
2025.12.08	01:29:28.691	0.87366				2
2025.12.08	01:29:28.993	0.87367				2
2025.12.08	01:29:31.858	0.87368				2
2025.12.08	01:29:33.086	0.87360	0.87373			6
2025.12.08	01:29:33.485	0.87361	0.87372			6
2025.12.08	01:29:34.621	0.87360				2
2025.12.08	01:29:42.477	0.87361				2
2025.12.08	01:30:00.470	0.87361				2
2025.12.08	01:30:03.220	0.87372	0.87373			6
2025.12.08	01:30:03.863	0.87366	0.87367			6
2025.12.08	01:30:04.804	0.87372	0.87373			6
2025.12.08	01:30:06.696	0.87367	0.87377			6
2025.12.08	01:30:09.502	0.87360	0.87373			6
2025.12.08	01:30:10.642	0.87367	0.87377			6
2025.12.08	01:30:11.057	0.87360	0.87373			6
2025.12.08	01:30:11.388	0.87367	0.87378			6
2025.12.08	01:30:12.488	0.87360	0.87373			6
2025.12.08	01:30:14.793	0.87368	0.87377			6
2025.12.08	01:30:15.119		0.87378			4
2025.12.08	01:30:15.515	0.87362	0.87375			6
2025.12.08	01:30:16.128	0.87368	0.87378			6
2025.12.08	01:30:16.466		0.87377			4
2025.12.08	01:30:16.778		0.87376			4
2025.12.08	01:30:17.103		0.87378			4
2025.12.08	01:30:17.471		0.87377			4
2025.12.08	01:30:18.112	0.87367				2
2025.12.08	01:30:18.454	0.87364	0.87373			6
2025.12.08	01:30:18.867	0.87360				2
2025.12.08	01:30:19.178	0.87363				2
2025.12.08	01:30:20.403	0.87367	0.87377			6
2025.12.08	01:30:20.903	0.87361	0.87374			6
2025.12.08	01:30:21.887	0.87362				2
2025.12.08	01:30:23.423	0.87368	0.87378			6
2025.12.08	01:30:23.779	0.87362	0.87374			6
2025.12.08	01:30:24.144	0.87363				2
2025.12.08	01:30:25.377	0.87368	0.87378			6
2025.12.08	01:30:25.686	0.87363	0.87374			6
2025.12.08	01:30:26.057	0.87368	0.87378			6
2025.12.08	01:30:27.942	0.87366	0.87376			6
2025.12.08	01:30:28.258	0.87365				2
2025.12.08	01:30:28.918	0.87364				2
2025.12.08	01:30:29.257	0.87370	0.87379			6
2025.12.08	01:30:29.558	0.87366	0.87376			6
2025.12.08	01:30:29.908	0.87370	0.87380			6
2025.12.08	01:30:30.288		0.87377			4
2025.12.08	01:30:30.631	0.87364	0.87376			6
2025.12.08	01:30:32.079	0.87363				2
2025.12.08	01:30:32.397	0.87370	0.87384			6
2025.12.08	01:30:32.699		0.87383			4
2025.12.08	01:30:33.447	0.87367	0.87375			6
2025.12.08	01:30:33.755	0.87370	0.87376			6
2025.12.08	01:30:34.197	0.87368				2
2025.12.08	01:30:34.515	0.87369				2
2025.12.08	01:30:34.943	0.87366				2
2025.12.08	01:30:35.260	0.87369				2
2025.12.08	01:30:36.415	0.87370				2
2025.12.08	01:30:36.720	0.87371	0.87377			6
2025.12.08	01:30:37.400	0.87370	0.87378			6
2025.12.08	01:30:37.973	0.87371	0.87377			6
2025.12.08	01:30:38.286		0.87379			4
2025.12.08	01:30:38.812		0.87378			4
2025.12.08	01:30:39.164	0.87372				2
2025.12.08	01:30:40.971	0.87370	0.87377			6
2025.12.08	01:30:46.498		0.87379			4
2025.12.08	01:30:46.972		0.87380			4
2025.12.08	01:30:47.290		0.87382			4
2025.12.08	01:30:47.994		0.87384			4
2025.12.08	01:30:49.718	0.87369	0.87376			6
2025.12.08	01:30:50.078		0.87377			4
2025.12.08	01:30:51.801		0.87376			4
2025.12.08	01:30:53.674		0.87379			4
2025.12.08	01:30:54.993	0.87368	0.87375			6
2025.12.08	01:30:57.799	0.87367	0.87376			6
2025.12.08	01:31:00.107	0.87367				2
2025.12.08	01:31:00.474	0.87370	0.87377			6
2025.12.08	01:31:02.285		0.87376			4
2025.12.08	01:31:08.188	0.87367	0.87374			6
2025.12.08	01:31:08.495	0.87365				2
2025.12.08	01:31:08.867	0.87364				2
2025.12.08	01:31:09.580	0.87365				2
2025.12.08	01:31:09.936	0.87366				2
2025.12.08	01:31:10.726	0.87365				2
2025.12.08	01:31:12.642	0.87364				2
2025.12.08	01:31:13.459	0.87363	0.87375			6
2025.12.08	01:31:13.768	0.87364				2
2025.12.08	01:31:14.102		0.87376			4
2025.12.08	01:31:14.488	0.87366				2
2025.12.08	01:31:14.800	0.87363	0.87371			6
2025.12.08	01:31:15.118	0.87355	0.87369			6
2025.12.08	01:31:15.506	0.87353	0.87368			6
2025.12.08	01:31:16.240	0.87355				2
2025.12.08	01:31:18.139	0.87361	0.87369			6
2025.12.08	01:31:18.455	0.87362				2
2025.12.08	01:31:18.789	0.87361				2
2025.12.08	01:31:19.495	0.87362				2
2025.12.08	01:31:19.867	0.87361	0.87368			6
2025.12.08	01:31:20.278	0.87360				2
2025.12.08	01:31:20.747	0.87361	0.87369			6
2025.12.08	01:31:21.086	0.87363				2
2025.12.08	01:31:22.242	0.87362				2
2025.12.08	01:31:23.298	0.87361				2
2025.12.08	01:31:23.819		0.87372			4
2025.12.08	01:31:25.681		0.87371			4
2025.12.08	01:31:26.003		0.87372			4
2025.12.08	01:31:27.835		0.87371			4
2025.12.08	01:31:30.281	0.87355	0.87367			6
2025.12.08	01:31:31.816	0.87353				2
2025.12.08	01:31:32.930		0.87366			4
2025.12.08	01:31:34.053		0.87367			4
2025.12.08	01:31:38.881	0.87347	0.87360			6
2025.12.08	01:31:39.203	0.87345	0.87361			6
2025.12.08	01:31:39.526		0.87360			4
2025.12.08	01:31:39.839	0.87346				2
2025.12.08	01:31:40.174	0.87347				2
2025.12.08	01:31:40.480		0.87359			4
2025.12.08	01:31:41.104	0.87349	0.87360			6
2025.12.08	01:31:41.422	0.87347				2
2025.12.08	01:31:42.074		0.87359			4
2025.12.08	01:31:45.379	0.87353	0.87364			6
2025.12.08	01:31:45.682		0.87362			4
2025.12.08	01:31:45.987	0.87355	0.87365			6
2025.12.08	01:31:46.292	0.87351	0.87362			6
2025.12.08	01:31:46.613	0.87355	0.87363			6
2025.12.08	01:31:47.970	0.87360	0.87362			6
2025.12.08	01:31:48.273	0.87357	0.87359			6
2025.12.08	01:31:48.905	0.87360	0.87362			6
2025.12.08	01:31:49.229	0.87361	0.87363			6
2025.12.08	01:31:51.436	0.87356	0.87367			6
2025.12.08	01:31:52.884		0.87368			4
2025.12.08	01:31:54.903	0.87355	0.87362			6
2025.12.08	01:31:55.271	0.87356	0.87368			6
2025.12.08	01:31:57.706	0.87357				2
2025.12.08	01:31:58.173	0.87354	0.87366			6
2025.12.08	01:31:58.552	0.87356	0.87367			6
2025.12.08	01:31:58.859		0.87368			4
2025.12.08	01:31:59.243		0.87364			4
2025.12.08	01:31:59.557	0.87354	0.87362			6
2025.12.08	01:31:59.870	0.87353				2
2025.12.08	01:32:00.177	0.87356	0.87363			6
2025.12.08	01:32:00.493		0.87364			4
2025.12.08	01:32:00.804	0.87355	0.87363			6
2025.12.08	01:32:02.424	0.87356	0.87362			6
2025.12.08	01:32:03.135		0.87364			4
2025.12.08	01:32:04.003	0.87352	0.87362			6
2025.12.08	01:32:04.459		0.87361			4
2025.12.08	01:32:05.536	0.87354				2
2025.12.08	01:32:05.843	0.87355				2
2025.12.08	01:32:07.650	0.87354				2
2025.12.08	01:32:09.130		0.87360			4
2025.12.08	01:32:10.359		0.87362			4
2025.12.08	01:32:10.669		0.87360			4
2025.12.08	01:32:11.890		0.87362			4
2025.12.08	01:32:12.210		0.87361			4
2025.12.08	01:32:13.765		0.87362			4
2025.12.08	01:32:24.319		0.87364			4
2025.12.08	01:32:24.638		0.87363			4
2025.12.08	01:32:25.086		0.87362			4
2025.12.08	01:32:28.182	0.87356	0.87363			6
2025.12.08	01:32:28.499	0.87357	0.87364			6
2025.12.08	01:32:29.272		0.87365			4
2025.12.08	01:32:33.007	0.87360	0.87367			6
2025.12.08	01:32:35.885	0.87359				2
2025.12.08	01:32:36.284		0.87366			4
2025.12.08	01:32:42.372		0.87367			4
2025.12.08	01:32:44.715	0.87360	0.87369			6
2025.12.08	01:32:45.621		0.87367			4
2025.12.08	01:32:45.925		0.87368			4
2025.12.08	01:32:55.097		0.87370			4
2025.12.08	01:32:57.222	0.87359	0.87368			6
2025.12.08	01:32:57.920	0.87361	0.87369			6
2025.12.08	01:32:58.262	0.87362				2
2025.12.08	01:32:58.580	0.87363	0.87372			6
2025.12.08	01:32:59.222		0.87373			4
2025.12.08	01:33:00.028	0.87363				2
2025.12.08	01:33:01.573		0.87371			4
2025.12.08	01:33:02.022		0.87372			4
2025.12.08	01:33:02.526	0.87364				2
2025.12.08	01:33:03.275	0.87362	0.87371			6
2025.12.08	01:33:03.608		0.87370			4
2025.12.08	01:33:04.419		0.87368			4
2025.12.08	01:33:05.494		0.87369			4
2025.12.08	01:33:05.877		0.87368			4
2025.12.08	01:33:06.581	0.87361	0.87367			6
2025.12.08	01:33:07.126	0.87360				2
2025.12.08	01:33:07.656	0.87365	0.87372			6
2025.12.08	01:33:07.961		0.87371			4
2025.12.08	01:33:08.279	0.87364				2
2025.12.08	01:33:08.731		0.87372			4
2025.12.08	01:33:09.212		0.87371			4
2025.12.08	01:33:09.612		0.87372			4
2025.12.08	01:33:10.768	0.87363				2
2025.12.08	01:33:11.072	0.87364	0.87371			6
2025.12.08	01:33:12.639	0.87363				2
2025.12.08	01:33:13.619	0.87364	0.87370			6
2025.12.08	01:33:14.251	0.87365	0.87371			6
2025.12.08	01:33:14.572	0.87363	0.87373			6
2025.12.08	01:33:14.887	0.87365	0.87371			6
2025.12.08	01:33:15.512	0.87363				2
2025.12.08	01:33:15.837	0.87364				2
2025.12.08	01:33:17.623	0.87363	0.87372			6
2025.12.08	01:33:17.938	0.87364	0.87370			6
2025.12.08	01:33:19.431	0.87357	0.87369			6
2025.12.08	01:33:19.771	0.87358				2
2025.12.08	01:33:20.123	0.87359				2
2025.12.08	01:33:20.438	0.87357				2
2025.12.08	01:33:21.013	0.87358	0.87368			6
2025.12.08	01:33:21.323	0.87356				2
2025.12.08	01:33:29.409	0.87357				2
2025.12.08	01:33:30.851	0.87358				2
2025.12.08	01:33:31.984	0.87360	0.87369			6
2025.12.08	01:33:32.325	0.87361				2
2025.12.08	01:33:36.226	0.87357	0.87370			6
2025.12.08	01:33:37.086		0.87369			4
2025.12.08	01:33:37.482	0.87358				2
2025.12.08	01:33:39.486		0.87368			4
2025.12.08	01:33:39.809		0.87369			4
2025.12.08	01:33:40.118	0.87359				2
2025.12.08	01:33:40.897	0.87357				2
2025.12.08	01:33:42.489		0.87368			4
2025.12.08	01:33:43.277	0.87360	0.87367			6
2025.12.08	01:33:43.712	0.87357	0.87368			6
2025.12.08	01:33:44.066	0.87358				2
2025.12.08	01:33:45.729	0.87360				2
2025.12.08	01:33:46.041	0.87361	0.87370			6
2025.12.08	01:33:46.395	0.87357	0.87366			6
2025.12.08	01:33:46.711	0.87360				2
2025.12.08	01:33:47.056	0.87361	0.87371			6
2025.12.08	01:33:48.318		0.87368			4
2025.12.08	01:33:56.577		0.87370			4
2025.12.08	01:33:57.289	0.87363	0.87369			6
2025.12.08	01:33:57.666	0.87360				2
2025.12.08	01:33:57.980	0.87363				2
2025.12.08	01:33:58.884		0.87370			4
2025.12.08	01:33:59.198	0.87355	0.87366			6
2025.12.08	01:34:00.097	0.87355	0.87367			6
2025.12.08	01:34:00.400		0.87365			4
2025.12.08	01:34:09.112		0.87366			4
2025.12.08	01:34:09.492		0.87367			4
2025.12.08	01:34:09.809		0.87365			4
2025.12.08	01:34:10.431		0.87367			4
2025.12.08	01:34:10.747	0.87357				2
2025.12.08	01:34:20.885		0.87366			4
2025.12.08	01:34:23.720		0.87367			4
2025.12.08	01:34:24.910		0.87365			4
2025.12.08	01:34:25.219	0.87356				2
2025.12.08	01:34:27.600		0.87364			4
2025.12.08	01:34:39.520	0.87359	0.87360			6
2025.12.08	01:34:42.884	0.87356	0.87364			6
2025.12.08	01:35:00.400	0.87355				2
2025.12.08	01:35:00.877	0.87356				2
2025.12.08	01:35:02.550	0.87357				2
2025.12.08	01:35:05.208		0.87363			4
2025.12.08	01:35:05.828		0.87364			4
2025.12.08	01:35:06.243	0.87356	0.87363			6
2025.12.08	01:35:06.564	0.87357	0.87364			6
2025.12.08	01:35:08.894		0.87363			4
2025.12.08	01:35:09.766		0.87364			4
2025.12.08	01:35:10.679	0.87356				2
2025.12.08	01:35:11.976	0.87357				2
2025.12.08	01:35:12.280	0.87356	0.87363			6
2025.12.08	01:35:14.160	0.87357	0.87364			6
2025.12.08	01:35:17.226		0.87363			4
2025.12.08	01:35:17.782		0.87365			4
2025.12.08	01:35:18.425	0.87358	0.87364			6
2025.12.08	01:35:18.788	0.87357				2
2025.12.08	01:35:19.124		0.87365			4
2025.12.08	01:35:19.442		0.87364			4
2025.12.08	01:35:20.099	0.87356	0.87361			6
2025.12.08	01:35:20.401	0.87357	0.87362			6
2025.12.08	01:35:20.708		0.87364			4
2025.12.08	01:35:21.036	0.87356	0.87363			6
2025.12.08	01:35:22.458	0.87357				2
2025.12.08	01:35:22.988	0.87359	0.87365			6
2025.12.08	01:35:26.754	0.87358				2
2025.12.08	01:35:28.151		0.87364			4
2025.12.08	01:35:28.752	0.87357	0.87363			6
2025.12.08	01:35:37.717	0.87359	0.87360			6
2025.12.08	01:35:38.020	0.87358	0.87361			6
2025.12.08	01:35:38.388		0.87363			4
2025.12.08	01:35:38.889	0.87359	0.87364			6
2025.12.08	01:35:39.213		0.87367			4
2025.12.08	01:35:39.529	0.87360				2
2025.12.08	01:35:40.080	0.87357	0.87366			6
2025.12.08	01:35:40.383	0.87361	0.87365			6
2025.12.08	01:35:41.091	0.87362	0.87368			6
2025.12.08	01:35:43.631		0.87367			4
2025.12.08	01:35:44.552	0.87363				2
2025.12.08	01:35:45.117		0.87368			4
2025.12.08	01:35:45.453		0.87367			4
2025.12.08	01:35:46.423	0.87362	0.87368			6
2025.12.08	01:35:47.949		0.87367			4
2025.12.08	01:35:48.273		0.87366			4
2025.12.08	01:35:48.754		0.87367			4
2025.12.08	01:35:50.751	0.87361				2
2025.12.08	01:35:51.923	0.87362	0.87366			6
2025.12.08	01:35:52.242		0.87367			4
2025.12.08	01:35:53.140	0.87357	0.87364			6
2025.12.08	01:35:53.492	0.87355	0.87363			6
2025.12.08	01:35:54.171	0.87358	0.87365			6
2025.12.08	01:36:00.067	0.87358				2
2025.12.08	01:36:08.217	0.87357	0.87364			6
2025.12.08	01:36:08.518	0.87358	0.87365			6
2025.12.08	01:36:08.881		0.87363			4
2025.12.08	01:36:10.231	0.87353	0.87357			6
2025.12.08	01:36:10.539		0.87360			4
2025.12.08	01:36:10.857	0.87355	0.87362			6
2025.12.08	01:36:11.247	0.87354				2
2025.12.08	01:36:25.401	0.87357				2
2025.12.08	01:36:27.208		0.87363			4
2025.12.08	01:36:27.606		0.87362			4
2025.12.08	01:36:27.960		0.87363			4
2025.12.08	01:36:29.285	0.87358				2
2025.12.08	01:36:32.164	0.87357				2
2025.12.08	01:36:34.856	0.87358				2
2025.12.08	01:36:36.914	0.87359				2
2025.12.08	01:36:37.264	0.87358				2
2025.12.08	01:36:37.594	0.87359				2
2025.12.08	01:36:37.912	0.87358				2
2025.12.08	01:36:43.936		0.87364			4
2025.12.08	01:36:45.999		0.87363			4
2025.12.08	01:36:46.332		0.87364			4
2025.12.08	01:36:53.097		0.87363			4
2025.12.08	01:36:53.665		0.87364			4
2025.12.08	01:36:54.392	0.87357				2
2025.12.08	01:36:59.286	0.87359				2
2025.12.08	01:37:00.067	0.87359				2
2025.12.08	01:37:05.885		0.87365			4
2025.12.08	01:37:09.598		0.87364			4
2025.12.08	01:37:11.557	0.87360	0.87365			6
2025.12.08	01:37:11.874		0.87364			4
2025.12.08	01:37:12.285	0.87358				2
2025.12.08	01:37:14.205	0.87359	0.87365			6
2025.12.08	01:37:15.354	0.87358				2
2025.12.08	01:37:15.829	0.87361				2
2025.12.08	01:37:16.236	0.87360				2
2025.12.08	01:37:18.148	0.87359				2
2025.12.08	01:37:18.558	0.87360	0.87366			6
2025.12.08	01:37:19.492	0.87359	0.87365			6
2025.12.08	01:37:19.912		0.87366			4
2025.12.08	01:37:20.229		0.87365			4
2025.12.08	01:37:21.937	0.87360				2
2025.12.08	01:37:22.251		0.87366			4
2025.12.08	01:37:26.087		0.87367			4
2025.12.08	01:37:29.009	0.87359	0.87365			6
2025.12.08	01:37:30.168	0.87360				2
2025.12.08	01:37:34.669	0.87359				2
2025.12.08	01:37:36.292	0.87357	0.87364			6
2025.12.08	01:37:37.835	0.87358				2
2025.12.08	01:37:38.153		0.87365			4
2025.12.08	01:37:38.519		0.87364			4
2025.12.08	01:37:39.243		0.87365			4
2025.12.08	01:37:43.622		0.87364			4
2025.12.08	01:37:43.940	0.87361	0.87366			6
2025.12.08	01:37:44.252	0.87360				2
2025.12.08	01:37:45.018		0.87365			4
2025.12.08	01:37:45.837	0.87361	0.87366			6
2025.12.08	01:37:50.421		0.87367			4
2025.12.08	01:38:01.012	0.87361				2
2025.12.08	01:38:05.605		0.87362			4
2025.12.08	01:38:07.576	0.87359	0.87361			6
2025.12.08	01:38:09.253	0.87357	0.87360			6
2025.12.08	01:38:09.681		0.87363			4
2025.12.08	01:38:10.180		0.87360			4
2025.12.08	01:38:10.535	0.87360	0.87362			6
2025.12.08	01:38:16.085	0.87359				2
2025.12.08	01:38:24.235	0.87362	0.87363			6
2025.12.08	01:38:27.219	0.87359	0.87362			6
2025.12.08	01:38:47.285	0.87358				2
2025.12.08	01:38:55.921	0.87357	0.87361			6
2025.12.08	01:38:56.277	0.87358	0.87362			6
2025.12.08	01:38:57.526	0.87359				2
2025.12.08	01:38:58.010	0.87358				2
2025.12.08	01:38:59.468	0.87359				2
2025.12.08	01:39:01.168	0.87358				2
2025.12.08	01:39:09.052	0.87359				2
2025.12.08	01:39:09.396	0.87358				2
2025.12.08	01:39:11.240	0.87360	0.87363			6
2025.12.08	01:39:11.558	0.87361				2
2025.12.08	01:39:13.367	0.87360	0.87362			6
2025.12.08	01:39:14.651		0.87363			4
2025.12.08	01:39:16.685	0.87361				2
2025.12.08	01:39:17.893	0.87360	0.87362			6
2025.12.08	01:39:20.674	0.87359				2
2025.12.08	01:39:20.977		0.87363			4
2025.12.08	01:39:24.785	0.87360				2
2025.12.08	01:39:29.595	0.87361				2
2025.12.08	01:39:31.253	0.87362	0.87364			6
2025.12.08	01:39:35.429	0.87363				2
2025.12.08	01:39:37.431	0.87361	0.87363			6
2025.12.08	01:39:37.740	0.87362				2
2025.12.08	01:39:39.476	0.87361				2
2025.12.08	01:39:40.192		0.87364			4
2025.12.08	01:39:40.827		0.87363			4
2025.12.08	01:39:41.454	0.87362				2
2025.12.08	01:39:42.805	0.87361				2
2025.12.08	01:39:44.055	0.87362				2
2025.12.08	01:39:44.752		0.87364			4
2025.12.08	01:39:47.875	0.87363				2
2025.12.08	01:39:56.286		0.87365			4
2025.12.08	01:40:00.535	0.87363				2
2025.12.08	01:40:02.856	0.87362	0.87364			6
2025.12.08	01:40:06.302	0.87361				2
2025.12.08	01:40:06.625		0.87365			4
2025.12.08	01:40:08.164	0.87362				2
2025.12.08	01:40:10.494	0.87363				2
2025.12.08	01:40:11.056	0.87362				2
2025.12.08	01:40:12.443	0.87363				2
2025.12.08	01:40:20.384		0.87364			4
